2784 4575
756 288 864 379 AD
903 287 964 343 e.
1001 287 1469 345 HERENNIUM
1500 288 1550 359 1,
1588 288 1791 343 9-11.
2252 274 2299 341 5
2393 365 2402 379 .

241 414 409 479 ditor
444 412 658 490 fuerit,
703 412 770 476 id
805 420 929 488 est,
978 410 1033 476 si
1069 412 1268 477 oratio
1314 412 1819 477 adversariorum
1852 410 2076 479 fecerit
2106 411 2299 477 fidem

243 508 663 573 auditoribus:
707 544 796 554 —
836 527 1046 589 neque
1090 506 1259 570 enim
1309 528 1440 572 non
1484 506 1669 571 facile
1724 506 1885 571 scire
1927 508 2294 592 poterimus,

243 602 542 685 quoniam
575 624 704 665 non
740 622 960 665 sumus
989 597 1207 677 nescii,
1245 600 1475 684 quibus
1510 600 1701 665 rebus
1729 600 1889 666 fides
1924 601 2063 667 fieri
2097 600 2299 665 soleat

241 731 330 745 ·-—-
371 716 524 782 ergo
573 694 629 759 si
680 693 873 758 fidem
915 692 1152 757 factam
1194 693 1589 779 putabimus,
1642 693 1743 759 his
1796 694 1987 758 rebus
2029 716 2147 760 nos
2198 694 2298 758 in-

239 788 636 854 sinuabimus
691 787 776 852 ad
825 808 1114 852 causam:
1169 787 1249 852 de
1295 808 1400 864 eo,
1456 787 1630 871 quod
1680 786 2027 851 adversarii
2067 786 2298 851 firmis·

240 882 473 947 simum
511 882 632 947 sibi
669 882 1099 947 adiumentum
1131 882 1520 967 putaverint,
1556 881 1830 967 primum
1862 905 1981 947 nos
2018 880 2297 947 dicturos

241 974 705 1063 pollicebimur3
763 976 844 1041 ab
889 975 1234 1040 adversarii
1288 975 1456 1041 dicto
1510 975 1933 1055 exordiemur,
1989 985 2055 1040 et
2096 975 2178 1039 ab
2220 996 2297 1041 eo

240 1070 537 1147 maxime,
576 1069 748 1152 quod
780 1068 886 1134 ille
921 1069 1280 1155 nuperrime
1311 1070 1542 1135 dixerit
1548 1094 1566 1147 3
1606 1070 1993 1136 dubitatione
2028 1080 2297 1146 utemur,

241 1162 398 1245 quid
437 1163 839 1249 potissimum
883 1163 1167 1228 dicamus
1178 1211 1196 1241 ,
1255 1175 1366 1228 aut
1410 1163 1513 1228 cui
1555 1164 1695 1231 loco
1729 1165 2004 1251 primum
2025 1168 2300 1251 'respon-

239 1257 507 1321 deamus
521 1306 540 1334 ,
603 1278 751 1321 cum
804 1256 1267 1334 adfirmatione3
1332 1257 1388 1321 si
1441 1258 1680 1323 defessi
1731 1269 1913 1323 erunt
1966 1258 2298 1336 audiendO,

243 1346 386 1436 [ab]
427 1349 638 1435 aliqua
669 1373 768 1427 re,
817 1372 979 1434 quae
1021 1350 1221 1415 risum
1255 1374 1511 1417 movere
1543 1352 1777 1437 possit,
1827 1348 1966 1438 [ab]
2006 1352 2299 1438 apologo,

243 1442 466 1507 fabula
506 1444 644 1507 veri
687 1444 902 1521 simili,
956 1443 1332 1523 imitatione,
1388 1445 1867 1531 depravatione,
1920 1446 2298 1522 inversione,

245 1535 623 1611 abiectione,
677 1534 1057 1621 suspitione,
1110 1536 1439 1613 inrisione,
1506 1537 1797 1614 stultitia,
1853 1538 2298 1623 superlatione,

241 1627 654 1705 conlectione,
681 1628 1030 1691 litterarum
1055 1628 1401 1693 mutatione
1412 1652 1431 1706 3
1461 1640 1791 1714 praeterea
1806 1631 2298 1716 exspectatione,

247 1720 684 1799 similitudine,
728 1721 1036 1799 novitate,
1083 1720 1373 1799 historia,
1431 1744 1648 1799 versu,
1694 1721 1959 1787 alicuius
2002 1722 2303 1807 interpel-

244 1814 480 1880 latione
516 1824 628 1878 aut
661 1814 1004 1892 adrisione3
1054 1814 1234 1879 aliter
1271 1836 1345 1879 ac
1376 1815 1583 1902 parati
1624 1815 1961 1893 fuerimus,
2003 1839 2121 1882 nos
2156 1836 2303 1879 esse

245 1908 525 1975 dicturos
535 1933 556 1987 3
601 1931 720 1973 nos
755 1931 888 1973 non
922 1908 1147 1974 eodem
1183 1910 1402 1986 modo,
1454 1920 1529 1973 ut
1562 1910 1753 1973 ceteri
1790 1910 2062 1987 soleant,
2108 1909 2305 1973 verba

243 2003 554 2081 facturos3
601 2001 755 2086 quid
791 2002 896 2066 alii
932 2002 1206 2079 soleant,
1252 2002 1408 2085 quid
1449 2025 1569 2068 nos
1614 2003 1844 2068 facturi
1888 2003 2115 2081 simus,
2160 2002 2305 2067 bre-

245 2098 407 2162 viter
442 2121 852 2184 exponemus.
939 2098 1104 2163 inter
1137 2098 1631 2164 insinuationem
1673 2108 1738 2165 et
1769 2097 2149 2185 principium
2182 2098 2306 2163 hoc

243 2192 535 2259 interest.
588 2193 969 2280 principium
1019 2192 1209 2258 huius
1263 2194 1438 2259 modi
1490 2193 1680 2259 debet
1732 2216 1904 2271 esse,
1968 2204 2040 2257 ut
2092 2192 2305 2259 statim

243 2298 462 2375 aperte
496 2289 874 2366 rationibus,
929 2287 1158 2372 quibus
1202 2289 1718 2376 perscripsimus,
1772 2298 1884 2353 aut
1922 2286 2305 2354 benevolum

247 2391 359 2445 aut
407 2392 717 2447 attentum
768 2392 879 2448 aut
931 2381 1202 2447 docilem
1253 2381 1563 2447 faciamus
1618 2383 1997 2459 auditorem,
2052 2391 2119 2446 at
2152 2381 2306 2446 insi-

245 2477 462 2543 nuatio
507 2478 644 2544 eius
697 2477 874 2543 modi
925 2478 1117 2542 debet
1158 2499 1331 2556 esse,
1383 2490 1459 2541 ut
1502 2478 1745 2544 occulte
1786 2499 1903 2563 per
1946 2475 2306 2542 dissimula-

247 2572 485 2637 tionem
545 2572 770 2636 eadem
821 2571 932 2636 illa
993 2571 1206 2636 omnia
1268 2570 1705 2648 conficiamus,
1770 2581 1843 2634 ut
1895 2571 1978 2634 ad
2038 2569 2306 2634 eandem

247 2664 760 2728 commoditatem
812 2663 880 2726 in
932 2663 1201 2727 dicendo
1254 2664 1587 2748 pervenire
1637 2664 1977 2749 possimus.
2083 2682 2307 2725 verum

249 2757 370 2820 hae
421 2777 526 2820 res
584 2753 946 2842 [utilitates]
1002 2756 1256 2819 tametsi
1305 2755 1373 2819 in
1424 2766 1559 2820 tota
1609 2755 1891 2820 oratione
1945 2764 2093 2819 sunt
2133 2775 2307 2818 com-

248 2848 597 2934 parandae,
644 2847 766 2912 hoc
802 2857 927 2925 est,
972 2858 1046 2911 ut
1091 2847 1411 2913 auditores
1456 2871 1598 2913 sese
1639 2859 1946 2935 perpetuo
1990 2847 2173 2913 nobis
2210 2856 2306 2910 at-

249 2954 484 3020 tentos,
533 2941 752 3007 docilis
765 2989 783 3020 ,
827 2941 1172 3007 benevolos
1206 2942 1580 3028 praebeant,
1626 2953 1840 3007 tamen
1873 2942 1941 3006 id
1973 2965 2088 3028 per
2123 2961 2305 3006 exor-

247 3037 424 3101 dium
461 3057 691 3102 causae
725 3035 1000 3101 maxime
1035 3037 1533 3146 comparandum
1568 3047 1684 3101 est.

374 3131 588 3209 Nunc,
632 3153 714 3195 ne
761 3130 1014 3214 quando
1048 3129 1277 3195 vitioso
1323 3131 1583 3197 exordio
1618 3141 1897 3208 utamur,
1953 3151 2115 3214 quae
2151 3093 2306 3192 vitia

248 3225 508 3291 vitanda
551 3225 705 3302 sint,
760 3224 1030 3290 docebo.
1086 3225 1476 3291 exordienda
1520 3247 1715 3290 causa
1758 3224 2141 3290 servandum
2183 3231 2300 3300 est,

247 3331 322 3385 ut
353 3321 514 3386 lenis
561 3319 645 3384 sit
687 3342 923 3399 sermo,
985 3330 1060 3384 ut
1100 3318 1336 3384 usitata
1376 3321 1714 3384 verborum
1761 3317 2181 3393 consuetudo,
2233 3326 2306 3379 ut

249 3436 381 3478 non
432 3413 736 3499 adparata
787 3413 988 3479 oratio
1031 3413 1322 3478 videatur
1374 3435 1539 3478 esse.
1626 3412 1925 3478 vitiosum
1977 3410 2305 3476 exordium

189 3505 194 3508 ’
249 3517 380 3583 est,
434 3507 607 3590 quod
654 3507 723 3570 in
772 3507 972 3592 pluris
1025 3528 1252 3574 causas
1305 3516 1521 3594 potest
1573 3505 2069 3581 adcommodari,
2133 3502 2305 3586 quod

251 3600 514 3688 volgare
549 3599 802 3678 dicitur3
855 3600 1010 3668 item
1043 3601 1342 3668 vitiosum
1377 3609 1505 3678 est,
1549 3621 1679 3684 quo
1712 3599 1910 3664 nihilo
1946 3598 2155 3662 minus
2192 3594 2304 3659 ad-

251 3693 568 3760 versarius
595 3702 810 3779 potest
831 3693 945 3771 uti,
974 3695 1146 3777 quod
1172 3716 1506 3761 commune
1534 3694 1911 3804 appellatum
1949 3692 2102 3755 item
2125 3688 2301 3763 illud,

248 3812 379 3872 quo
425 3787 824 3854 adversarius
869 3809 951 3852 ex
1002 3789 1315 3855 contrario
1363 3789 1597 3875 poterit
1638 3788 1759 3865 uti3
1811 3787 1964 3850 item
2006 3782 2305 3848 vitiosum

249 3894 380 3960 est,
444 3883 617 3967 quod
683 3877 974 3968 [nimium
1035 3883 1353 3970 apparatis
1415 3882 1628 3948 verbis
1691 3877 2111 3965 compositum
2162 3874 2298 3961 aut]

253 3976 518 4040 nimium
558 3977 821 4062 longum
864 3986 990 4054 est,
1047 3987 1110 4040 et
1154 3977 1324 4062 quod
1374 3998 1505 4042 non
1550 3997 1632 4040 ex
1664 3974 1807 4060 ipsa
1857 3991 2053 4036 causa
2082 3979 2303 4035 natum

259 4069 528 4150 videtur,
582 4081 655 4134 ut
703 4071 956 4158 proprie
1008 4070 1342 4138 cohaereat
1392 4091 1539 4136 cum
1581 4065 1964 4143 narratione3
2019 4075 2085 4131 et
2132 4063 2306 4150 quod

2340 2093 2436 2147 ‘1.

2340 2166 2389 2206 11
