2784 4575
441 277 565 343 116
953 245 958 252 ’
1049 287 1125 342 Μ.
1159 285 1429 344 ‘runnu
1464 281 1867 342 menuctus

437 423 541 488 tur
581 409 811 478 omnia.
899 429 1049 478 nam
1083 408 1256 493 quod
1291 405 1408 495 Sp.
1447 405 1726 474 Carvilio
1781 405 2060 495 graviter
2110 404 2505 472 claudicanti

436 530 519 573 ex
552 505 812 572 volnere
843 503 928 570 ob
961 525 1098 569 rem
1141 502 1463 589 publicam
1514 513 1774 589 accepto
1810 511 1875 567 et
1908 500 1992 568 ob
2036 521 2180 566 eam
2230 520 2503 566 causam

436 597 890 667 verecundanti
923 597 991 660 in
1023 597 1350 683 publicum
1381 596 1635 683 prodire
1678 605 1881 661 mater
1916 594 2077 660 dixit
2127 592 2312 678 ‘quin
2344 616 2503 680 pro-

435 693 564 772 dis,
615 693 705 758 mi
759 689 991 778 Spuri?
1041 691 1604 776 quotienscumque
1656 689 1927 778 gradum
1976 687 2203 767 facies,
2258 686 2500 754 totiens

435 787 552 854 tibi
591 798 844 852 tuarum
878 786 1181 852 virtutum
1229 785 1444 852 veniet
1492 786 1561 850 in
1609 795 1885 850 mentem
1894 782 1936 863 ‚'
1986 782 2385 870 praeclarum
2434 791 2505 847 et

435 903 630 968 grave
695 891 821 959 est,
883 879 1056 964 quod
1107 877 1378 946 Calvino
1434 877 1706 946 Glaucia.
1764 876 2143 944 claudicanti
2202 877 2343 941 ‘ubi
2393 885 2503 942 est

433 985 616 1041 vetus
642 974 827 1040 illud:
863 995 1018 1038 num
1049 972 1399 1038 claudicat?
1420 984 1500 1039 ‘at
1533 972 1637 1038 hic
1671 971 1964 1038 clodicat'
2002 971 2124 1036 hoc
2156 969 2500 1035 ridiculum

434 1079 536 1134 est
543 1095 561 1148 3
621 1065 742 1156 [et]
779 1078 1117 1152 utrumque
1151 1089 1233 1132 ex
1267 1089 1371 1146 eo,
1414 1067 1584 1150 quod
1616 1065 1684 1131 in
1719 1064 2173 1132 claudicatione
2208 1064 2499 1130 animad-

436 1162 599 1228 verti
639 1162 873 1248 potuit,
928 1172 1028 1228 est
1079 1161 1356 1225 ductum.
1449 1160 1631 1245 ‘quid
1670 1160 1795 1225 hoc
1832 1159 2077 1226 Naevio
2126 1157 2491 1244 ignavius?

437 1277 656 1323 severe
685 1253 932 1341 Scipi03
971 1264 1038 1320 at
1067 1255 1135 1319 iu
1169 1255 1336 1320 male
1365 1254 1639 1320 olentem
1675 1253 1887 1319 ‘video
1914 1275 2016 1318 me
2052 1275 2091 1318 a
2124 1262 2188 1318 te
2225 1251 2495 1316 circum-

435 1349 662 1414 veniri'
717 1349 1098 1416 subridicule
1131 1349 1499 1437 Philippus3
1556 1345 1679 1436 [at]
1726 1359 2063 1433 utrumque
2098 1371 2301 1435 genus
2338 1367 2495 1412 con-

323 1469 402 1510 250
435 1443 593 1510 tinet
626 1443 806 1510 verbi
840 1444 923 1509 ad
955 1443 1229 1509 litteram
1261 1443 1576 1508 immutati
1620 1442 1981 1509 similitudo·
2071 1465 2153 1508 ex
2189 1441 2491 1528 ambiguo

436 1539 606 1605 dicta
639 1540 742 1606 vel
779 1538 1186 1626 argutissima
1233 1548 1562 1626 putantur,
1620 1538 1736 1604 sed
1768 1561 1899 1604 non
1940 1559 2191 1623 semper
2224 1538 2291 1602 in
2324 1537 2489 1616 iocO,

436 1655 626 1720 saepe
661 1632 854 1698 etiam
885 1633 953 1698 in
987 1633 1298 1721 gravitate
1350 1642 1701 1698 versantur.
1788 1631 2095 1698 Africano
2140 1631 2233 1696 illi
2265 1631 2493 1698 maiori

433 1749 734 1796 coronam
787 1728 910 1795 sibi
941 1729 1009 1792 in
1053 1728 1343 1795 convivio
1388 1729 1472 1793 ad
1514 1737 1706 1814 caput
1754 1726 2287 1805 adcommodanti,
2342 1746 2491 1791 cum

433 1845 512 1888 ea
557 1823 810 1910 saepius
854 1832 1279 1908 rumperetur,
1329 1823 1411 1888 P.
1445 1821 1737 1888 Licinius
1770 1821 1985 1890 Varus
2039 1819 2197 1886 ‘noli
2230 1820 2485 1898 mirari‚'

430 1915 638 2000 inquit
673 1916 760 1980 ‘si
793 1939 922 1980 non
957 1915 1280 1993 convenit,
1337 1925 1529 2001 caput
1564 1915 1734 1980 enim
1765 1936 2083 2001 magnum·
2104 1914 2227 1980 est'
2262 1912 2487 2002 lauda-

432 2009 561 2074 bile
595 2020 661 2074 et
693 2009 1058 2085 honestum3
1113 2017 1180 2072 at
1212 2031 1294 2072 ex
1327 2009 1555 2074 eodem
1607 2031 1840 2095 genere
1878 2018 1978 2074 est
2028 2008 2272 2074 ‘calvus
2324 2008 2485 2074 satis

433 2103 588 2179 est,’
643 2100 815 2184 quod
867 2100 1016 2166 dicit
1065 2123 1310 2187 parum.
1416 2125 1498 2166 ne
1548 2102 1775 2168 multa:
1838 2102 2083 2168 nullum
2130 2123 2327 2188 genus
2382 2111 2488 2166 est

319 2214 397 2255 251
430 2194 571 2272 ioci,
609 2215 735 2277 quo
761 2217 890 2260 non
917 2216 1000 2258 ex
1027 2194 1251 2259 eodem
1279 2217 1505 2261 severa
1536 2205 1602 2262 et
1634 2195 1857 2283 gravia
1890 2207 2230 2262 sumantur.
2292 2197 2485 2278 atque

431 2287 555 2353 hoc
605 2286 798 2353 etiam
849 2287 1477 2357 animadvertendum
1527 2300 1653 2370 est,
1704 2314 1837 2357 nou
1888 2313 2031 2357 esse
2085 2291 2298 2361 omnia
2333 2290 2486 2355 ridi-

435 2381 578 2445 cula
610 2380 838 2447 faceta.
929 2382 1082 2465 quid
1115 2382 1286 2449 enim
1317 2395 1533 2471 potest
1566 2408 1709 2451 esse
1745 2396 1877 2451 tam
1927 2384 2261 2451 ridiculum
2296 2406 2487 2469 quam

431 2476 654 2542 sannio
690 2477 828 2541 est?
861 2476 978 2542 sed
1012 2499 1140 2555 ore,
1177 2478 1374 2557 voltu,
1408 2479 1731 2545 imitandis
1756 2480 2058 2557 moribus,
2095 2501 2271 2557 voce,
2310 2479 2487 2544 deni-

431 2591 555 2653 que
609 2592 870 2655 corpore
919 2570 1161 2637 ridetur
1211 2572 1384 2659 ips03
1448 2574 1688 2640 salsum
1740 2573 1912 2639 hunc
1960 2595 2226 2659 possum
2277 2572 2484 2637 dicere

433 2673 622 2747 atque
655 2662 774 2741 ita,
825 2687 958 2730 non
990 2673 1063 2729 ut
1097 2665 1234 2731 eius
1267 2665 1441 2733 modi
1477 2678 1791 2733 oratorem
1825 2688 1969 2733 esse
2003 2667 2222 2744 velim,
2270 2666 2383 2735 sed
2415 2677 2486 2730 ut

327 2765 396 2817 62
431 2756 714 2822 mimum.
820 2779 948 2841 qua
995 2780 1067 2823 re
1117 2757 1393 2844 primum
1444 2782 1649 2845 genus
1700 2759 1851 2839 hoc,
1912 2760 2085 2843 quod
2134 2760 2335 2825 risum
2384 2760 2487 2825 vel

429 2849 704 2914 maxime
737 2861 982 2927 movet,
1017 2874 1148 2917 non
1181 2863 1282 2918 est
1314 2862 1631 2919 nostrum:
1682 2876 2036 2932 morosum,
2092 2852 2485 2940 superstitio-

433 2962 602 3019 sum,
659 2944 1098 3029 suspitiosum,
1133 2946 1509 3031 gloriosum,
1564 2947 1854 3013 stultum:
1909 2957 2171 3013 naturae
2204 2948 2485 3013 ridentur

429 3033 638 3117 ipsae,
701 3055 859 3118 quas
913 3058 1220 3122 personas
1283 3041 1525 3127 agitare
1590 3041 1895 3117 solemne,
1958 3062 2086 3104 non
2150 3041 2486 3109 sustinere.

319 3148 397 3188 252
433 3128 700 3193 alterum
749 3152 954 3215 genus
1007 3142 1108 3198 est
1157 3134 1507 3201 imitatione
1559 3135 1899 3199 admodum
1950 3134 2345 3212 ridiculum„
2370 3136 2489 3202 sed

427 3220 612 3285 nobis
647 3221 865 3287 furtim
902 3233 1147 3291 tantum
1181 3233 1274 3293 uti
1305 3230 1469 3305 licet,
1508 3228 1563 3292 si
1598 3228 1869 3310 quande,
1906 3238 1972 3293 et
2006 3228 2269 3307 cursim;
2307 3229 2487 3297 aliter

429 3313 598 3377 enim
629 3314 888 3381 minime
923 3327 1022 3382 est
1065 3319 1326 3389 liberale
1331 3348 1352 3401 3
1406 3320 1685 3398 tertium,
1739 3320 1867 3385 oris
1905 3322 2303 3407 depravatio,
2356 3346 2485 3389 non

431 3406 628 3492 digna
674 3408 888 3487 uobis;
942 3424 1265 3495 quartum,
1319 3415 1708 3492 obscenitas,
1762 3438 1893 3481 non
1942 3417 2149 3483 solum
2180 3440 2313 3503 non
2346 3417 2485 3484 foro

429 3500 650 3585 digna,
707 3503 823 3567 sed
857 3504 966 3571 v-ix
1019 3510 1310 3578 convivio
1361 3510 1721 3577 liberorum.
1810 3510 2111 3578 detractis
2158 3500 2357 3601 igitur
2392 3523 2484 3578 tot

427 3592 618 3700 rebus
655 3615 738 3659 ex
769 3594 892 3662 hoc
943 3603 1216 3669 oratorio
1267 3604 1408 3670 ioco
1458 3604 1727 3669 facetiae
1774 3604 2057 3690 reliquae
2092 3618 2267 3685 sunt,
2322 3629 2483 3690 quae

431 3693 542 3749 aut
581 3708 650 3749 m
695 3710 798 3765 re,
847 3700 923 3756 ut
973 3704 1119 3761 ante
1171 3697 1385 3775 divisi,
1442 3696 1687 3783 positae
1737 3697 2035 3765 videntur
2086 3722 2231 3767 esse
2274 3700 2483 3766 autin

431 3778 653 3856 verbm
699 3803 850 3846 nam
883 3785 1082 3867 quod,
1122 3789 1622 3873 quibuscumque
1658 3790 1868 3857 verbis
1906 3792 2170 3871 dixeris,
2208 3794 2483 3859 facetum

429 3876 642 3977 tamen
699 3884 829 3951 est,
887 3898 957 3943 re
1019 3882 1400 3961 continetur3
1462 3884 1633 3967 quod
1692 3884 1949 3951 mutatis
2010 3886 2221 3952 verbis
2285 3888 2483 3951 salem

431 3972 685 4041 anuuit,
720 3965 790 4030 in
822 3971 1032 4037 verbis
1069 3973 1264 4040 habet
1296 3976 1579 4063 leporem
1611 4000 1885 4044 omnem.

317 4071 396 4111 za
547 4053 879 4141 Ambigua
910 4075 1060 4129 sunt
1090 4066 1158 4131 in
1191 4068 1411 4153 primis
1466 4082 1652 4137 acuta
1698 4082 1885 4155 atque
1920 4073 1987 4138 in
2022 4076 2217 4141 verbo
2252 4075 2477 4163 posita,
