2784 4575
808 301 911 356 DE
950 298 1315 356 ORATORE
1352 301 1428 355 11.
1463 300 1736 355 93-100.
2209 288 2296 355 81

244 435 655 514 persequatur
664 450 683 503 ;
742 424 913 507 quod
948 423 1004 488 si
1038 422 1141 487 hic
1176 434 1406 488 noster
1431 420 1750 508 Sulpicius
1787 422 2050 502 faceret,
2095 424 2295 490 multo

242 520 381 585 eius
428 519 625 584 oratio
654 525 843 583 'esset
884 516 1194 604 pressior3
1250 516 1319 581 in
1356 538 1486 600 qua
1526 536 1696 581 nunc
1729 516 2073 594 interdum,
2127 529 2200 580 ut
2231 516 2300 581 in

246 612 460 677 herbis
522 610 743 675 rustici
804 610 1013 675 solent
1071 608 1279 674 dicere
1330 608 1399 674 in
1462 632 1710 675 summa
1759 610 2073 687 ubertate,
2132 608 2300 675 inest

242 706 523 771 luxuries
560 705 897 789 quaedam,
952 724 1115 787 quae
1152 703 1295 769 stilo
1340 704 1742 790 depascenda
1785 702 1923 768 est?
2010 702 2115 767 hic
2150 700 2299 767 Sul.
2339 732 2394 775 ω

245 800 448 887 picius
486 806 619 865 ‘me
654 797 937 882 quidem’
974 796 1179 880 inquit
1214 802 1412 862 ‘recte
1445 819 1698 875 mones,
1741 796 1932 880 idque
1966 796 2123 861 mihi
2156 820 2302 883 gra-

244 906 383 957 tum
417 903 544 971 est3
603 893 720 958 sed
751 914 835 957 ne
871 903 933 956 te
968 890 1252 974 quidem,
1294 891 1570 967 Antoni,
1607 889 1876 954 multum
1910 890 2318 976 scriptitasse*

124 1038 129 1043 .
243 987 552 1053 arbitror?
644 996 779 1050 tum
828 986 937 1049 ille
993 985 1206 1068 ‘quasi
1257 984 1436 1049 vero*
1489 984 1694 1067 inquit
1727 989 1883 1049 ‘non
1935 1006 2013 1049 ea
2059 985 2301 1071 praeci-

244 1080 421 1165 piam
454 1079 623 1157 aliis,
676 1100 840 1162 quae
872 1077 1030 1142 mihi
1061 1079 1189 1164 ipsi
1224 1078 1462 1143 desint:
1517 1078 1634 1144 sed
1675 1088 1891 1143 tamen
1923 1100 2006 1144 ne
2052 1079 2300 1145 tabulas

244 1173 507 1255 quidem
539 1173 847 1238 conficere
884 1173 1235 1239 existimor:
1288 1196 1512 1237 verum
1546 1183 1612 1237 et
1642 1172 1710 1236 in
1743 1170 1866 1237 hoc
1899 1194 1982 1237 ex
2011 1194 2083 1237 re
2117 1172 2303 1236 fami-

245 1266 387 1331 liari
420 1288 567 1331 mea
601 1276 667 1331 et
696 1266 765 1331 in
796 1266 907 1331 illo
930 1288 1028 1331 ex
1061 1288 1166 1343 eo,
1206 1266 1377 1350 quod
1411 1265 1582 1344 dico,
1618 1264 1992 1348 quantulum
2023 1265 2091 1329 id
2126 1286 2302 1331 cum-
2347 1334 2367 1349 ,

242 1381 372 1443 que
419 1370 543 1437 est,
600 1360 751 1443 quid
783 1358 1017 1424 faciam
1056 1359 1320 1423 iudicari
1353 1368 1586 1445 potest.
1675 1368 1863 1442 atque
1907 1380 2051 1424 esse
2087 1369 2300 1425 tamen
2338 1384 2393 1425 98

252 1450 543 1539 [multos]
580 1454 869 1517 videmus
882 1502 901 1529 ,
959 1453 1067 1537 qui
1106 1452 1427 1517 neminem
1467 1452 1788 1516 imitentur
1822 1461 1888 1516 et
1921 1464 2144 1538 suapte
2186 1475 2301 1516 na-

244 1556 416 1622 tura,
488 1546 659 1629 quod
710 1545 936 1622 velint,
1002 1545 1139 1611 sine
1192 1546 1567 1629 cuiusquam
1617 1543 2024 1610 similitudine
2077 1566 2299 1611 conse-

243 1649 549 1722 quantun-3
586 1640 759 1722 quod
793 1650 859 1703 et
889 1640 958 1703 in
992 1639 1175 1704 vobis
1212 1639 1628 1704 animadverti
1661 1648 1831 1704 recte
1865 1648 2096 1725 potest,
2135 1636 2301 1703 an-

246 1754 356 1796 sar
406 1742 474 1795 et
526 1729 745 1810 Cotta3
806 1753 1076 1814 quorum
1128 1732 1287 1797 alter
1336 1731 1708 1797 inusitatum
1757 1732 1992 1797 nostris
2045 1730 2300 1815 quidem

242 1825 603 1891 oratoribus
638 1826 921 1912 leporem
955 1827 1273 1909 quendam
1307 1838 1372 1892 et
1407 1827 1635 1906 salem,
1674 1827 1832 1893 alter
1866 1826 2301 1893 acutissimum

243 1929 316 1983 et
340 1919 825 1983 subtilissimum
850 1920 1101 1985 dicendi
1128 1944 1333 2007 genus
1352 1930 1454 1985 est
1478 1930 1886 2000 consecutus3
1914 1942 2122 2005 neque
2147 1942 2296 1986 vero

249 2022 463 2077 vester
496 2013 777 2097 aequalis
816 2010 1043 2091 Curio,
1096 2025 1276 2099 patre
1312 2036 1458 2079 mea
1509 2015 1822 2080 sententia
1863 2014 1967 2079 vel
2002 2014 2301 2097 eloquen-

248 2105 496 2171 tissimo
541 2107 929 2193 temporibus
980 2107 1137 2185 illis,
1192 2128 1576 2192 quemquam
1625 2107 1782 2173 mihi
1823 2130 2056 2193 magno
2109 2129 2298 2194 opere

249 2200 499 2263 videtur
549 2201 808 2279 imitari3
869 2201 983 2284 qui
1033 2210 1247 2266 tamen
1296 2203 1635 2267 verborum
1693 2202 2004 2289 gravitate
2055 2211 2123 2266 et
2172 2202 2302 2265 ele-

246 2293 467 2377 gantia
509 2303 575 2357 et
617 2293 799 2380 copia
841 2317 1024 2359 suam
1076 2296 1398 2379 quandam
1449 2295 1763 2382 expressit
1803 2294 1986 2379 quasi
2029 2295 2298 2360 formam

247 2386 641 2470 figuramque
700 2387 981 2466 dicendi3
1042 2389 1217 2470 quod
1276 2410 1398 2474 ego
1459 2390 1734 2454 maxime
1794 2388 2072 2454 iudicare
2121 2388 2301 2473 potui

248 2477 319 2542 in
368 2500 447 2542 ea
506 2498 729 2556 causa,
793 2499 985 2562 quam
1044 2481 1151 2545 ille
1212 2491 1436 2546 contra
1483 2503 1586 2547 me
1648 2482 1819 2566 apud
1877 2479 2299 2549 centumviros

246 2593 365 2657 pro
408 2570 709 2635 fratribus
747 2567 971 2636 Cossis
1016 2571 1201 2651 dixit3
1246 2573 1315 2638 in
1361 2595 1488 2656 qua
1531 2573 1688 2636 nihil
1721 2572 1814 2636 illi
1851 2573 2076 2650 defuit,
2131 2571 2302 2655 quod

248 2686 383 2728 non
430 2663 622 2729 modo
676 2663 1002 2748 copiosus,
1066 2666 1184 2730 sed
1234 2665 1428 2730 etiam
1481 2663 1735 2752 sapiens
1807 2675 2020 2730 orator
2069 2664 2304 2729 habere

250 2757 537 2822 deberet.

370 2851 615 2916 Verum
638 2860 711 2915 ut
734 2848 1073 2935 aliquando
1100 2851 1185 2916 ad
1210 2873 1439 2917 causas
1471 2851 1858 2917 deducamus
1885 2850 2082 2929 illum,
2111 2871 2302 2933 quem
2335 2847 2408 2900 24

248 2943 664 3022 instituimus,
710 2954 775 3008 et
808 2967 919 3010 eas
954 2944 1240 3028 quidem,
1293 2945 1363 3010 in
1398 2945 1626 3030 quibus
1669 2944 2030 3031 plusculum
2063 2942 2302 3030 negotii
2342 2918 2396 2958 ⁹⁹

252 3046 378 3114 est,
431 3037 805 3103 iudiciorum
859 3050 1047 3123 atque
1098 3039 1305 3104 litium
1353 3075 1444 3088 -—-
1491 3039 1702 3104 riserit
1753 3038 1978 3122 aliquis
2031 3038 2302 3103 fortasse

251 3131 374 3197 hoc
407 3143 813 3220 praeceptum
823 3158 842 3210 3
888 3143 989 3199 est
1024 3133 1195 3198 enim
1227 3155 1358 3200 non
1394 3144 1526 3200 tam
1561 3144 1816 3198 acutum
1859 3154 2050 3216 quam
2082 3152 2304 3197 neces-

246 3225 489 3291 sarium
540 3227 873 3312 magisque
924 3226 1255 3294 monitoris
1290 3251 1422 3296 non
1464 3228 1623 3294 fatui
1664 3249 1857 3311 quam
1899 3225 2127 3292 eruditi
2169 3249 2306 3292 ma-

248 3317 434 3402 gistri
450 3353 539 3366 ——-
554 3319 677 3386 hoc
712 3321 771 3384 ei
794 3322 1069 3407 primum
1094 3322 1574 3409 praecipiemus,
1610 3342 2040 3406 quascumque
2075 3343 2306 3386 causas

250 3411 374 3474 erit
414 3420 824 3491 tractaturus,
878 3425 951 3479 ut
994 3437 1104 3480 eas
1141 3415 1476 3501 diligenter
1518 3417 1895 3502 penitusque
1939 3423 2301 3502 cognoscat.

252 3507 378 3570 hoc
424 3506 495 3570 in
553 3508 705 3572 ludo
766 3531 899 3574 non
956 3510 1365 3596 praecipitur3
1428 3512 1650 3578 faciles
1710 3510 1880 3576 enim
1939 3530 2172 3574 causae
2223 3507 2306 3571 ad
2342 3527 2418 3569 10⁰

250 3622 486 3686 pueros
518 3601 917 3668 deferuntur:
951 3604 1057 3668 lex
1080 3605 1488 3690 peregrinum
1513 3614 1689 3671 vetat
1713 3605 1782 3671 in
1807 3625 2058 3670 murum
2085 3603 2307 3668 ascen-

248 3695 403 3758 dere
415 3719 435 3772 3
486 3694 799 3775 ascendit3
845 3694 1049 3761 hostis
1082 3697 1386 3784 reppulitx
1433 3709 1784 3766 accusatur.
1875 3697 2032 3764 nihil
2065 3706 2163 3761 est
2196 3717 2310 3760 ne-

250 3790 413 3876 gotii
447 3790 585 3856 eius
619 3789 794 3855 modi
828 3810 1089 3856 causam
1136 3813 1555 3879 cognoscere3
1607 3801 1778 3858 recte
1810 3791 2004 3878 igitur
2035 3789 2193 3854 nihil
2229 3789 2310 3852 de

250 3904 450 3948 causa
493 3884 796 3949 discenda
827 3883 1225 3971 praecipiunt
1232 3910 1252 3963 ;
1314 3883 1502 3971 [haec
1537 3894 1638 3951 est
1672 3885 1840 3951 enim
1871 3885 1938 3950 in
1972 3884 2122 3950 ludo
2160 3903 2310 3949 cau-

256 3997 469 4040 sarum
494 3976 767 4042 formula
799 3975 983 4066 fere]
1058 3989 1125 4043 at
1157 4001 1307 4044 vero
1340 3979 1410 4044 in
1443 3979 1600 4051 foro
1620 3978 1892 4057 tabulae,
1929 3977 2306 4054 testimonia,

251 4079 459 4155 pacta,
514 4083 851 4160 conventa,
908 4072 1373 4160 stipulationes,
1436 4072 1874 4160 cognationes,
1929 4072 2308 4150 adfinitates,

361 4170 581 4215 Cicerone}
599 4173 682 4216 vol.
702 4169 759 4217 11.
1927 4179 1956 4229 6
