2784 4575
391 1105 472 1146 1⁷0

393 1760 472 1801 1¹11

391 2416 470 2457 1⁷2

401 3705 470 3761 47

393 3779 471 3820 1¹1³

507 196 641 263 234
1121 207 1202 264 M.
1240 207 1517 266 TULLu
1552 206 1953 266 CICERONIS

505 331 700 398 vicini
731 341 798 398 et
829 330 1172 398 familiares
1205 329 1334 396 mei
1341 377 1361 408 ,
1404 351 1539 396 non
1568 340 1700 395 tam
1733 330 1802 396 in
1836 330 2103 397 dicendo
2140 329 2603 410 admirabiles,

509 449 702 511 quam
736 426 908 492 docti
950 437 1017 492 et
1049 424 1318 492 Graecis
1361 423 1587 491 litteris
1633 436 1700 490 et
1731 424 2015 505 Latinis3
2062 422 2143 491 C.
2175 425 2603 492 Rusticelius

505 519 962 600 Bononiensis,
1021 519 1082 585 is
1133 519 1391 604 quidem
1444 528 1511 585 et
1560 519 1940 584 exercitatus
1994 529 2065 584 et
2110 529 2341 584 natura
2390 519 2601 585 volu-

504 613 651 680 bilis
663 639 684 692 3
737 613 1021 680 omnium
1065 624 1278 679 autem
1319 611 1879 697 eloquentissimus
1922 624 2106 678 extra
2137 611 2301 677 hanc
2344 613 2598 678 urbem

505 707 586 775 Τ.
629 709 940 774 Betucius
981 708 1226 774 Barrus
1272 706 1675 785 Asculanus,
1726 706 1905 772 cuius
1952 717 2103 772 sunt
2144 707 2393 791 aliquot
2436 729 2597 772 ora-
2703 693 2704 730 ³

503 801 710 869 tiones
735 802 966 868 Asculi
991 800 1265 880 habitae,
1301 813 1360 867 et
1381 801 1493 866 illa
1514 801 1763 868 Romae
1790 809 2010 866 contra
2036 797 2437 886 Caepionem
2464 824 2599 867 no-

504 892 650 960 bilis
695 917 878 974 sane,
932 895 1036 960 cui
1084 894 1354 961 orationi
1390 891 1735 982 Caepionis
1780 915 1891 960 ore
1942 893 2275 980 respondit
2314 893 2595 973 Aelius,

507 987 616 1073 qui
663 988 1042 1076 scriptitavit
1083 988 1403 1054 orationes
1452 987 1701 1067 multis,
1764 996 1977 1054 orator
2025 987 2167 1074 ipse
2218 1008 2591 1073 numquam

507 1081 646 1148 fuit.
735 1085 908 1171 apud
955 1083 1230 1149 maiores
1273 1093 1490 1149 autem
1538 1092 1792 1148 nostros
1836 1080 2025 1148 video
2078 1081 2589 1150 disertissimum

503 1174 792 1242 habitum
837 1201 920 1244 ex
951 1177 1146 1244 Latio
1180 1177 1265 1245 L.
1299 1176 1633 1264 Papirium
1662 1176 2116 1264 Fregellanum
2148 1177 2253 1243 Ti.
2292 1175 2587 1244 Gracchi

502 1269 584 1336 P.
617 1272 695 1337 F.
732 1271 866 1338 fere
909 1283 1146 1338 aetate.
1201 1273 1336 1338 eius
1381 1271 1575 1337 etiam
1618 1271 1821 1338 oratio
1866 1281 1967 1338 est
2006 1293 2125 1358 pro
2166 1270 2704 1358 Fregellanis

505 1363 892 1449 coloniisque
925 1365 1180 1432 Latinis
1215 1365 1493 1433 habita
1472 1388 1541 1431 ιιι
1584 1365 1848 1432 senatu?
1938 1375 2073 1430 tum
2104 1365 2351 1432 Brutus
2390 1368 2581 1451 ‘quid

501 1467 576 1522 tu
607 1456 826 1544 igitur'
879 1458 1086 1543 inquit
1138 1458 1392 1525 ‘tribuis
1426 1459 1567 1525 istis
1598 1459 1881 1526 externis
1926 1459 2110 1544 quasi
2144 1461 2576 1526 oratoribus?
2703 1467 2704 1470 ’

507 1552 690 1636 ‘quid
723 1552 973 1619 censes’
1027 1553 1288 1638 inquam
1332 1553 1485 1619 ‘nisi
1533 1554 1705 1620 idem
1748 1554 1922 1638 quod
1962 1554 2266 1620 urbanis?
2316 1567 2577 1642 praeter

504 1667 730 1724 unum,
794 1647 980 1758 quod·
1017 1670 1147 1714 non
1199 1659 1302 1714 est
1353 1669 1574 1714 eorum
1632 1648 1989 1714 urbanitate
2040 1648 2330 1758 ‘quadam
2380 1651 2575 1734 quasi

508 1742 788 1809 colorata
821 1741 1063 1809 oratio?
1153 1753 1223 1808 et
1248 1743 1568 1808 Brutus‘
1578 1742 1687 1827 qui
1721 1742 1847 1808 est'
1883 1741 2091 1825 inquit
2121 1742 2273 1808 ‘iste
2306 1744 2569 1808 tandem

502 1837 876 1904 urbanitatis
913 1836 1180 1906 color?
1205 1837 1500 1916 ‘nescio,’
1554 1837 1815 1926 inquam
1865 1843 2144 1902 ‘tantum
2186 1859 2327 1902 esse
2362 1858 2571 1919 quen-

505 1930 652 1996 dam
703 1931 854 1998 scio.
955 1930 1026 1996 id
1068 1941 1165 2009 tu,
1218 1931 1451 2010 Brute,
1504 1929 1635 1996 iam
1682 1929 2048 2016 intelleges,
2100 1951 2237 1994 cum
2280 1929 2349 1992 in
2394 1927 2560 1994 Gal-

503 2025 655 2091 liam
706 2025 984 2090 veneris·
969 2074 984 2090 .
1055 2025 1276 2092 audies
1328 2037 1401 2092 tu
1452 2025 1709 2110 quidem
1759 2024 1953 2090 etiam
2004 2025 2193 2090 verba
2239 2023 2567 2108 quaedam

503 2141 633 2183 non
677 2117 824 2184 trita
864 2118 1140 2198 Romae,
1197 2117 1311 2184 sed
1362 2119 1523 2184 haec
1564 2118 1795 2184 mutari
1846 2117 2211 2202 dediscique
2256 2129 2567 2204 possunt3

503 2210 661 2274 illud
711 2219 812 2274 est
861 2210 1066 2277 maius
1080 2259 1101 2290 ,
1163 2213 1336 2297 quod
1386 2213 1455 2276 in
1505 2212 1771 2278 vocibus
1822 2222 2185 2279 nostrorum
2245 2221 2565 2279 oratorum

501 2303 760 2369 retinnit
793 2304 1094 2388 quiddam
1128 2317 1194 2372 et
1223 2317 1483 2373 resonat
1532 2307 1865 2387 urbanius;
1917 2326 2038 2373 nec
2080 2306 2205 2373 hoc
2244 2306 2317 2371 in
2358 2316 2569 2373 orato-

503 2398 679 2465 ribus
715 2397 906 2467 modo
959 2411 1250 2488 apparet,
1306 2401 1425 2467 sed
1456 2402 1649 2467 etiam
1698 2402 1769 2467 in
1818 2400 2074 2466 ceteris.
2130 2422 2255 2487 ego
2306 2401 2569 2465 memini

505 2493 586 2559 Τ.
620 2494 891 2560 Tincam
921 2493 1368 2563 Placentinum
1420 2494 1743 2562 hominem
1786 2494 2248 2561 facetissimum
2290 2516 2438 2560 cum
2470 2496 2570 2559 fa-

503 2586 732 2653 miliari
793 2599 1012 2654 nostro
1065 2588 1149 2671 Q.
1205 2587 1450 2656 Granio
1510 2610 1823 2675 praecone
1886 2586 2219 2653 dicacitate
2282 2588 2561 2682 certa-re.²

504 2686 682 2758 ‘,eon
686 2680 942 2765 ’inquit
969 2681 1212 2749 Brutus
1251 2682 1358 2748 ‘de
1393 2702 1522 2765 quo
1556 2682 1757 2747 multa
1790 2680 2148 2747 Lucilius?
2206 2680 2361 2747 ‘isto
2394 2678 2561 2769 ipso:

505 2775 620 2840 sed
655 2774 922 2841 Tincam
955 2799 1087 2843 non
1119 2774 1328 2841 minus
1373 2776 1577 2841 multa
1624 2775 1886 2841 ridicule
1931 2775 2249 2842 dicentem
2285 2774 2561 2843 Granius

505 2868 810 2935 obruebat
861 2871 1078 2935 nescio
1125 2892 1252 2953 quo
1299 2894 1527 2957 sapore
1580 2871 1950 2949 vernaculo;
2001 2881 2074 2935 ut
2108 2892 2231 2957 ego
2274 2870 2407 2937 iam
2435 2894 2565 2938 non

504 2960 693 3027 mirer
725 2962 884 3029 illud
912 2962 1356 3049 Theophrasto
1396 2963 1725 3042 accidisse,
1762 2964 1937 3049 quod
1963 2962 2211 3044 dicitur,
2248 2986 2395 3030 cum
2416 2987 2569 3050 per·-

507 3065 866 3123 contaretur
899 3080 982 3123 ex
1017 3056 1268 3123 anicula
1300 3058 1579 3142 quadam
1626 3059 1849 3144 quanti
1892 3058 2129 3143 aliquid
2160 3058 2465 3125 venderet
2499 3070 2573 3123 et

501 3150 937 3235 respondisset
967 3149 1078 3215 illa
1113 3160 1302 3235 atque
1347 3152 1698 3219 addidisset
1749 3151 2063 3239 “hospes‚
2098 3174 2229 3219 non
2263 3162 2413 3237 pote
2442 3152 2573 3216 mi-

503 3243 675 3310 noris
687 3244 747 3323 ,’'
781 3244 1004 3311 tulisse
1039 3268 1194 3312 eum·
1219 3247 1487 3313 moleste
1522 3270 1595 3313 se
1629 3270 1759 3313 non
1794 3248 2077 3333 effugere
2112 3246 2383 3334 hospitis
2417 3270 2575 3333 spe-

506 3338 697 3415 ciem,
733 3360 878 3404 cum
913 3349 1185 3405 aetatem
1218 3352 1438 3427 ageret
1468 3340 1747 3407 Athenis
1784 3341 2145 3429 optimeque
2177 3340 2573 3425 loqueretur.

505 3432 761 3498 omnino
799 3432 919 3510 sic,
954 3443 1027 3499 ut
1061 3434 1311 3521 opinor,
1357 3436 1427 3499 in
1459 3435 1694 3501 nostris
1732 3447 1831 3501 est
1866 3436 2123 3519 quidam
2154 3434 2570 3513 urbanorum,

508 3526 672 3591 sicut
720 3525 850 3592 illic
893 3527 1256 3593 Atticorum
1313 3552 1531 3595 sonus.
1620 3529 1738 3595 sed
1780 3529 2039 3596 domum
2078 3528 2441 3606 redeamus,
2496 3528 2573 3593 id

507 3629 633 3698 est,
671 3620 753 3684 ad
786 3631 1040 3687 nostros
1073 3633 1484 3689 revertamur.

625 3713 900 3780 Duobus
944 3714 1138 3802 igitur
1183 3716 1478 3795 summis,
1534 3714 1777 3784 Crasso
1822 3728 1887 3783 et
1916 3716 2230 3793 Antonio,
2280 3715 2368 3781 L.
2402 3714 2574 3779 Phi-

506 3805 717 3893 lippus
771 3808 1098 3893 proximus
1152 3810 1523 3889 accedebat,
1580 3813 1695 3877 sed
1714 3811 1930 3898 longo
1979 3810 2309 3876 intervallo
2344 3820 2568 3873 tamen

505 3898 862 3983 proximus·
842 3947 862 3978 ,
915 3901 1129 3986 itaque
1181 3926 1358 3982 eum,
1414 3905 1535 3969 etsi
1587 3930 1775 3972 nemo
1826 3904 2278 3982 intercedebat,
2334 3901 2442 3985 qui
2490 3925 2573 3967 se

505 3990 602 4053 illi
661 3992 1026 4072 anteferret,
1089 4018 1295 4079 neque
1357 4000 1709 4065 secundum
1766 4010 1979 4065 tamen
2040 3999 2243 4082 neque
2304 3995 2565 4062 tertium
