2784 4575
371 541 444 596 26

379 613 436 655 33

358 2153 438 2193 100

347 3462 425 3503 101

478 212 608 280 218
1096 225 1172 280 11.
1209 202 1483 282 'runnu
1519 214 1917 282 3133331113

473 349 662 414 ritate
713 358 926 414 tamen
979 358 1043 420 et
1084 346 1290 435 gratia
1342 346 1775 413 sublevabant.
1869 345 2019 412 Sex.
2054 348 2351 436 Pompeii
2386 362 2535 416 sunt

481 442 716 530 scripta
747 462 868 508 nec
907 442 1096 507 nimis
1142 451 1511 519 extenuata,
1564 463 1947 526 quamquam
1990 453 2279 507 veterum
2314 453 2415 508 est
2448 445 2535 509 si-

477 536 672 615 milis,
711 546 776 603 et
807 534 1000 624 plena
1030 534 1425 622 prudentiae.
1511 535 1591 599 P.
1629 532 1939 601 Crassum
1973 534 2160 602 valde
2192 536 2537 646 probatum

478 641 792 698 oratorem
835 629 1080 696 eisdem
1122 627 1258 694 fere
1299 608 1691 715 temporibus
1737 628 2123 715 accepimus,
2179 629 2287 714 qui
2328 640 2397 696 et
2435 631 2539 696 in-

476 725 666 812 genio
702 724 900 789 valuit
935 733 1000 789 et
1035 723 1246 790 studio
1281 733 1346 789 et
1388 723 1611 788 habuit
1652 724 1961 807 quasdam
2004 723 2197 789 etiam
2230 725 2538 793 domesti-

476 841 586 885 cas
639 817 1024 905 disciplinas.
1103 840 1253 882 nam
1289 827 1354 882 et
1398 838 1543 882 cum
1597 839 1843 884 summo
1893 816 2001 884 illo
2054 829 2333 898 oratore,
2388 817 2533 886 Ser.

479 911 718 991 Galba,
756 913 933 977 cuius
973 909 1050 978 C.
1087 911 1219 978 filio
1251 911 1450 976 filiam
1485 934 1665 976 suam
1700 911 2169 991 conlocaverat‚
2206 911 2537 980 adfinitate

479 1027 622 1072 sese
667 1006 1039 1072 devinxerat
1083 1015 1147 1070 et
1191 1026 1336 1070 cum
1377 1015 1553 1070 esset
1582 1004 1662 1071 P.
1697 1004 1901 1071 Μ11311
1942 1005 2109 1071 filius
2144 1005 2533 1092 fratremque

476 1099 740 1165 haberet
779 1099 860 1165 P.
909 1097 1327 1176 Scaevolam,
1371 1098 1605 1164 domi
1585 1121 1685 1164 ms
1740 1098 1921 1165 civile
1974 1111 2377 1186 cognoverat.
2463 1101 2535 1166 in

477 1216 554 1258 eo
589 1193 964 1258 industriam
1001 1203 1250 1258 constat
1293 1215 1606 1257 summam
1640 1191 1841 1258 fuisse
1882 1193 2349 1278 maximamque
2381 1203 2539 1280 'gra-

475 1287 656 1362 tiam,
705 1308 850 1350 cum
893 1296 959 1352 et
1001 1285 1435 1352 consuleretur
1476 1284 1818 1372 plurimum
1853 1296 1918 1351 et
1959 1285 2214 1352 diceret.
2300 1287 2533 1354 horum

474 1378 786 1444 aetatibus
840 1379 1118 1445 adiuncti
1172 1379 1297 1444 duo
1344 1375 1423 1444 C.
1466 1378 1703 1445 Fannii
1722 1377 1799 1445 C.
1822 1389 1889 1445 et
1928 1379 2025 1444 M.
2055 1380 2194 1444 filii
2244 1381 2533 1448 fuerunt:

475 1493 744 1556 quorum
789 1470 915 1538 Gai
957 1473 1154 1550 filius,
1209 1472 1320 1557 qui
1362 1472 1585 1538 consul
1628 1493 1773 1538 cum
1804 1472 2089 1539 Domitio
2132 1474 2282 1552 fuit,
2335 1497 2532 1540 unam

475 1566 823 1634 orationem
867 1567 946 1632 de
991 1567 1180 1633 sociis
1225 1577 1290 1632 et
1332 1566 1588 1632 nomine
1622 1565 1861 1632 Latino
1904 1576 2122 1632 contra
2166 1566 2533 1634 Gracchum

470 1659 725 1745 reliquit
769 1682 922 1726 sane
967 1672 1032 1726 et
1074 1661 1310 1727 bonam
1354 1672 1421 1726 et
1462 1659 1781 1727 nobilem.'
1869 1671 2003 1725 tum
2036 1661 2291 1727 Atticus
2347 1663 2532 1746 ‘quid

473 1755 666 1840 ergo?
719 1765 899 1820 estne
949 1755 1076 1819 ista
1103 1754 1374 1820 Fannii?
1424 1777 1576 1821 nam
1620 1754 1795 1819 varia
1836 1753 2049 1840 opinio
2091 1753 2305 1864 poneris
2340 1756 2531 1821 nobis

467 1858 636 1914 erat:
700 1847 806 1913 alii
858 1871 899 1913 a
950 1846 1028 1914 C.
1082 1846 1310 1913 Persio
1371 1847 1645 1914 litterato
1707 1847 1961 1914 homine
2024 1848 2321 1936 scriptam
2380 1871 2543 1936 esse=

475 1941 754 2019 aiebant,
807 1941 946 2018 illo,
1001 1963 1190 2025 quem
1235 1941 1553 2028 significat
1605 1943 1789 2008 valde
1845 1943 2099 2008 doctum
2142 1965 2283 2008 esse
2324 1943 2529 2006 Luci-

471 2033 624 2113 lius3
662 2035 770 2100 alii
803 2035 1034 2100 multos
1070 2034 1328 2112 nobilis,
1368 2035 1539 2118 quod
1576 2035 1841 2119 quisque
1874 2036 2215 2123 potuisset,
2250 2035 2317 2100 in
2348 2034 2528 2100 illam

469 2129 822 2195 orationem
875 2127 1258 2194 contulisse?
1325 2139 1502 2193 ’tum
1556 2151 1677 2215 ego
1734 2129 1979 2194 ‘audivi
2030 2129 2322 2213 equidem
2371 2129 2528 2194 ista’

468 2222 730 2309 inquam
765 2222 874 2287 ‘de
908 2221 1250 2287 maioribus
1287 2230 1467 2299 natu,
1508 2223 1622 2287 sed
1656 2244 2001 2307 numquam
2038 2245 2180 2289 sum
2213 2222 2527 2289 adductus

469 2327 542 2381 ut
575 2316 926 2394 crederem3
983 2337 1248 2399 eamque
1293 2316 1709 2403 suspitionem
1750 2328 2009 2404 propter
2052 2317 2218 2383 hanc
2264 2340 2528 2383 causam

469 2411 658 2477 credo
710 2410 936 2488 fuisse,
1000 2410 1170 2495 quod
1221 2410 1505 2477 Fannius
1564 2412 1633 2475 in
1683 2411 2103 2478 mediocribus
2170 2412 2529 2478 oratoribus

469 2503 721 2570 habitus
758 2514 874 2581 est,
913 2504 1112 2570 oratio
1149 2513 1362 2569 autem
1398 2504 1499 2571 vel
1536 2505 1775 2591 optima
1796 2516 1897 2570 est
1930 2505 2039 2571 illo
2076 2505 2331 2589 quidem
2368 2515 2529 2569 tem-

465 2620 622 2684 pore
674 2597 1029 2664 orationum
1081 2598 1390 2675 omnium:
1447 2598 1561 2663 sed
1611 2619 1730 2663 nec
1784 2599 1918 2664 eius
1970 2598 2143 2664 modi
2194 2609 2319 2676 est,
2372 2608 2444 2663 ut
2486 2622 2528 2663 3

464 2691 752 2778 pluribus
807 2693 1076 2759 confusa
1125 2693 1443 2771 videatur3
1496 2717 1661 2760 unus
1716 2694 1885 2759 enim
1938 2718 2133 2759 sonus
2178 2704 2279 2759 est
2328 2695 2525 2760 totius

463 2785 766 2851 orationis
804 2798 868 2851 et
907 2787 1078 2852 idem
1123 2786 1336 2866 stilus3
1389 2809 1509 2853 nec
1553 2789 1632 2853 de
1665 2787 1891 2854 Persio
1924 2787 2284 2854 reticuisset
2321 2786 2525 2855 Grac-

465 2875 672 2954 chus‚’
717 2899 860 2943 cum
928 2881 986 2945 ei
1035 2880 1322 2947 Fannius
1379 2883 1457 2947 de
1512 2882 1813 2948 Menelao
1863 2881 2249 2947 Maratheno
2311 2891 2376 2948 et
2438 2883 2522 2949 de

462 2970 690 3037 ceteris
748 2972 1115 3050 obiecisset,
1185 2975 1561 3060 praesertim
1622 2996 1767 3039 cum
1826 2975 2111 3041 Fannius
2173 2997 2520 3060 numquam

463 3064 547 3130 sit
595 3064 849 3131 habitus
895 3066 1197 3151 elinguis3
1251 3091 1402 3133 nam
1454 3079 1519 3134 et
1570 3090 1795 3135 causas
1842 3068 2250 3136 defensitavit
2300 3080 2365 3137 et
2410 3075 2521 3135 tri·

461 3158 734 3225 bunatus
781 3160 917 3225 eius
965 3159 1223 3225 arbitrio
1279 3172 1343 3225 et
1400 3162 1767 3227 auctoritate
1828 3162 1907 3228 P.
1950 3164 2245 3229 Africani
2295 3174 2522 3251 gestus

459 3272 590 3318 non
624 3253 931 3319 obscurus
967 3252 1106 3317 fuit.
1197 3253 1354 3318 alter
1389 3266 1601 3319 autem
1639 3253 1717 3322 O.
1750 3256 2037 3322 Fannius
2072 3258 2171 3323 M.
2206 3258 2396 3338 filius,
2436 3257 2519 3325 C.

459 3344 670 3412 Laelii
713 3368 936 3455 gener,
992 3356 1056 3411 et
1101 3348 1382 3414 moribus
1430 3360 1494 3414 et
1535 3350 1676 3435 ipso
1726 3372 1959 3437 genere
1997 3352 2247 3419 dicendi
2283 3354 2518 3421 durior.

457 3437 514 3503 is
559 3439 762 3505 soceri
804 3438 1093 3506 instituto
1127 3474 1216 3490 —-
1259 3464 1475 3525 quem,
1530 3444 1678 3527 quia
1720 3454 2050 3530 cooptatus
2094 3446 2163 3513 in
2206 3470 2519 3534 augurum

459 3532 816 3617 conlegium
851 3554 981 3598 non
1015 3544 1178 3612 erat,
1223 3558 1354 3602 non
1389 3537 1732 3603 admodum
1768 3538 2099 3624 diligebat,
2143 3542 2518 3627 praesertim

457 3644 604 3687 cum
635 3624 742 3691 ille
778 3624 864 3706 Q.
895 3623 1272 3693 Scaevolam
1306 3629 1429 3693 sibi
1462 3630 1771 3696 minorem
1803 3642 1958 3697 natu
1991 3652 2299 3719 generum
2329 3656 2516 3721 prae-

455 3717 744 3784 tulisset:
797 3719 900 3784 cui
943 3730 1158 3786 tamen
1191 3722 1458 3787 Laelius
1497 3748 1567 3789 se
1604 3746 1915 3790 excusans
1957 3749 2090 3792 non
2122 3749 2361 3815 genero
2394 3727 2515 3791 mi-

455 3811 595 3877 nori
631 3806 789 3877 dixit
825 3834 894 3877 se
927 3812 1104 3891 illud,
1142 3804 1259 3880 sed
1291 3816 1514 3881 maiori
1546 3818 1713 3897 61133
1749 3819 2054 3886 detulisse
2084 3854 2174 3869 --
2205 3821 2263 3887 13
2298 3831 2515 3887 tamen

455 3902 744 3969 instituto
777 3905 992 3969 Laelii
1023 3908 1406 3974 Panaetium
1450 3912 1795 3979 audiverat.
1884 3913 2020 3980 eius
2065 3914 2271 3981 omnis
2313 3914 2382 3979 in
2417 3914 2516 3978 di-

455 3994 658 4071 cendo
717 3995 985 4062 facultas
1048 3999 1313 4068 historia
1371 4002 1570 4089 ipsius
1630 4026 1760 4072 non
1819 4005 2213 4093 ineleganter
2276 4008 2513 4095 scripta
