2784 4575
509 244 639 310 214
1122 253 1201 312 Μ.
1241 254 1514 313 TULLu
1550 253 1953 313 CICERONIS

509 391 608 446 tra
649 379 753 446 Ti.
799 377 1164 446 Gracchum
1216 379 1509 466 exposita
1560 389 1659 445 est
1700 377 1767 444 in
1814 373 1893 444 C.
1935 373 2167 444 Fannii
2202 374 2572 442 annalibus.

413 500 466 540 ει
509 485 646 539 tum
687 473 828 559 ipse
861 473 946 566 L.
985 471 1181 540 Cotta
1222 485 1540 540 veterator
1583 473 1869 552 habitus,
1924 470 2039 538 sed
2074 467 2155 538 C.
2189 469 2457 536 Laelius
2502 482 2574 536 et

506 567 588 634 P.
632 566 980 634 Africanus
1013 568 1083 632 in
1113 567 1336 654 primis
1373 568 1741 652 eloquentes
1754 614 1773 644 ,
1826 587 2093 650 quorum
2135 573 2394 630 exstant
2426 587 2582 631 ora-

509 661 746 740 tiones,
799 684 883 728 ex
936 662 1165 746 quibus
1210 661 1563 750 existimari
1602 661 1684 728 de
1734 659 2009 748 ingeniis
2062 681 2284 726 eorum
2331 669 2579 748 potest.

508 755 626 821 sed
674 755 838 821 inter
889 755 1008 822 hos
1063 764 1270 820 aetate
1320 754 1584 842 paulum
1637 754 1729 821 eis
1786 753 2168 822 antecedens
2221 753 2359 820 sine
2414 773 2579 820 con-

507 847 819 914 troversia
855 846 995 915 Ser.
1034 847 1249 915 Galba
1282 847 1645 933 eloquentia.
1682 848 1999 934 praestitit
2005 874 2026 928 ;
2079 858 2145 914 et
2176 847 2479 914 nimirum
2509 847 2573 913 is

507 939 804 1027 princeps
858 963 940 1006 ex
982 941 1236 1006 Latinis
1289 940 1401 1007 illa
1451 952 1774 1008 oratorum
1823 942 2102 1028 propria.
2134 952 2203 1006 et
2250 941 2437 1024 quasi
2478 940 2586 1008 le·-

464 1110 469 1116 ‚
508 1033 732 1122 gitima
782 1055 977 1120 opera
1036 1035 1359 1110 tractavit,
1418 1043 1493 1098 ut
1545 1035 1951 1117 egrederetur
2000 1055 2041 1100 a
2088 1034 2415 1126 proposito
2467 1056 2585 1101 or—

505 1128 702 1193 nandi
751 1148 973 1206 causa,
1034 1137 1109 1192 ut
1159 1126 1504 1193 delectaret
1554 1127 1799 1193 animos
1812 1175 1835 1206 ,
1893 1139 1967 1192 ut
2017 1139 2445 1213 permoveret,
2495 1141 2577 1193 ut

509 1232 771 1307 augeret
830 1243 997 1298 rem,
1057 1230 1131 1286 ιιι
1182 1220 1723 1299 miserationibus,
1781 1232 1857 1286 ut
1915 1223 2354 1286 communibus
2402 1221 2582 1286 locis

507 1323 816 1379 uteretur:
881 1314 995 1380 sed
1059 1315 1278 1381 nescio
1341 1335 1468 1400 quo
1529 1315 1721 1380 modo
1784 1313 2001 1392 huius,
2065 1336 2255 1399 quem
2313 1323 2574 1380 constat

508 1407 868 1493 eloquentia
924 1409 1350 1496 praestitisse,
1412 1409 1705 1477 exiliores
1768 1409 2084 1477 orationes
2147 1419 2296 1475 sunt
2345 1419 2410 1475 et
2466 1432 2578 1476 re-

507 1503 793 1569 dolentes
845 1504 1052 1590 magis
1107 1505 1547 1589 antiquitatem
1598 1527 1790 1590 quam
1841 1515 1952 1570 aut
1999 1504 2213 1570 Laelii
2264 1514 2373 1570 aut
2424 1501 2579 1570 Sci-

503 1595 713 1683 pionis
759 1608 870 1663 aut
911 1597 1104 1664 etiam
1144 1598 1347 1686 ipsius
1385 1597 1682 1680 Catonis3
1734 1600 1949 1684 itaque
1992 1608 2401 1676 exaruerunt,
2456 1598 2573 1664 vix

504 1691 634 1757 iam
666 1702 741 1757 ut
773 1703 1141 1779 appareant.

411 1807 467 1850 88
623 1785 731 1851 De
779 1787 985 1874 ipsius
1028 1787 1240 1854 Laelii
1281 1799 1348 1854 et
1392 1787 1712 1877 Scipionis
1762 1788 2020 1877 ingenio
2064 1809 2449 1873 quamquam
2490 1808 2578 1852 ea

506 1890 607 1945 est
638 1878 830 1958 fama,
866 1892 938 1946 ut
969 1881 1314 1968 plurimum
1348 1884 1662 1966 tribuatur
1697 1883 2028 1961 ambobus,
2066 1881 2319 1947 dicendi
2351 1892 2579 1946 tamen

501 1972 643 2038 laus
680 1985 779 2038 est
812 1974 880 2038 in
906 1974 1137 2039 Laelio
1167 1975 1495 2042 ‘inlustrior
1503 2003 1522 2055 3
1560 1987 1627 2042 at
1660 1977 1861 2043 oratio
1894 1975 2107 2041 Laelii
2142 1976 2222 2041 de
2258 1973 2575 2062 conlegiis

502 2088 633 2130 non
676 2067 900 2132 melior
952 2088 1144 2149 quam
1188 2068 1268 2133 de
1311 2069 1528 2134 multis
1574 2092 1765 2154 quam
1809 2071 1986 2137 voles
2032 2067 2382 2156 Scipionis3
2435 2090 2579 2134 non

505 2178 630 2239 quo
664 2157 776 2224 illa
808 2160 1022 2226 Laelii
1056 2161 1397 2247 quicquam
1432 2165 1516 2230 sit
1550 2165 1798 2232 dulcius
1836 2178 1948 2233 aut
1980 2187 2107 2250 quo
2142 2164 2223 2230 de
2256 2163 2579 2251 religione

503 2250 627 2315 dici
660 2253 868 2339 possit
909 2256 1271 2343 augustius,
1315 2259 1436 2325 sed
1476 2260 1676 2328 multo
1722 2273 1941 2329 tamen
1974 2258 2280 2327 vetustior
2315 2271 2380 2326 et
2414 2258 2573 2325 hor-

500 2344 696 2412 ridior
735 2346 843 2414 ille
890 2371 1080 2434 quam
1117 2350 1366 2440 Scipi03
1422 2365 1514 2434 et,
1567 2378 1715 2421 cum
1759 2357 1887 2423 sint
1927 2356 1998 2423 in
2040 2355 2307 2422 dicendo
2349 2353 2581 2420 variae

502 2440 893 2523 voluntates,
957 2446 1258 2514 delectari
1307 2449 1467 2516 mihi
1516 2452 1723 2540 magis
1777 2452 2148 2537 antiquitate
2200 2451 2447 2517 videtur
2500 2460 2577 2515 et

498 2533 769 2602 libenter
825 2540 1036 2607 verbis
1091 2543 1281 2609 etiam
1332 2544 1429 2609 uti
1478 2545 1669 2633 paulo
1722 2546 1927 2634 magis
1983 2545 2211 2634 priscis
2263 2542 2529 2609 Laelius
2543 2568 2577 2608 t

405 2650 460 2691 ει
504 2630 620 2694 sed
655 2642 754 2697 est
786 2654 926 2700 mos
964 2634 1319 2717 hominum,
1364 2651 1441 2706 ut
1472 2640 1676 2706 nolint
1720 2641 1992 2707 eundem
2037 2639 2325 2727 pluribus
2366 2637 2568 2703 rebus

501 2724 840 2805 excellere3
893 2751 1045 2795 nam
1086 2742 1161 2796 ut
1200 2755 1283 2799 ex
1333 2734 1565 2801 bellica
1592 2730 1801 2801 =laude
1855 2735 2136 2823 aspirare
2178 2734 2262 2800 ad
2304 2732 2579 2797 Africa-

497 2838 652 2881 num
699 2842 886 2887 nemo
935 2836 1180 2909 potest,
1232 2825 1301 2891 in
1349 2850 1478 2912 qua
1518 2829 1662 2917 ipsa
1704 2829 2035 2918 egregium
2065 2826 2342 2898 Viriathi
2390 2824 2573 2892 bello

495 2912 845 2997 reperimus
897 2916 1100 2983 fuisse
1153 2919 1481 3001 Laelium3
1536 2924 1629 2989 sic
1677 2923 1943 3010 ingenii,
1994 2923 2374 3001 litterarum,
2429 2920 2573 2986 elo-

499 3006 821 3086 quentiae,
870 3012 1217 3096 sapientiae
1253 3014 1526 3100 denique
1563 3017 1683 3082 etsi
1717 3018 1966 3101 utrique
2000 3017 2268 3104 primas,
2313 3015 2566 3102 priores

499 3108 713 3164 tamen
748 3101 1018 3169 libenter
1054 3106 1347 3173 deferunt
1380 3109 1630 3189 Laelio,
1665 3133 1786 3177 nec
1818 3111 1974 3177 mihi
2010 3121 2363 3177 ceterorum
2395 3108 2569 3173 iudi-

499 3189 597 3255 cio
642 3193 848 3260 solum
899 3197 1175 3278 videtur,
1231 3203 1347 3267 sed
1391 3204 1605 3269 etiam-
1635 3204 1920 3290 ipsorum
1954 3204 2135 3271 ‚inter
2184 3205 2361 3290 ipsos
2408 3224 2571 3269 con-

405 3306 458 3349 ss
501 3303 690 3351 cessu
729 3288 822 3353 ita
865 3290 1168 3358 tributum
1211 3293 1433 3363 fixisse.
1522 3309 1659 3364 erat
1690 3299 1947 3365 omnino
1991 3310 2127 3363 tum
2161 3319 2333 3376 mos,
2386 3307 2459 3362 Ut
2491 3296 2565 3361 51²

495 3378 754 3463 reliquis
787 3382 979 3449 rebus
1005 3386 1248 3467 melior,
1286 3389 1380 3457 sic
1411 3391 1480 3457 in
1513 3390 1637 3459 hoc
1670 3393 1812 3481 ipso
1839 3392 2192 3469 humanior,
2227 3402 2301 3455 ut
2333 3389 2563 3455 faciles

392 3483 463 3537 22
497 3484 715 3541 essent
746 3474 815 3541 in
852 3500 1039 3543 suum
1075 3481 1301 3565 cuique
1330 3484 1684 3553 tribuendo.
1771 3486 2079 3553 memoria
2112 3497 2299 3551 teneo
2329 3484 2563 3569 Smyr-

495 3587 616 3631 nae
658 3591 763 3635 me
805 3592 888 3637 ex
929 3571 1008 3639 P.
1052 3572 1296 3641 Rutilio
1339 3578 1515 3646 Rufo
1569 3580 1855 3659 audisse,
1908 3604 2057 3647 cum
2107 3580 2346 3645 diceret
2398 3578 2563 3643 adu-

491 3658 845 3730 lescentulo
883 3688 954 3732 se
991 3669 1328 3749 accidisse,
1372 3684 1447 3737 ut
1482 3696 1563 3741 ex
1598 3687 1856 3741 senatus
1892 3675 2182 3742 consulto
2214 3673 2298 3739 P.
2336 3670 2563 3759 Scipio

492 3764 557 3820 et
588 3754 681 3822 D.
715 3756 989 3839 Brutus,
1043 3773 1116 3828 ut
1159 3763 1413 3850 opinor,
1468 3769 1763 3835 consules
1809 3770 1889 3836 de
1932 3792 2003 3835 re
2048 3767 2246 3835 atroci
2287 3788 2557 3853 magna-

492 3865 624 3955 que
652 3865 1054 3931 quaererent:
1089 3879 1239 3922 nam
1273 3879 1420 3925 cum
1451 3858 1520 3925 in
1556 3862 1719 3928 silva
1744 3860 1885 3929 Sila'
1916 3863 2089 3930 facta
2115 3861 2343 3927 caedes
2380 3871 2556 3926 esset

492 3948 749 4047 qouque
783 3942 1074 4013 homines
1109 3949 1428 4017 interfecti
1458 3954 2053 4042 insimulareturque
2088 3955 2359 4033 familia,
2405 3976 2553 4040 par-

475 4033 609 4113 .¹³¹m
667 4042 858 4099 etlam
907 4037 1118 4118 liberi,
1181 4044 1502 4112 societatis
1565 4048 1731 4127 eius,
1796 4071 1959 4133 quae
2010 4049 2281 4133 picarias
2337 4048 2417 4111 de
2467 4049 2553 4113 P.
