2784 4575
465 265 590 332 198
1079 275 1157 329 Μ.
1195 272 1469 330 TULLII
1506 271 1903 329 CICERONIS

462 399 741 467 volentia
773 397 986 486 potius
1027 419 1217 482 quam
1251 395 1683 462 misericordia
1716 417 2203 483 prosequamur,
2239 407 2330 476 ut,
2370 419 2529 482 quo-

462 495 897 577 tienscumque
943 492 1024 556 de
1071 489 1419 557 clarissimo
1456 501 1521 556 et
1551 489 1920 556 beatissimo
1965 491 2103 557 viro
2148 491 2527 577 cogitemus,

400 615 428 657 5
463 589 642 654 illum
682 588 894 675 potius
933 608 1122 672 quam
1154 596 1411 650 nosmet
1441 585 1618 671 ipsos
1656 584 1916 671 diligere
1954 585 2300 652 videamur.
2374 611 2530 652 nam

464 682 520 747 si
551 681 619 746 id
654 680 972 758 dolemus,
1009 678 1179 763 quod
1215 701 1291 744 eo
1325 678 1455 742 ia'm
1488 678 1615 742 frui
1647 678 1832 743 nobis
1870 702 1999 744 non
2032 679 2199 758 licet,
2234 691 2529 746 nostrum

463 787 562 841 est
595 775 662 840 id
696 774 962 852 malum3
1008 772 1181 856 quod
1213 771 1463 838 modice
1508 772 1815 850 feramus,
1862 795 1944 838 ne
1980 773 2049 837 id
2080 797 2211 839 non
2248 775 2331 839 ad
2368 775 2528 840 ami-

465 869 706 946 citiam,
761 868 877 933 sed
921 867 1004 931 ad
1049 867 1462 932 domesticam
1506 865 1842 931 utilitatem
1884 867 2121 932 referre
2166 867 2526 947 videamur3

461 964 594 1042 sin,
643 973 965 1045 tamquam
999 959 1092 1025 illi
1132 960 1258 1048 ipsi
1295 959 1654 1024 acerbitatis
1693 959 1931 1044 aliquid
1966 961 2291 1040 acciderit,
2346 963 2529 1073 angi-

461 1080 634 1136 mur,
682 1077 996 1121 summam
1029 1054 1164 1119 eius
1201 1054 1570 1120 felicitatem
1604 1076 1734 1119 non
1772 1053 1926 1119 satis
1963 1066 2145 1142 grato
2182 1055 2394 1123 animo
2426 1058 2527 1122 in·-

393 1151 430 1204 2
467 1161 901 1238 terpretamur.
1011 1148 1246 1214 etenim
1299 1147 1356 1212 si
1407 1148 1651 1214 viveret
1702 1147 1786 1229 Q.
1842 1149 2227 1215 Hortensius
2238 1198 2257 1228 ,
2314 1161 2527 1217 cetera

401 1222 753 1311 ⁶·fortasse
789 1243 1180 1308 desideraret
1230 1265 1358 1307 una
1412 1263 1558 1323 cum
1608 1242 1867 1326 reliquis
1912 1243 2095 1308 bonis
2142 1253 2208 1310 et'
2250 1245 2523 1311 fortibus

462 1337 736 1414 civibus,
788 1336 960 1400 hunc
1002 1347 1112 1401 aut
1151 1346 1403 1424 praeter
1446 1347 1689 1402 ceteros
1729 1347 1838 1400 aut
1885 1359 2030 1402 cum
2073 1337 2293 1424 paucis
2332 1341 2525 1404 susti-

462 1443 642 1496 neret
677 1429 988 1508 dolorem,
1044 1451 1190 1495 cum
1223 1430 1436 1496 forum
1476 1429 1696 1540 populi
1729 1429 2033 1510 Romam,
2088 1432 2262 1516 quod
2294 1432 2525 1499 fuisset

465 1525 648 1610 quasi
700 1524 1016 1590 theatrum
1069 1524 1236 1589 illius
1283 1524 1551 1612 ingenii,
1610 1545 1767 1590 voce
1811 1525 2057 1591 erudita
2106 1536 2171 1590 et
2212 1525 2521 1594 Romanis

465 1619 856 1704 Graecisque
911 1619 1168 1685 auribus
1217 1619 1414 1706 digna
1459 1619 1799 1706 spoliatum
1850 1629 2039 1702 atque
2093 1621 2386 1685 orbatum
2428 1621 2524 1686 vi-

399 1740 424 1782 v
463 1713 657 1781 deret.
748 1714 1044 1798 equidem
1089 1736 1289 1799 angor
1335 1713 1544 1779 animo
1588 1737 1718 1779 non
1762 1713 2037 1791 consilii,
2089 1737 2218 1780 non
2259 1714 2519 1802 ingenii,

463 1831 594 1874 non
637 1807 1026 1874 auctoritatis
1075 1807 1265 1872 armis
1321 1830 1511 1894 egere
1563 1830 1701 1872 rem
1750 1807 2096 1894 publicam,
2152 1829 2319 1891 quae
2362 1807 2525 1873 didi-

461 1923 672 1968 ceram
706 1913 975 1967 tractare
1011 1901 1365 1985 quibusque
1391 1924 1497 1966 me
1526 1903 2000 1968 adsuefeceram
2028 1923 2313 1987 quaeque
2342 1915 2524 1968 erant

457 1996 714 2084 propria
751 2017 893 2059 cum
926 1995 1309 2081 praestantis
1345 1993 1413 2059 in
1447 2018 1518 2060 re
1551 1996 1807 2081 publica
1850 1997 1969 2060 viri
2010 2007 2147 2060 tum
2187 1997 2351 2063 bene
2384 2019 2523 2063 mo-

457 2099 633 2154 ratae
687 2099 752 2154 et
799 2089 964 2153 bene
1029 2087 1409 2154 constitutae
1472 2089 1765 2156 civitatis.
1872 2090 2101 2175 quodsi
2158 2091 2282 2156 fuit
2330 2091 2399 2155 in
2447 2113 2520 2157 re

458 2181 714 2269 publica
765 2191 1014 2269 tempus
1067 2181 1295 2260 ullum,
1352 2204 1499 2247 cum
1557 2194 1931 2268 extorquere
1984 2208 2163 2250 arma
2208 2195 2431 2272 posset
2483 2209 2521 2251 e

457 2274 749 2340 manibus
785 2274 1090 2341 iratorum
1133 2275 1366 2341 civium
1410 2277 1563 2343 boni
1607 2279 1763 2345 civis
1812 2279 2151 2345 auctoritas
2188 2292 2255 2345 et
2296 2279 2517 2359 oratio,

461 2380 600 2435 tum
636 2370 924 2457 profecto
977 2370 1126 2449 fuit,
1183 2392 1328 2436 cum
1371 2372 1790 2460 patrocinium
1842 2376 2019 2461 pacis
2056 2375 2386 2441 exclusum
2420 2386 2521 2441 est

397 2490 424 2531 s
461 2474 572 2530 aut
614 2485 823 2530 errore
869 2464 1197 2531 hominum
1239 2478 1351 2531 aut
1393 2466 1641 2533 timore.
1729 2468 1819 2533 ita
1860 2469 2180 2535 nobismet
2218 2469 2377 2555 ipsis
2415 2491 2520 2534 ac·-

457 2557 638 2639 cidit,
691 2569 790 2637 ut,
847 2581 1232 2644 quamquam
1277 2572 1494 2628 essent
1536 2562 1739 2629 multo
1785 2564 1990 2651 magis
2044 2564 2170 2629 alia
2217 2563 2517 2650 lugenda,

459 2664 674 2719 tamen
717 2653 838 2719 hoc
884 2653 1271 2734 doleremus,
1325 2657 1527 2741 quod,
1582 2678 1707 2741 quo
1752 2668 2034 2743 tempore
2079 2668 2255 2723 aetas
2299 2669 2519 2723 nos-tra

456 2747 794 2834 perfuncta
843 2749 1034 2814 rebus
1089 2748 1495 2836 amplissimis
1558 2762 1881 2836 tamquam
1932 2751 2001 2815 in
2060 2762 2323 2861 portum
2366 2773 2518 2817 con-

458 2842 680 2927 fugere
717 2841 975 2908 deberet
1009 2866 1138 2909 non
1170 2844 1434 2911 inertiae
1468 2867 1676 2930 neque
1730 2845 2039 2924 desidiae,
2086 2846 2202 2911 sed
2236 2846 2349 2911 otii
2381 2869 2519 2912 mo-

458 2931 660 2998 derati
723 2945 912 3019 atque
975 2935 1252 3015 honesti,
1327 2960 1597 3024 cumque
1658 2940 1801 3026 ipsa
1860 2939 2059 3005 oratio
2110 2932 2238 3004 iam
2298 2950 2517 3005 nostra

458 3040 824 3093 canesceret
883 3022 1270 3114 haberetque
1333 3055 1517 3097 suam
1584 3034 1904 3117 quandam
1964 3033 2392 3099 maturitatem
2452 3045 2517 3099 et

456 3122 639 3205 quasi
676 3133 1095 3201 senectutem,
1142 3136 1275 3190 tum
1313 3150 1490 3191 arma
1526 3139 1674 3193 sunt
1708 3150 1786 3193 ea
1832 3139 2111 3215 sumpta,
2158 3129 2387 3213 quibus
2422 3128 2515 3193 illi

453 3214 606 3300 ipsi,
662 3216 770 3300 qui
823 3215 1172 3283 didicerant
1226 3219 1318 3284 eis
1369 3221 1466 3285 uti
1519 3220 1823 3307 gloriose,
1878 3244 2069 3307 quem
2120 3222 2205 3287 ad
2254 3223 2513 3289 modum

391 3334 420 3374 9
456 3308 810 3376 salutariter
861 3319 1213 3391 uterentur,
1277 3336 1407 3380 non
1457 3316 1876 3402 reperiebant.
1980 3317 2194 3427 itaque
2248 3318 2308 3382 ei
2357 3316 2515 3382 mihi

452 3401 746 3469 videntur
789 3404 1104 3471 fortunate
1150 3408 1461 3493 beateque
1515 3409 1753 3475 vixisse
1799 3432 1944 3475 cum
1978 3400 2048 3477 in
2092 3409 2315 3477 ceteris
2360 3412 2515 3476 civi-

453 3498 688 3562 tatibus
734 3508 870 3563 tum
919 3500 1196 3567 maxime
1239 3502 1307 3567 in
1351 3514 1601 3581 nostra,
1656 3504 1887 3588 quibus
1943 3526 2089 3570 cum
2142 3504 2513 3572 auctoritate

450 3613 786 3676 rerumque
846 3604 1172 3680 gestarum
1224 3597 1429 3683 gloria
1482 3608 1617 3662 tum
1677 3599 1871 3665 etiam
1923 3600 2269 3685 sapientiae
2322 3600 2513 3665 laude

451 3685 691 3772 perfrui
724 3688 926 3768 licuit3
972 3712 1239 3773 quorum
1281 3693 1587 3758 memoria
1622 3704 1686 3759 et
1718 3694 2070 3762 recordatio
2104 3696 2172 3760 in
2216 3694 2511 3761 maximis

451 3780 684 3846 uostris
737 3783 1258 3869 gravissimisque
1313 3786 1481 3851 curis
1533 3785 1809 3853 iucunda
1852 3812 2007 3855 saue
2052 3790 2203 3868 fuit,
2256 3812 2404 3855 cum
2442 3790 2514 3855 in

452 3894 594 3937 eam
628 3898 830 3962 nuper
866 3900 947 3943 ex
984 3901 1274 3944 sermone
1310 3881 1587 3964 quodam
1620 3881 2085 3949 incidissemus.

383 3960 418 4012 3
571 3967 738 4031 Nam
791 3990 935 4033 cum
996 3970 1455 4039 inambularem
1506 3974 1574 4039 ιιι
1624 3988 1814 4062 xysto
1868 3987 1933 4043 et
1992 4000 2204 4043 essem
2264 3980 2508 4046 otiosus

377 4030 655 4133 1‘'domi,
701 4059 798 4124 M.
839 4061 921 4126 ad
956 4086 1058 4127 me
1093 4066 1363 4146 Brutus,
1411 4079 1482 4132 ut
1526 4082 1967 4150 consueverat,
2016 4093 2161 4138 cum
2198 4074 2276 4139 Τ.
2312 4075 2512 4140 Ροιιι-
