2784 4575
854 278 959 333 DE
996 276 1363 334 ORATORE
1401 278 1506 333 111.
1543 277 1782 333 15-23.
2217 268 2341 336 147

284 401 487 488 inquit
551 401 683 468 ‘ille
726 400 946 470 locus?
998 424 1081 467 an
1131 400 1198 465 in
1248 400 1463 467 media
1515 401 1678 467 silva
1726 400 1972 489 placet?
2019 413 2125 469 est
2176 404 2348 471 enim

286 496 341 564 is
377 496 650 563 maxime
704 507 769 563 et
819 516 1055 583 opacus
1103 506 1169 561 et
1219 494 1533 583 frigidus?
1625 496 1859 574 ‘sane,'
1910 496 2117 582 inquit
2152 495 2348 564 Cras-

288 614 399 658 sus
454 590 715 657 ‘etenim
766 601 868 657 est
914 590 983 657 in
1036 613 1114 656 eo
1164 590 1307 657 loco
1362 590 1548 657 sedes
1602 590 1750 655 huic
1790 600 2008 658 nostro
2060 614 2190 659 non
2230 592 2351 657 im·-

284 696 559 774 portuna
612 684 925 752 sermoni?
1015 706 1163 751 cum
1195 684 1544 772 placuisset
1593 684 1768 753 idem
1819 685 2077 764 ceteris,
2128 685 2197 751 in
2243 687 2352 753 sil-

288 804 435 847 vam
488 780 737 845 venitur
788 790 855 846 et
903 778 993 845 ibi
1042 800 1279 867 magna
1330 802 1477 845 cum
1531 779 1827 845 audiendi
1881 778 2351 867 exspectatione

286 874 656 941 considitur.

407 969 579 1035 Tum
624 967 903 1036 Crassus
954 962 1127 1033 ‘cum
1170 967 1512 1035 auctoritas
1567 980 1755 1053 atque
1810 966 2085 1033 amicitia
2138 980 2352 1035 vestra
2379 995 2430 1037 19

292 1072 429 1127 tum
462 1061 731 1129 Antonii
765 1061 1039 1127 facilitas
1075 1060 1333 1149 eripuit’
1377 1061 1583 1147 inquit
1619 1060 1802 1128 ‘mihi
1835 1062 1903 1127 in
1939 1062 2178 1149 optima
2209 1085 2355 1128 mea

290 1177 484 1222 causa
516 1155 873 1223 libertatem
904 1156 1271 1235 recusandi,
1325 1179 1711 1241 quamquam
1741 1158 1810 1221 in
1844 1157 2176 1243 partienda
2226 1157 2355 1223 dis-

286 1250 612 1339 putatione
647 1262 894 1330 nostra,
941 1272 1086 1316 cum
1124 1251 1246 1317 sibi
1284 1248 1393 1338 [de
1431 1250 1552 1339 eis]
1565 1300 1584 1331 ,
1630 1273 1792 1335 quae
1829 1251 1952 1315 dici
1987 1253 2068 1317 ab
2103 1261 2351 1319 oratore

292 1355 639 1433 oporteret,
695 1355 999 1423 sumeret,
1052 1344 1209 1409 mihi
1244 1356 1459 1409 autem
1509 1344 1920 1429 relinqueret,
1971 1356 2044 1410 ut
2077 1346 2354 1433 explica-

290 1461 426 1505 rem
434 1475 455 1517 ⁵
509 1460 701 1524 quem
737 1440 821 1505 ad
869 1437 1133 1505 modum
1167 1437 1278 1503 illa
1330 1438 1543 1504 ornari
1594 1448 1942 1525 oporteret,
1997 1461 2076 1505 ea
2115 1438 2354 1518 divisit,

290 1554 455 1619 quae
492 1534 779 1599 seiuncta
828 1555 973 1599 esse
1006 1554 1138 1599 non
1188 1541 1488 1619 possunt3
1540 1556 1692 1597 nam
1733 1554 1880 1600 cum
1931 1533 2136 1599 omnis
2172 1556 2253 1598 ex
2283 1555 2356 1597 re

292 1636 481 1710 atque
534 1626 745 1691 verbis
790 1636 1040 1694 constet
1082 1626 1311 1704 oratio,
1366 1646 1574 1710 neque
1625 1626 1825 1693 verba
1858 1627 2078 1693 sedem
2121 1625 2355 1692 habere

289 1732 587 1808 possunt,
645 1720 701 1786 si
734 1744 871 1787 rem
908 1719 1328 1799 subtraxeris,
1382 1742 1590 1806 neque
1623 1744 1728 1786 res
1763 1720 2009 1800 lumen,
2063 1720 2118 1785 si
2161 1720 2358 1785 verba

294 1814 638 1882 semoveris
648 1840 669 1894 ;
725 1836 802 1881 ac
836 1814 993 1881 mihi
1046 1814 1306 1899 quidem
1358 1825 1606 1881 veteres
1659 1814 1754 1879 illi
1795 1814 2000 1879 maius
2055 1812 2356 1897 quiddam
2382 1832 2435 1873 20

292 1910 502 1975 animo
539 1899 852 1997 complexi
886 1908 1051 2019 plus·
1068 1908 1267 1975 multo
1306 1908 1498 1973 etiam
1532 1908 1771 1976 vidisse
1807 1908 2126 1986 videntur,
2165 1928 2358 1993 quam

295 2014 602 2089 quantum
636 2014 999 2071 nostrorum
1030 2003 1433 2089 ingeniorum
1470 2002 1638 2069 acies
1689 2002 1924 2068 intueri
1954 2013 2195 2090 potest,
2250 2000 2360 2087 qui

294 2097 507 2165 omnia
540 2097 729 2177 haec,
785 2119 971 2208 quae·
986 2121 1179 2185 supra
1213 2109 1280 2164 et
1314 2099 1563 2178 subter,
1617 2120 1816 2163 unum
1853 2120 1998 2164 esse
2031 2108 2098 2163 et
2130 2120 2260 2163 una
2292 2096 2360 2161 vi

294 2202 481 2276 atque
515 2214 645 2258 una
680 2192 1098 2260 consensione
1130 2202 1396 2260 naturae
1451 2192 1792 2260 constricta
1839 2215 1982 2261 esse
2035 2191 2356 2269 dixerunt3

292 2284 537 2350 nullum
572 2297 670 2352 est
706 2286 875 2352 enim
908 2311 1113 2375 genus
1149 2310 1391 2367 rerum,
1439 2287 1610 2372 quod
1646 2299 1756 2354 aut
1790 2287 2081 2354 avolsum
2116 2310 2156 2352 a
2189 2297 2360 2352 cete-

290 2379 381 2446 ris
414 2401 530 2465 per
566 2402 636 2445 se
669 2379 887 2465 ipsum
916 2391 1207 2448 constare
1243 2393 1353 2447 aut
1388 2403 1514 2465 quo
1551 2393 1764 2447 cetera
1798 2381 1854 2447 si
1889 2392 2172 2462 careant,
2227 2380 2358 2445 vim

296 2496 477 2540 suam
514 2483 701 2557 atque
737 2475 1172 2541 aeternitatem
1208 2497 1588 2543 conservare
1612 2476 1883 2562 possint.
1958 2476 2074 2542 sed
2110 2473 2163 2540 si
2198 2472 2356 2539 haec
2383 2470 2436 2581 ἐξ

294 2567 495 2634 maior
530 2587 674 2631 esse
708 2566 868 2632 ratio
905 2567 1181 2646 videtur,
1228 2590 1422 2653 quam
1455 2579 1531 2632 ut
1560 2566 1889 2633 hominum
1922 2568 2128 2654 possit
2164 2589 2357 2632 sensu

296 2670 406 2725 aut
439 2658 821 2746 cogitatione
856 2659 1336 2746 comprehendi,
1381 2671 1483 2726 est
1515 2659 1706 2726 etiam
1740 2660 1851 2726 illa
1879 2660 2170 2728 Platonis
2207 2682 2361 2725 vera

296 2764 360 2820 et
394 2751 536 2832 tibi,
575 2751 835 2832 Catule,
873 2764 1041 2818 certe
1076 2777 1207 2820 non
1240 2753 1526 2819 inaudita
1556 2775 1684 2819 vox
1719 2775 1973 2818 omnem
2008 2751 2360 2818 doctrinam

295 2847 523 2912 harum
572 2845 993 2934 ingenuarum
1038 2857 1103 2913 et
1146 2845 1568 2912 humanarum
1621 2845 1850 2911 artium
1899 2868 2029 2913 uno
2085 2845 2360 2932 quodam

256 2951 261 2954 '
300 2939 622 3007 societatis
674 2940 926 3008 vinculo
980 2941 1316 3022 contineri3
1368 2941 1483 3008 ubi
1527 2940 1696 3008 enim
1746 2951 2085 3027 perspecta
2127 2939 2224 3006 vis
2261 2952 2361 3005 est

292 3035 555 3102 rationis
594 3035 761 3115 eius,
818 3058 945 3121 qua
980 3057 1211 3103 causae
1246 3058 1460 3104 rerum
1497 3047 1686 3120 atque
1722 3033 1928 3100 exitus
1965 3055 2362 3122 cognoscun-

294 3141 454 3211 tur,-
488 3129 685 3196 mirus
742 3130 1001 3215 quidam
1061 3132 1343 3198 omnium
1398 3130 1581 3218 quasi
1633 3150 1983 3197 consensus
2046 3127 2362 3194 doctrina-

292 3247 436 3290 rum
471 3236 941 3309 concentusque
991 3225 1323 3314 reperitur.
1415 3225 1530 3292 sed
1567 3222 1623 3291 si
1656 3223 1778 3290 hoc
1824 3245 2076 3308 quoque
2112 3221 2360 3288 videtur
2386 3247 2440 3288 22

189 3321 193 3326 ’
296 3339 441 3384 esse
478 3318 695 3397 altius,
750 3341 943 3404 quam
978 3331 1049 3386 ut
1081 3320 1149 3384 id
1183 3343 1303 3386 nos
1347 3319 1526 3385 humi
1561 3318 1744 3384 strati
1797 3317 2118 3404 suspicere
2152 3315 2362 3403 possi-

297 3432 470 3489 mus,
507 3411 665 3476 illud
702 3424 870 3478 certe
906 3423 1149 3492 tamen,
1186 3414 1358 3499 quod
1393 3412 1671 3500 amplexi
1707 3434 1955 3490 sumus,
2013 3410 2183 3496 quod
2213 3433 2367 3496 pro·

296 3504 576 3582 fitemur‚
648 3505 821 3589 quod
881 3507 1305 3594 suscepimus,
1376 3529 1572 3573 nosse
1632 3516 1698 3571 et
1757 3515 1972 3572 tenere
2033 3505 2360 3571 debemus.

295 3621 424 3664 una
460 3610 560 3665 est
612 3597 809 3678 enim,
864 3600 1037 3684 quod
1070 3612 1135 3667 et
1170 3623 1292 3688 ego
1344 3603 1642 3670 hesterno
1679 3600 1781 3666 die
1825 3600 1956 3666 dixi
1991 3611 2057 3666 et
2093 3595 2363 3686 [aliquot

295 3691 483 3782 locis]
524 3691 1021 3762 antemeridiano
1068 3718 1359 3761 sermone
1413 3694 1792 3783 significavit
1823 3693 2178 3772 Antonius,
2232 3693 2362 3757 elo·

298 3787 575 3872 quentia,
614 3809 1043 3874 quascumque
1076 3789 1145 3854 in
1181 3812 1325 3856 oras
1363 3787 1806 3878 disputationis
1839 3788 2215 3876 regionesve
2251 3787 2362 3852 de·

297 3881 428 3948 lata
462 3892 589 3964 est3
625 3905 773 3948 nam
804 3881 938 3950 sive
975 3881 1054 3948 de
1091 3883 1251 3950 caeli
1284 3895 1510 3950 natura
1534 3883 1811 3968 loquitur
1848 3881 1982 3950 sive
2019 3882 2098 3948 (le
2134 3893 2357 3960 terrae,
2385 3905 2438 3946 23

300 3973 435 4041 sive
472 3973 551 4042 de
588 3975 803 4041 divina
836 3975 901 4041 vi
938 3974 1073 4042 sive
1111 3978 1189 4044 de
1224 3977 1531 4057 humana,
1587 3977 1721 4043 sive
1757 3999 1838 4042 ex
1888 3975 2184 4042 inferiore
2217 3975 2359 4042 loco

299 4068 435 4136 sive
472 4092 554 4136 ex
606 4093 806 4155 aequo
846 4071 980 4140 sive
1015 4095 1097 4138 ex
1134 4071 1486 4162 superiore,
1543 4071 1675 4140 sive
1710 4084 1780 4138 ut
1823 4071 2107 4160 impellat
2156 4070 2361 4138 homi·
2425 4141 2431 4146 ,

1919 4177 2020 4228 10·
