2784 4575
833 314 937 371 DE
972 314 1461 375 INVENTIONE
1495 317 1541 373 1.
1578 317 1868 408 99—103..
2250 307 2375 375 149

315 441 418 509 sio
455 438 816 507 concitetur.
905 438 972 504 in
1003 438 1128 505 hoc
1161 462 1396 527 genere
1430 440 1588 506 illud
1629 440 1903 528 primum
1944 441 2231 531 intellegi
2264 468 2376 512 vo-

315 536 559 613 lumus,
601 552 793 621 posse
829 533 1122 599 omnibus
1159 556 1242 599 ex
1282 534 1441 601 locis
1479 534 1601 615 eis,
1654 555 1815 621 quos
1850 536 1919 600 in
1963 537 2378 605 confirmandi

313 628 761 719 praeceptione
809 628 1142 715 posuimus
1156 675 1175 707 ,
1210 629 1479 694 'tractari
1519 628 2047 717 indignationemg
2100 652 2251 697 nam
2294 654 2377 701 ex

312 726 410 792 eis
467 726 689 804 rebus,
732 744 917 809 quae
975 725 1266 811 personis
1323 736 1513 809 atque
1572 725 1843 813 negotiis
1907 736 2056 790 sunt
2116 726 2378 794 attribu·-

313 832 446 899 tae,
499 818 762 904 quasvis
818 816 1337 907 amplificationes
1393 829 1457 885 et
1500 819 1967 907 indignationes
2012 820 2193 886 nasci
2224 842 2377 910 pos·
2472 871 2477 876 -

313 924 484 993 sunt,
523 914 641 979 sed
673 923 888 1001 tamen
923 932 1018 992 ea,
1057 934 1220 999 quae
1249 914 1590 1001 separatim
1618 915 1696 980 de
1731 914 2165 1002 indignatione
2190 938 2375 1002 prae-

311 1007 443 1097 cipi
492 1017 791 1095 possunt,
845 1008 1338 1074 consideremus.
1446 1010 1687 1095 primus
1741 1010 1919 1075 locus
1974 1008 2241 1075 sumitur
2296 1010 2375 1075 ab

315 1102 718 1180 auctoritate,
773 1120 920 1167 cum
938 1174 944 1181 ,
963 1124 1557 1182 commemoramus,
1612 1114 1884 1187 quantae
1928 1124 2117 1169 curae
2159 1124 2264 1170 res
2301 1126 2379 1171 ea

315 1195 510 1262 fuerit
543 1196 666 1274 eis,
705 1216 975 1280 quorum
1012 1197 1352 1264 auctoritas
1387 1198 1769 1285 gravissima
1802 1197 2034 1263 debeat
2067 1220 2240 1264 esse:
2276 1198 2375 1264 dis

312 1289 804 1369 immortalibus,
841 1291 950 1375 qui
983 1290 1159 1357 locus
1197 1302 1481 1358 sumetur
1514 1312 1596 1357 ex
1631 1290 1926 1371 sortibus,
1964 1314 2047 1357 ex
2082 1292 2373 1371 oraculis,

313 1384 598 1463 vatibus,
649 1384 946 1463 ostentis,
997 1383 1304 1473 prodigiis
1318 1434 1336 1463 ,
1389 1384 1713 1473 responsis
1727 1434 1744 1463 ,
1801 1384 2109 1451 similibus
2152 1386 2374 1463 rebus;

315 1478 470 1545 item
521 1478 863 1545 maioribus
925 1478 1160 1545 nostris
1173 1528 1191 1557 ,
1251 1479 1543 1565 regibus,
1606 1478 1994 1558 civitatibus,
2056 1480 2374 1566 gentibuS,

317 1570 678 1638 hominibus
715 1572 1221 1659 sapientissimis,
1262 1574 1529 1651 senatui,
1565 1574 1821 1661 populo,
1857 1575 2074 1661 legum
2112 1572 2376 1661 scripto-

315 1667 512 1733 ribus.
603 1668 920 1751 secundus
974 1668 1152 1733 locus
1207 1676 1334 1745 est,
1388 1688 1504 1755 per
1546 1690 1739 1752 quem
1788 1668 1898 1733 illa
1938 1690 2041 1733 res
2088 1666 2170 1733 ad
2216 1690 2374 1751 quos

313 1762 652 1849 pertineat,
709 1784 854 1826 cum
907 1761 1393 1873 amplificatione
1444 1784 1561 1849 per
1612 1762 2112 1849 indignationem
2163 1772 2377 1829 osten-

317 1854 502 1936 ditur,
543 1854 710 1943 [aut]
751 1856 834 1921 ad
867 1877 1073 1922 omnis
1112 1866 1221 1921 aut
1257 1857 1340 1921 ad
1373 1856 1679 1923 maiorem
1702 1868 1967 1943 partein,
2006 1854 2175 1940 quod
2210 1867 2376 1922 atro-

313 1952 644 2019 cissimum
678 1962 806 2029 est3
845 1962 955 2017 aut
989 1952 1072 2017 ad
1109 1952 1495 2039 superiores,
1543 1952 1763 2037 quales
1802 1962 1953 2017 sunt
1986 1950 2072 2029 ei,
2111 1972 2377 2035 quorum

309 2070 394 2113 ex
447 2046 820 2113 auctoritate
872 2045 1226 2133 indignatio
1281 2047 1577 2125 sumitur,
1642 2047 1813 2131 quod
1863 2044 2377 2133 indignissimum

310 2152 442 2219 est3
481 2152 590 2206 aut
625 2141 709 2206 ad
741 2140 915 2227 paris
953 2140 1194 2219 animo,
1241 2141 1524 2221 fortuna,
1572 2160 1862 2228 corpore,
1910 2140 2083 2225 quod
2116 2136 2377 2224 iniquis-

315 2235 550 2300 simum
593 2246 694 2301 est
701 2259 720 2314 3
777 2245 888 2301 aut
931 2235 1015 2301 ad
1055 2235 1418 2316 inferiores,
1472 2236 1641 2322 quod
1688 2234 2213 2323 superbissimum
2257 2245 2372 2301 est.

315 2329 538 2394 tertius
572 2330 748 2395 locus
785 2341 904 2410 est,
939 2353 1055 2418 per
1089 2351 1282 2416 quem
1305 2332 1689 2416 quaerimus,
1728 2329 2029 2413 quidnam
2068 2329 2152 2395 sit
2186 2351 2377 2396 even-

315 2434 554 2503 tumm,
602 2423 656 2489 si
689 2424 860 2491 idem
895 2425 1088 2492 ceteri
1121 2425 1387 2504 faciant3
1436 2436 1501 2491 et
1534 2423 1728 2508 simul¹
1758 2423 2181 2502 ostendimus,
2229 2424 2377 2488 huic

317 2517 372 2584 si
407 2539 782 2586 concessum
818 2520 919 2598 sit,
956 2521 1190 2586 multos
1229 2519 1511 2586 aemulos
1549 2518 1834 2584 eiusdem
1870 2517 2171 2582 audaciae
2206 2517 2377 2581 futu-

313 2631 451 2691 ros,
499 2635 580 2678 ex
615 2631 770 2697 qu0,
826 2615 979 2699 quid
1012 2615 1164 2680 mali
1201 2615 1282 2680 sit
1316 2623 1720 2689 eventurum,
1777 2609 2371 2677 demonstrabimus.

317 2717 577 2789 quartus
622 2707 800 2772 locus
848 2719 973 2787 est,
1018 2731 1133 2797 per
1177 2731 1369 2794 quem
1406 2708 1921 2773 demonstramus
1966 2703 2199 2769 multos
2248 2704 2377 2768 alae

315 2797 442 2864 cris
479 2810 877 2886 exspectare,
932 2803 1085 2887 quid
1123 2811 1466 2880 statuatur,
1502 2811 1574 2867 ut
1608 2821 1690 2865 ex
1726 2821 1833 2877 eo,
1880 2793 2051 2882 quod
2083 2797 2195 2861 uni
2230 2817 2380 2862 con-

315 2914 572 2959 cessum
607 2894 718 2975 sit,
759 2894 881 2962 sibi
917 2917 1169 2984 quoque
1204 2897 1318 2963 tali
1351 2898 1434 2963 de
1467 2919 1538 2962 re
1576 2892 1729 2980 quid
1760 2892 1977 2971 liceat,
2013 2889 2379 2978 intellegere

312 2988 582 3076 possint.
670 2990 926 3075 quintus
960 2993 1142 3058 locus
1179 3004 1296 3073 est,
1331 3013 1448 3079 per
1484 3013 1673 3076 quem
1708 2987 2101 3056 ostendimus
2138 2996 2379 3052 ceteras

310 3105 416 3150 res
457 3106 796 3172 perperam
848 3087 1224 3152 constitutas
1276 3087 1601 3153 intellecta
1643 3082 1907 3150 veritate
1962 3089 2379 3148 commutatas

311 3179 545 3264 corrig1
578 3200 801 3265 posse3
848 3180 1014 3245 hanc
1049 3201 1194 3246 esse
1227 3203 1392 3259 rem,
1438 3203 1603 3266 quae
1640 3181 1696 3246 si
1732 3178 1816 3245 sit
1852 3175 2049 3244 semel
2083 3175 2401 3253 iudicata„

313 3293 520 3353 neque
559 3272 682 3336 alio
717 3273 1092 3338 commutari
1124 3272 1358 3339 iudicio
1392 3295 1601 3358 neque
1634 3273 1767 3339 ulla
1799 3283 2114 3360 potestate
2152 3269 2381 3356 corrigi

315 3362 542 3447 possit.
633 3374 851 3427 sextus
903 3363 1084 3428 locus
1139 3373 1264 3440 est,
1317 3387 1433 3449 per
1476 3387 1667 3448 quem
1720 3366 2009 3432 consulto
2054 3378 2119 3432 et
2162 3366 2241 3431 de
2285 3364 2382 3430 in-

315 3453 562 3519 dustria
605 3453 845 3520 factum
889 3453 1356 3521 demonstratur
1402 3467 1467 3522 et
1510 3455 1669 3520 fflud
1713 3457 2102 3544 adiungitur,
2157 3459 2382 3525 volun-

201 3607 204 3612 .
314 3548 476 3614 tario
527 3547 840 3614 maleficio
893 3548 1146 3614 veniam
1199 3548 1334 3614 dari
1367 3572 1499 3615 non
1550 3559 1867 3637 oportere,
1921 3551 2381 3640 imprudentiae

313 3645 578 3712 concedi
611 3665 743 3710 non
769 3663 1116 3730 numquam
1144 3645 1501 3711 convenire.
1566 3645 1871 3733 septimus
1898 3647 2075 3714 locus
2113 3655 2231 3723 est,
2266 3667 2381 3730 per

314 3760 505 3825 quem
530 3739 956 3827 indignamur,
986 3739 1158 3824 quod
1183 3749 1473 3820 taetrum,
1503 3738 1776 3821 crudele,
1806 3739 2137 3816 nefarium,
2168 3747 2381 3822 tyran-

314 3835 527 3900 nicum
570 3835 812 3902 factum
855 3856 1000 3902 esse
1036 3835 1349 3915 dicamus,
1410 3833 1553 3924 [per
1596 3837 1753 3914 vim,
1806 3849 2067 3900 manum
2118 3829 2381 3917 opulen-

315 3929 504 4017 tam,]
560 3953 723 4016 quae
756 3956 860 4000 res
899 3934 981 3999 ab
1015 3932 1266 4021 legibus
1301 3943 1368 3999 et
1412 3933 1494 3998 ab
1539 3929 1853 4016 aequabili
1903 3929 2039 3992 iure
2090 3926 2380 3994 remotis-

319 4021 482 4087 sima
533 4025 634 4090 sit.
731 4038 995 4094 octavus
1047 4027 1225 4095 locus
1280 4038 1408 4106 est,
1461 4047 1577 4114 per
1630 4045 1820 4108 quem
1872 4013 2376 4087 demonstramus

2414 1034 2489 1077 101

2412 2727 2491 2769 102

2413 4012 2485 4068 54

2322 4116 2338 4131 .
2414 4087 2491 4130 108

316 4137 447 4182 non
498 4118 758 4210 volgare
809 4140 1018 4206 neque
1071 4122 1431 4189 factitatum
1465 4139 1609 4187 esse
1660 4139 1743 4184 ne
1796 4116 1877 4182 ab
1938 4114 2374 4182 audacissim1s
