2784 4575
418 215 541 281 152
1030 224 1109 278 ιι.
1146 221 1421 298 'runnu
1457 218 1853 297 memoras

414 362 526 417 aut
559 348 820 415 alicuius
857 347 993 413 eius
1027 345 1201 411 modi
1233 346 1327 411 rei
1361 345 1821 411 commendatio
1856 344 1945 409 fit.
2035 344 2467 425 duodecimae,

413 463 530 535 per
564 461 753 529 quem
787 441 1125 508 disiunctio
1158 440 1524 528 deploratur
1558 441 1640 505 ab
1676 440 1915 525 alique,
1971 457 2117 504 cum
2152 440 2468 507 diducaris

416 540 497 606 ab
541 561 647 617 eo,
702 537 958 622 quicum
999 535 1418 601 libendssffle
1461 533 1725 613 vixeris,
1779 544 1851 600 ut
1894 557 1933 599 a
1973 543 2263 621 parente,
2317 535 2469 619 filio,

413 634 636 711 fratre,
691 630 1004 696 familiari.
1112 629 1333 695 tertius
1387 627 1701 707 decimus,
1761 649 1877 716 per
1939 648 2128 713 quem
2178 645 2324 695 cum
2374 631 2473 695 in-

415 726 780 815 dignatione
825 724 1293 808 conquerimur,
1347 723 1520 807 quod
1563 724 1643 789 ab
1689 722 1811 801 eis,
1867 746 1906 788 a
1941 723 2169 808 quibus
2214 723 2471 790 minime

416 822 776 898 conveniat,
829 818 997 889 male
1049 828 1418 895 tractemur‚
1470 816 1871 904 propinquis,
1936 818 2184 896 amieis,
2238 818 2471 903 quibus

414 916 689 1004 benigne
724 913 1092 991 fecerimus,
1137 934 1298 997 quos
1336 911 1654 977 adiutores
1690 912 1829 978 fore
1861 912 2243 999 putarimus,
2288 923 2397 977 aut
2432 935 2472 977 a

417 1012 645 1095 quibus
681 1008 1014 1095 indignum
1050 1007 1160 1085 sit,
1213 1017 1286 1071 ut
1321 1006 1553 1083 servis,
1597 1005 1868 1086 libertis,
1914 1006 2277 1085 clientibus,
2324 1029 2474 1094 sup-

313 1114 382 1168 56
414 1104 706 1191 plicibus.
795 1112 1055 1187 quartus
1093 1099 1406 1177 decimus,
1452 1099 1560 1183 qui
1593 1121 1708 1185 per
1742 1100 2244 1166 obsecrationem
2280 1100 2475 1165 sumi-

349 3438 379 3550 μμ

417 1209 545 1275 ιιιι·;
599 1196 666 1261 ἰιι
710 1218 834 1280 quo
885 1206 1143 1261 orantur
1179 1191 1429 1281 [modo]
1474 1192 1594 1271 illi,
1648 1192 1758 1278 qui
1802 1193 2092 1272 audiunt,
2144 1193 2365 1259 humili
2408 1205 2473 1259 et

418 1290 688 1379 supplici
722 1290 1031 1368 oratione,
1067 1300 1142 1354 ut
1173 1288 1607 1355 misereantur.
1697 1287 1951 1373 quintus
1990 1288 2301 1367 decimus,
2354 1312 2472 1375 per

417 1409 606 1471 quem
657 1408 787 1451 non
835 1396 1116 1461 nostras,
1184 1382 1299 1449 sed
1351 1404 1597 1460 eorum,
1664 1382 1771 1467 qui
1823 1383 1952 1448 cari
2000 1383 2188 1448 nobis
2241 1382 2477 1449 debent

417 1501 591 1558 esse,
643 1478 932 1546 fortunas
978 1476 1278 1562 conqueri
1328 1499 1447 1544 nos
1495 1476 2020 1542 demonstramus.
2110 1487 2327 1543 sextus
2364 1478 2477 1543 de-

418 1574 646 1653 cimus,
699 1596 814 1660 per
850 1592 1036 1657 quem
1072 1572 1351 1638 animum
1385 1581 1674 1637 nostrum
1708 1570 1775 1636 in
1810 1570 1966 1636 alios
2002 1569 2476 1637 misericordem

418 1689 561 1734 esse
614 1666 1005 1733 ostendimus
1061 1676 1124 1732 et
1175 1676 1389 1731 tamen
1442 1665 1722 1751 amplum
1764 1673 1830 1729 et
1872 1666 2195 1731 excelsum
2246 1676 2313 1732 et
2360 1690 2476 1754 pa—

417 1762 678 1827 tientem
727 1761 1272 1828 incommodorum
1323 1781 1468 1825 esse
1516 1770 1580 1824 et
1623 1759 1906 1824 futurum
1948 1782 2120 1839 esse,
2176 1760 2477 1846 quicquid

418 1855 742 1933 acciderit,
805 1854 1343 1931 demonstramus,
1405 1875 1556 1916 nam
1610 1874 1802 1939 saepe
1862 1853 2060 1919 virtus
2114 1866 2180 1920 et
2227 1856 2474 1942 magni-

417 1949 688 2025 ficentia,
741 1948 809 2011 in
845 1968 970 2030 quo
1022 1945 1305 2033 gravitas
1357 1956 1424 2011 et
1473 1946 1813 2012 auctoritas
1868 1958 1993 2025 est,
2045 1947 2189 2034 plus
2225 1949 2476 2035 proficit

417 2042 501 2106 ad
540 2040 1039 2106 misericordiam
1092 2041 1614 2106 commovendam
1658 2062 1850 2126 quam
1892 2042 2211 2107 humilitas
2256 2054 2320 2109 et
2361 2044 2476 2108 ob-

419 2134 706 2201 secratio.
777 2133 1107 2200 commotis
1145 2146 1356 2201 autem
1383 2134 1630 2213 animis,
1669 2135 1901 2201 diutius
1928 2136 1997 2201 in
2024 2137 2474 2222 conquestione

417 2228 650 2295 morari
683 2250 813 2294 non
848 2228 1191 2315 oportebit3
1230 2243 1420 2314 quem
1456 2230 1539 2297 ad
1572 2230 1833 2296 modum
1867 2230 2035 2297 enim
2071 2230 2231 2297 dixit
2260 2232 2477 2299 rhetor

417 2323 828 2409 Apollonius,
890 2323 1150 2409 lacrima
1200 2323 1357 2389 nihil
1410 2323 1595 2390 citius
1659 2325 1905 2391 arescit.
2014 2325 2128 2391 sed
2180 2327 2477 2412 quoniam

421 2416 602 2496 satis,
656 2428 729 2482 ut
769 2416 1086 2496 videmur,
1142 2418 1221 2483 de
1274 2419 1568 2484 omnibus
1619 2419 1907 2506 partibus
1960 2419 2260 2486 orationis
2315 2421 2475 2486 dixi-

417 2533 559 2576 mus
622 2521 688 2575 et
747 2509 932 2576 huius
996 2510 1332 2576 voluminis
1397 2513 1770 2600 magnitudo
1832 2513 2084 2600 longius
2145 2514 2473 2602 processit,

419 2626 581 2689 quae
617 2615 967 2691 sequuntur
1003 2606 1330 2693 deinceps,
1366 2605 1435 2671 in
1472 2607 1749 2673 secundo
1786 2607 1947 2674 libro
1984 2608 2286 2676 dicemus.

927 2928 1024 2993 M.
1071 2929 1404 2996 TULLII
1449 2929 1950 2999 CICERONIS
2533 3000 2536 3004 .

450 3026 1214 3098 RHETORIOORUM
1254 3032 1517 3099 LIBRI
1557 3032 1761 3101 DUO
1808 3032 1977 3112 QUI
2024 3029 2263 3099 SUNT
2308 3035 2437 3098 DE
2551 3101 2556 3105 ,

843 3131 1412 3202 INVENTIONE
1454 3129 2025 3213 RHETORICA.

1101 3285 1338 3342 LIBER
1375 3280 1796 3342 SECUNDUS.

539 3444 946 3516 Crotoniatae
991 3451 1336 3536 quondam,
1393 3471 1539 3514 cum
1578 3449 1876 3516 florerent
1929 3451 2221 3518 omnibus
2276 3453 2471 3540 copiis

418 3550 482 3605 et
514 3541 581 3605 in
615 3541 804 3608 Italia
837 3565 981 3609 cum
1014 3545 1234 3631 primis
1271 3543 1443 3610 beati
1476 3555 1987 3627 numerarentur,
2026 3547 2331 3636 templum
2363 3547 2473 3611 Iu-

415 3634 621 3714 nonis,
658 3638 831 3721 quod
853 3638 1328 3725 religiosissime
1359 3638 1672 3719 colebant,
1710 3641 1985 3729 egregiis
2011 3641 2283 3749 picturis·
2298 3640 2473 3704 locu-

416 3727 656 3813 pletare
708 3731 1070 3809 voluerunt3
1123 3732 1334 3816 itaque
1377 3729 1806 3802 Heracleoten
1850 3737 2125 3814 Zeuxin,
2180 3732 2287 3818 qui
2340 3741 2474 3797 tum

415 3820 606 3907 longe
650 3825 875 3890 ceteris
922 3825 1227 3893 excellere
1279 3827 1647 3942 pictoribus·
1681 3829 2183 3906 existimabatur,
2238 3843 2471 3914 magno

414 3915 617 3998 pretio
664 3918 1046 3983 conductum
1099 3920 1539 3990 adhibuerunt.
1626 3925 1683 3990 is
1730 3935 1795 3990 et
1837 3935 2076 3989 ceteras
2131 3919 2471 4008 compluris

415 4007 663 4075 tabulas
697 4009 930 4097 pinxit,
970 4035 1237 4096 quarum
1269 4042 1401 4086 non
1433 4018 1607 4084 nulla
1638 4042 1788 4106 pars
1824 4038 2027 4133 usque
2064 4016 2146 4082 ad
2188 4028 2472 4084 nostram
