2784 4575
466 256 554 320 44
955 261 1372 322 CORNIFICII
1404 253 2023 320 RHETORIOORUM

467 389 740 454 incertos
801 409 972 463 esse,
1034 385 1187 470 quid
1236 385 1638 472 potissimum
1696 365 2052 450 laudemus:
2115 385 2345 463 vereri,
2408 409 2509 465 ne,

469 503 614 547 cum
656 481 856 546 multa
899 481 1270 556 dixerimus,
1323 479 1507 565 plura
1554 489 2048 564 praetereamus,
2104 488 2169 543 et
2220 501 2381 564 quae
2428 480 2513 544 si·
2602 479 2623 486 ⁸

466 575 634 642 milis
701 575 1044 642 sententias
1106 574 1430 639 habebunt
1436 598 1455 651 ;
1518 573 1745 658 quibus
1810 571 2134 639 sententiis
2200 573 2513 641 contraria

470 681 800 736 sumuntur
837 694 876 735 a
908 667 1383 754 vituperatione.

400 774 433 828 ’1
587 763 908 850 Principio
952 773 1216 828 tractato
1269 761 1481 847 aliqua
1520 761 1773 839 harum,
1827 782 1984 843 quas
2038 772 2183 827 ante
2236 782 2513 828 comme-

391 846 443 887 ¹⁸
467 859 880 936 moravimus,
915 856 1248 935 rationum,
1282 856 1558 923 narratio
1592 879 1722 922 non
1756 856 1874 920 erit
1906 855 2055 934 ulla,
2093 879 2255 940 quae
2289 879 2511 922 neces-

471 953 635 1018 sario
690 961 1136 1034 consequatur3
1203 951 1318 1016 sed
1371 951 1429 1014 si
1478 949 1631 1034 quid
1681 949 1994 1027 inciderit,
2060 970 2206 1015 cum
2257 951 2512 1036 aliquod

467 1047 705 1111 factum
740 1045 875 1112 eius
888 1093 907 1122 ,
942 1044 1023 1110 de
1059 1066 1183 1129 quo
1216 1045 1576 1128 loquemur,
1612 1043 1795 1108 nobis
1831 1044 2215 1110 narrandum
2250 1045 2332 1110 sit
2366 1066 2512 1109 cum

465 1139 653 1203 laude
707 1146 818 1201 aut
869 1137 1352 1224 vituperatione,
1415 1137 1776 1224 praeceptio
1828 1137 2125 1202 narrandi
2176 1138 2255 1204 de
2306 1137 2511 1224 primo

465 1232 626 1298 libro
660 1240 994 1316 repetetur.
1084 1230 1392 1299 divisione
1428 1230 1549 1295 hac
1581 1241 1859 1296 utemur:
1899 1253 2312 1316 exponemus,
2352 1252 2509 1314 quas

467 1347 570 1390 res
606 1324 920 1390 laudaturi
957 1323 1152 1402 simus
1189 1335 1300 1390 aut
1332 1322 1770 1411 vituperaturi3
1818 1323 2074 1401 deinde,
2118 1336 2190 1389 ut
2224 1347 2511 1408 quaeque

470 1441 674 1501 quove
721 1428 1001 1504 tempore
1043 1441 1147 1483 res
1201 1418 1320 1483 erit
1361 1429 1572 1504 gesta,
1628 1417 1846 1483 ordine
1891 1416 2200 1496 dicemus,
2252 1428 2325 1482 ut
2359 1417 2512 1503 quid

468 1531 784 1595 quamque
819 1521 952 1576 tute
987 1510 1206 1598 egerit,
1243 1511 1672 1596 intellegatur3
1711 1509 1937 1575 deinde
1974 1533 2288 1596 exponere
2325 1533 2511 1597 opor-

469 1605 626 1671 tebit
669 1604 868 1678 animi‘
903 1603 1165 1670 'virtutes
1222 1616 1331 1670 aut
1372 1604 1552 1682 vitia3
1610 1603 1836 1669 deinde
1883 1602 2215 1669 commoda
2265 1615 2374 1668 aut
2413 1602 2511 1666 in-

469 1699 802 1767 commoda
826 1699 1113 1788 ‘corporis
1161 1709 1270 1765 aut
1311 1720 1527 1766 rerum
1561 1710 1987 1775 externarum,
2044 1719 2168 1784 quo
2204 1699 2391 1763 modo
2428 1699 2509 1763 ab

471 1795 678 1860 animo
723 1804 989 1861 tractata
1041 1793 1193 1871 sint,
1248 1792 1699 1860 demonstrare.
1788 1791 2073 1860 ordinem
2114 1792 2281 1859 hunc
2334 1791 2512 1860 adhi-

468 1890 617 1953 bere
653 1887 721 1952 in
756 1887 1247 1976 demonstranda
1287 1886 1421 1952 vita
1464 1881 1796 1952 debemus:
1853 1889 1933 1952 ab
1969 1882 2243 1954 externis
2285 1890 2508 1954 rebus:

469 2003 672 2069 genus
725 1981 792 2046 in
849 1979 1067 2046 laude:
1131 1979 1358 2064 quibus
1422 1980 1763 2046 maioribus
1816 1991 2002 2047 natus
2064 1982 2173 2059 sit3
2238 1981 2293 2046 si
2340 1980 2510 2047 bono

469 2097 732 2163 genere,
777 2097 996 2160 parem
1033 2085 1141 2140 aut
1174 2073 1585 2141 excelsiorem
1628 2075 1855 2154 fuisse3
1902 2076 1958 2141 si
1991 2075 2213 2141 humili
2255 2097 2508 2164 genere,

469 2170 681 2255 ipsum
713 2167 780 2234 in
817 2167 977 2245 suis,
1021 2189 1150 2232 non
1183 2167 1250 2232 in
1282 2166 1591 2232 maiorum
1625 2167 1959 2234 virtutibus
1995 2169 2293 2236 habuisse
2328 2191 2511 2256 prae-

471 2260 700 2329 sidium
711 2286 728 2339 ς
764 2258 832 2326 in
868 2259 1350 2347 vituperatione:
1391 2261 1445 2326 si
1481 2263 1647 2328 bono
1682 2285 1943 2349 genere,
1980 2261 2272 2329 dedecori
2314 2260 2511 2327 maio-

469 2356 645 2421 ribus
681 2354 882 2421 fuisse
893 2380 911 2433 3
969 2354 1024 2419 si
1057 2354 1252 2432 ma10,
1306 2365 1519 2419 tamen
1553 2354 1651 2421 his
1686 2356 1844 2442 ipsis
1881 2356 2252 2421 detrimento
2289 2355 2507 2421 fuisse.

470 2449 756 2515 educatio
792 2448 859 2512 in
884 2448 1098 2514 laude:
1137 2442 1324 2533 quam
1350 2449 1616 2515 honeste
1651 2450 1717 2513 in
1741 2451 1925 2516 bonis
1971 2450 2316 2538 disciplinis
2353 2461 2511 2515 tem-

464 2566 621 2630 pore
675 2542 865 2609 totius
923 2542 1231 2627 pueritiae
1291 2542 1506 2621 fuerit3
1568 2542 1636 2608 in
1686 2544 2143 2630 vituperatione
2202 2544 2348 2609 inde
2401 2543 2511 2607 de·-

393 2662 444 2701 14
469 2636 716 2704 trahere
752 2646 1017 2723 oportet.
1108 2659 1147 2700 a
1181 2636 1459 2721 corporis
1507 2637 1881 2703 commodis:
1924 2637 1992 2702 in
2024 2638 2240 2702 laude:
2284 2646 2512 2702 natura

471 2731 524 2797 si
562 2731 643 2796 sit
676 2729 950 2817 dignitas
989 2740 1176 2813 atque
1211 2730 1435 2807 forma,
1470 2730 1644 2796 laudi
1678 2731 1877 2798 fuisse
1914 2754 2007 2809 ea,
2044 2754 2173 2797 non
2207 2751 2396 2814 quem
2430 2729 2513 2794 ad

467 2824 728 2889 modum
761 2822 1008 2900 ceteris,
1045 2821 1418 2893 detrimento
1448 2826 1635 2909 atque
1673 2824 1992 2901 dedecori,
2031 2824 2085 2888 si
2120 2824 2285 2888 vires
2322 2834 2511 2906 atque

468 2916 770 2980 velocitas
815 2915 1099 3001 egregia,
1155 2902 1438 2981 honestis
1484 2916 2034 2983 exercitationibus
2080 2927 2145 2980 et
2186 2915 2509 2981 industriis

469 3032 546 3074 ea
590 3006 870 3088 dicemus
918 3020 1304 3097 comparata3
1361 3010 1418 3075 si
1460 3010 1786 3086 valetudo,
1839 3019 2145 3095 perpetua
2188 3006 2513 3094 diligentia

469 3114 535 3167 et
584 3101 998 3187 temperantia
1055 3102 1493 3189 cupiditatum3
1558 3105 1625 3167 in
1677 3100 2162 3187 vituperatione:
2222 3100 2277 3164 si
2329 3112 2512 3165 erunt

469 3195 626 3260 haec
653 3195 929 3280 corporis
959 3196 1306 3273 commoda,
1331 3202 1368 3279 †
1400 3196 1477 3261 de
1497 3196 1596 3260 his
1624 3217 1812 3259 usum
1840 3193 2139 3269 dicemus,
2170 3214 2331 3277 quae
2360 3214 2510 3257 casu

470 3299 534 3353 et
577 3298 826 3367 natura,
883 3300 1204 3373 tamquam
1247 3290 1511 3374 quilibet
1555 3286 1867 3377 gladiator
1911 3286 2203 3351 habuerit
2210 3311 2229 3364 3
2286 3286 2339 3351 si
2382 3280 2511 3351 non

469 3392 668 3459 erunt,
703 3392 951 3469 praeter
986 3384 1256 3449 formam
1291 3383 1505 3448 omnia
1536 3382 1737 3469 ipsius
1775 3379 1961 3467 culpa
1994 3390 2057 3445 et
2089 3379 2511 3467 intemperan-

467 3476 556 3541 tia
588 3499 718 3541 non
751 3476 950 3543 fuisse
986 3476 1286 3543 dicemus.
1378 3476 1605 3559 deinde
1638 3486 2027 3540 revertemur
2062 3474 2144 3539 ad
2178 3484 2511 3540 extraneas

465 3594 568 3636 res
605 3581 670 3635 et
701 3571 769 3679 in
802 3572 901 3636 his
950 3571 1142 3637 animi
1192 3572 1457 3636 virtutes
1503 3580 1613 3635 aut
1644 3568 1799 3635 vitia
1841 3591 2002 3652 quae
2046 3568 2307 3646 fuerint,
2363 3588 2511 3631 con-

467 3664 911 3739 siderabimus:
966 3664 1224 3731 divitiae
1274 3688 1355 3729 an
1405 3675 1745 3752 paupertas
1796 3662 2013 3741 fuerit,
2068 3674 2133 3728 et
2184 3682 2346 3744 quae
2396 3681 2513 3767 po-

466 3768 756 3837 testates,
813 3781 974 3843 quae
1019 3758 1285 3845 gloriae,
1341 3780 1503 3843 quae
1556 3758 1893 3837 amicitiae,
1947 3778 2107 3843 quae
2150 3752 2511 3819 inimicitiae

466 3864 531 3917 et
567 3852 717 3937 quid
743 3850 1040 3918 fortiter’
1021 3876 1089 3916 ιιι
1121 3851 1461 3917 inimicitiis
1490 3852 1789 3940 gerundis
1825 3851 2072 3927 fecerit3
2110 3846 2287 3912 cuius
2319 3868 2514 3910 causa

469 3946 817 4033 susceperit
849 3946 1234 4025 inimicitias3
1274 3969 1400 4032 qua
1433 3949 1586 4026 fide,
1623 3944 2081 4021 benevolentia,
2120 3940 2328 4007 officio
2364 3962 2512 4029 ges-

469 4038 620 4103 serit
681 4039 985 4104 amicitias
996 4065 1016 4119 3
1089 4040 1158 4105 in
1219 4040 1452 4109 divitiis
1518 4038 1781 4129 [qualis]
1849 4050 1957 4105 aut
2015 4036 2082 4102 in
2139 4042 2511 4123 paupertate
