2784 4575
486 278 575 345 46
1099 288 1177 344 Μ.
1214 286 1491 346 TULLII
1527 286 1934 345 CICERONIS

484 414 657 481 idem
706 413 775 479 in
824 410 1267 501 procuratione
1320 410 1593 477 civitatis
1639 409 1936 498 egregius
1947 458 1966 489 ,
2022 410 2296 478 alienam
2348 412 2561 481 scien-

484 508 640 573 tiam
709 506 961 573 dicendi
1020 506 1206 592 copia
1262 516 1365 573 est
1431 516 1840 571 consecutus:
1910 505 2184 571 multum
2251 507 2419 573 inter
2484 532 2558 575 se

486 602 726 669 distant
784 601 947 667 istae
1009 601 1346 665 facultates
1419 600 1738 687 longeque
1800 610 1950 665 sunt
2009 600 2300 667 diversae
2361 613 2558 687 atque

488 696 813 761 seiunctae
846 716 1055 779 neque
1090 694 1313 759 eadem
1348 694 1593 760 ratione
1630 715 1706 759 ac
1739 693 1846 759 via
1875 693 1975 759 M.
2014 692 2210 772 Cato,
2254 695 2334 762 P.
2369 696 2556 761 Afri-

486 812 711 868 canus,
768 786 853 871 Q.
887 788 1224 866 Metellus,
1280 785 1357 854 C.
1394 788 1692 866 Laelius,
1745 788 1856 871 qui
1903 810 2125 855 omnes
2179 788 2551 873 eloquentes

484 884 761 962 fuerunt,
798 882 1149 949 orationem
1184 904 1366 947 suam
1403 893 1469 947 et
1499 882 1592 947 rei
1627 882 1920 968 publicae
1955 882 2330 969 dignitatem
2365 904 2553 948 exor-

384 988 454 1046 50
486 978 726 1043 nabant
733 1002 753 1056 3
804 998 1013 1062 neque
1049 976 1219 1041 enim
1254 987 1354 1041 est
1403 976 1808 1041 interdictum
1853 986 1964 1040 aut
1995 998 2036 1041 a
2068 998 2283 1041 rerum
2321 986 2555 1042 natura

486 1082 597 1137 aut
630 1094 671 1137 a
703 1070 848 1159 lege
884 1070 1095 1155 aliqua
1138 1080 1328 1153 atque
1371 1092 1577 1148 more,
1629 1080 1704 1135 ut
1749 1069 2014 1156 singulis
2068 1068 2428 1136 hominibus
2461 1092 2550 1135 ne

374 1190 454 1233 κιο
488 1166 758 1251 amplius
793 1186 987 1249 quam
1040 1164 1325 1251 singulas
1384 1164 1536 1229 artis
1590 1185 1784 1229 nosse
1817 1162 2025 1229 liceat.
2113 1184 2241 1248 qua
2270 1186 2342 1229 re
2393 1186 2549 1241 non,

486 1259 608 1323 etsi
644 1258 1197 1343 eloquentissimus
1232 1258 1510 1323 Athenis
1535 1257 1820 1323 Pericles
1853 1257 2146 1341 idemque
2177 1258 2244 1321 in
2277 1280 2354 1321 ea
2387 1256 2551 1321 civi-

484 1362 617 1419 tate
649 1351 955 1439 plurimos
992 1374 1194 1417 annos
1227 1352 1525 1439 princeps
1561 1351 1808 1417 consilii
1841 1351 2083 1439 publici
2113 1350 2259 1430 fuit,
2297 1349 2550 1417 idcirco

488 1446 775 1512 eiusdem
808 1446 1079 1513 hominis
1111 1458 1300 1531 atque
1336 1446 1489 1512 artis
1523 1457 1790 1531 utraque
1817 1446 2088 1511 facultas
2125 1444 2550 1511 existimanda

486 1551 614 1619 est,
660 1562 808 1619 nec,
862 1540 917 1605 si
947 1542 1028 1607 P.
1067 1538 1345 1607 Crassus
1388 1541 1560 1605 idem
1596 1540 1719 1605 fuit
1752 1538 2056 1623 eloquens
2095 1550 2160 1604 et
2189 1538 2346 1605 iuris
2379 1540 2550 1626 peri-

486 1647 611 1716 tus,
649 1638 732 1703 ob
767 1659 910 1705 eam
944 1658 1204 1703 causam
1228 1637 1396 1703 inest
1429 1636 1496 1701 in
1529 1636 1832 1701 facultate
1868 1635 2118 1701 dicendi
2150 1635 2307 1701 iuris
2347 1635 2547 1701 civilis

374 1754 451 1794 ιιι
491 1731 774 1799 scientia.
862 1754 1014 1797 nam
1057 1731 1113 1796 si
1154 1742 1227 1796 ut
1268 1730 1539 1816 quisque
1571 1730 1640 1795 in
1693 1729 1905 1815 aliqua
1957 1740 2091 1794 arte
2125 1739 2194 1795 et
2245 1728 2548 1793 famltate

486 1828 805 1893 excellens
842 1826 1031 1892 aliam
1066 1846 1317 1909 quoque
1353 1836 1556 1891 artem
1591 1824 1714 1890 sibi
1749 1823 2204 1910 adsumpserit,
2251 1818 2368 1911 [is]
2402 1844 2548 1910 per-

482 1922 683 1999 ficiet,
732 1933 831 1997 ut,
884 1920 1056 2003 quod
1088 1929 1420 2005 praeterea
1453 1919 1638 1998 sciet,
1671 1919 1742 1983 id
1775 1918 1941 1996 eius,
1991 1918 2061 1981 in
2095 1938 2223 2002 quo
2260 1917 2546 1996 excellet,

486 2040 637 2103 pars
674 2014 990 2099 quaedam
1040 2035 1185 2078 esse
1236 2013 1553 2093 videatur,
1613 2014 1763 2079 licet
1809 2013 1936 2078 ista
1975 2012 2220 2077 ratione
2257 2012 2544 2077 dicamus

484 2110 617 2195 pila
650 2110 813 2173 bene
850 2118 915 2172 et
948 2107 1283 2173 duodecim
1320 2108 1570 2195 scriptis
1606 2108 1824 2173 ludere
1847 2106 2178 2194 proprium
2213 2128 2356 2173 esse
2389 2106 2543 2171 iuris

488 2201 711 2279 civilis,
748 2201 1045 2285 quoniam
1078 2213 1417 2285 utrumque
1453 2224 1673 2268 eorum
1704 2203 1784 2268 P.
1808 2201 2069 2266 Mucius
2105 2202 2344 2290 optime
2376 2202 2545 2267 fece-

486 2295 596 2374 rit3
633 2297 982 2381 eademque
1014 2297 1258 2364 ratione
1294 2297 1584 2363 dicantur
1619 2308 1710 2376 et,
1755 2318 1916 2381 quos
1955 2293 2277 2384 φυσικοὺς
2313 2295 2546 2363 Graeci

480 2391 839 2470 nominant,
892 2392 1102 2459 eidem
1133 2399 1392 2480 poetae,
1447 2392 1746 2477 quoniam
1779 2391 2208 2478 Empedocles
2240 2390 2546 2480 physicus

486 2486 815 2574 egregium
864 2494 1095 2574 poema
1145 2487 1385 2553 feeerit.
1475 2509 1552 2552 ac
1585 2486 1708 2554 hoc
1741 2509 1822 2552 ne
1872 2486 2235 2574 philosophi
2285 2485 2550 2569 quidem

482 2581 636 2668 ipsi,
698 2581 809 2665 qui
868 2583 1082 2648 omnia
1146 2579 1344 2668 [sicut
1401 2579 1696 2668 propria]
1753 2603 1872 2646 sua
1931 2603 2078 2646 esse
2140 2590 2322 2664 atque
2375 2601 2416 2644 a
2471 2603 2548 2645 se

480 2675 796 2762 possideri
830 2676 1070 2755 volunt,
1108 2675 1317 2742 dicere
1354 2675 1608 2753 audent,
1646 2673 2060 2761 geometriam
2095 2685 2205 2740 aut
2235 2672 2548 2738 musicam

480 2769 845 2856 philosophi
904 2793 1077 2849 esse,
1141 2771 1291 2855 quia
1338 2770 1677 2837 Platonem
1731 2788 1950 2834 omnes
2003 2769 2072 2833 in
2121 2767 2246 2834 illis
2303 2768 2546 2833 artibus

368 2894 449 2935 218
481 2863 1098 2951 praestantissimum
1132 2865 1333 2942 fuis-se
1360 2865 1707 2942 fateantur3
1745 2885 1823 2928 ac
1857 2864 1914 2930 si
1947 2863 2076 2928 iam
2101 2862 2312 2949 placet
2339 2862 2546 2928 omnis

484 2957 635 3023 artis
690 2958 922 3023 oratori
975 2958 1388 3044 subiungere,
1451 2958 1839 3025 tolerabilius
1903 2968 2003 3024 est
2046 2957 2139 3024 sic
2187 2957 2403 3044 potius
2451 2956 2549 3020 di-

484 3073 647 3131 cere,
680 3062 772 3131 ut,
808 3053 1107 3137 quoniam
1134 3054 1385 3120 dicendi
1418 3055 1690 3119 facultas
1726 3076 1856 3119 non
1890 3053 2120 3118 debeat
2153 3073 2296 3117 esse
2328 3050 2550 3114 ieiuna

484 3157 673 3230 atque
706 3148 907 3225 nuda,
931 3148 1070 3213 ‘sed
1105 3171 1367 3234 aspersa
1402 3160 1591 3232 atque
1627 3148 1926 3213 distincta
1958 3147 2292 3211 multarum
2325 3165 2548 3210 rerum

480 3241 757 3306 iucunda
808 3241 1081 3324 quadam
1133 3241 1467 3320 varietate,
1523 3242 1607 3306 sit
1639 3241 1792 3307 boni
1839 3241 2106 3308 oratoris
2137 3237 2340 3304 multa
2376 3239 2546 3302 auri-

481 3335 603 3400 bus
642 3333 991 3420 accepisse,
1026 3335 1227 3401 multa
1259 3335 1521 3414 vidisse,
1556 3336 1758 3400 multa
1795 3335 2006 3400 animo
2039 3345 2106 3400 et
2139 3331 2542 3422 cogitatione,

478 3427 681 3494 multa
740 3427 934 3494 etiam
990 3428 1267 3516 legendo
1325 3424 1826 3517 percucurrisse,
1885 3447 2092 3512 neque
2155 3449 2234 3492 ea
2291 3435 2368 3491 ut
2429 3447 2545 3490 sua

478 3522 875 3610 possedisse,
930 3523 1046 3588 sed
1088 3534 1161 3588 ut
1202 3523 1412 3589 aliena
1433 3520 1718 3602 'libasse3
1773 3523 1978 3588 fateor
2021 3521 2192 3586 enim
2245 3519 2545 3586 callidum

470 3617 797 3702 quendam
828 3617 1001 3683 hunc
1034 3628 1100 3682 et
1130 3617 1307 3682 nulla
1338 3617 1408 3681 in
1447 3639 1520 3682 re
1553 3618 1824 3683 tironem
1857 3637 1932 3682 ac
1964 3615 2190 3680 rudem
2213 3635 2338 3680 nec
2360 3633 2548 3702 pere-

480 3712 734 3800 grinum
768 3723 957 3796 atque
992 3711 1309 3797 hospitem
1340 3710 1410 3776 in
1445 3713 1694 3798 agendo
1730 3733 1876 3777 esse
1910 3710 2162 3776 debere.

376 3805 443 3860 51
598 3807 823 3890 Neque
858 3828 1010 3872 vero
1045 3804 1185 3870 istis
1221 3806 1566 3891 tragoediis
1602 3806 1749 3885 tuis,
1784 3805 2015 3890 quibus
2049 3804 2145 3869 uti
2177 3800 2548 3892 philosophi

366 3879 445 3918 ²¹⁹
480 3900 755 3966 maxime
794 3900 1027 3977 solent,
1085 3896 1353 3978 Crasse,
1397 3901 1762 3987 perturbor,
1808 3898 1979 3984 quod
2009 3899 2102 3964 ita
2137 3895 2384 3974 dixisti,
2429 3917 2546 3961 ne-

479 3995 717 4059 minem
746 4017 941 4080 posse
968 4017 1187 4060 eorum
1210 3995 1463 4073 mentis,
1499 3996 1609 4080 qui
1643 3996 1962 4072 audirent,
2001 4004 2113 4060 aut
2144 3991 2543 4057 inflammare

482 4087 750 4152 dicendo
788 4098 898 4152 aut
928 4088 1347 4153 inflammatas
1384 4091 1798 4176 restinguere,
1837 4111 1980 4154 cum
2018 4109 2094 4154 eo
2128 4085 2407 4152 maxime
2443 4084 2544 4151 vis
