2784 4575
852 306 956 362 DE
994 305 1358 364 ORATORE
1393 309 1499 364 111.
1535 309 1775 365 83-92.
2217 299 2340 366 163

283 430 708 507 commodum,
745 440 984 508 cantat3
1023 442 1122 496 est
1148 431 1316 495 enim
1339 431 1815 516 paterfamiliae,
1853 445 1951 498 est
1986 455 2180 518 eques
2208 436 2343 504 Ro-

281 547 510 591 manus
519 549 540 603 3
591 545 753 610 puer
807 523 1024 588 didicit
1075 524 1248 609 quod
1297 525 1671 590 discendum
1720 525 1859 592 fuit.
1966 528 2190 593 eadem
2238 553 2341 594 ra·-

280 619 372 685 tio
409 629 510 685 est
541 617 769 683 harum
822 619 1050 683 artium
1101 619 1545 684 maximarumt
1600 619 1736 686 dies
1782 630 1845 686 et
1885 621 2089 687 noctis
2134 622 2340 688 virum

287 735 535 779 summa
569 711 802 777 virtute
840 721 904 777 et
945 712 1282 798 prudentia
1323 712 1725 792 videbamuS,
1778 713 2157 802 philosopho
2194 738 2339 782 cum

283 827 543 893 operam
577 806 784 884 daret,
823 803 906 887 Q.
939 805 1377 886 Tuberonem3
1415 818 1480 872 at
1515 808 1649 872 eius
1686 807 2065 873 avunculum
2099 809 2209 874 vix
2240 809 2339 874 in-

283 901 619 986 tellegeres
654 899 723 964 id
757 903 974 986 agere,
1023 923 1168 965 cum
1204 911 1423 987 ageret
1456 911 1696 980 tamen,
1730 902 2125 968 Africanum.
2214 903 2339 970 ista

283 994 613 1058 discuntur
646 992 861 1070 facile,
918 994 975 1058 si
1009 1004 1072 1060 et
1106 1004 1353 1059 tantum
1389 1018 1634 1073 sumas,
1688 1007 1993 1079 quantum
2036 1019 2196 1083 opus
2234 997 2333 1074 sit,

284 1098 350 1153 et
381 1087 621 1152 habeas
657 1087 766 1171 qui
809 1088 1036 1155 docere
1087 1088 1357 1154 fideliter
1408 1089 1613 1175 possit
1656 1101 1721 1154 et
1765 1089 1927 1154 scias
1974 1090 2164 1156 etiam
2196 1088 2335 1177 ipse

283 1181 528 1247 discere
536 1205 555 1259 3
591 1180 706 1246 sed
732 1180 788 1246 si
813 1191 946 1247 tota
973 1180 1104 1248 vita
1129 1181 1286 1246 nihil
1311 1182 1470 1248 velis
1498 1183 1670 1247 aliud
1696 1205 1905 1270 agere,
1938 1183 2082 1270 ipsa
2106 1195 2335 1249 tracta-
2377 1209 2431 1250 ss

279 1272 370 1339 tio
415 1283 481 1340 et
523 1275 810 1356 quaestio
864 1274 1092 1341 cotidie
1147 1298 1228 1340 ex
1272 1298 1342 1342 se
1396 1275 1602 1364 gignit
1652 1275 1914 1362 aliquid,
1968 1276 2138 1361 quod
2190 1299 2333 1342 cum

283 1367 606 1433 desidiosa
639 1366 1054 1435 delectatione
1089 1368 1390 1457 vestiges.
1476 1370 1569 1436 ita
1600 1371 1690 1448 fit,
1724 1381 1797 1436 ut
1832 1370 2087 1458 agitatio
2122 1393 2333 1436 rerum

285 1461 369 1526 sit
400 1459 670 1539 infinita,
719 1461 996 1548 cognitio
1031 1462 1263 1540 facilis,
1321 1463 1377 1528 si
1410 1487 1566 1529 usus
1604 1463 1951 1529 doctrinam
1986 1464 2329 1541 confirmet,

279 1555 614 1621 mediocris
652 1576 845 1641 opera
895 1555 1232 1634 tribuatur,
1285 1557 1589 1623 memoria
1634 1558 2033 1641 studiumque
2083 1579 2333 1644 permae

277 1659 457 1728 neat3
509 1648 664 1714 libet
699 1659 912 1714 autem
963 1672 1215 1735 semper
1268 1650 1511 1716 discere
1520 1677 1539 1729 3
1592 1661 1666 1716 ut
1708 1650 1764 1716 si
1805 1651 1997 1716 velim
2031 1673 2152 1737 ego
2187 1651 2331 1716 talis

279 1743 516 1831 optime
566 1742 784 1808 ludere
839 1753 948 1807 aut
995 1743 1165 1829 pilae
1227 1743 1437 1808 studio
1489 1754 1735 1823 tenear,
1796 1744 1986 1810 etiam
2039 1743 2330 1822 fortasse,

282 1838 340 1904 si
391 1836 653 1923 adsequi
703 1861 833 1903 non
884 1836 1128 1924 possim
1137 1863 1156 1916 3
1213 1847 1277 1902 at
1321 1837 1454 1915 alii,
1510 1839 1659 1922 quia
1706 1837 2029 1925 praeclare
2071 1836 2330 1914 faciunt,

279 1932 712 1998 vehementius
725 1981 744 2010 ,
797 1953 988 2016 quam
1041 1953 1236 1998 causa
1276 1933 1584 2019 postulat,
1638 1933 2055 2010 delectantur,
2107 1941 2180 1996 ut
2220 1931 2334 1996 Ti-

278 2026 402 2092 tius
454 2027 613 2114 pila,
664 2026 891 2092 Brulla
942 2027 1107 2093 talis.
1195 2048 1322 2114 qua
1353 2051 1425 2095 re
1458 2027 1617 2093 nihil
1651 2038 1749 2093 est
1792 2027 1963 2112 quod
1998 2026 2332 2111 quisquam
2373 2051 2427 2092 ss

277 2122 778 2208 magnitudinem
832 2121 1062 2186 artium
1106 2143 1188 2187 ex
1239 2145 1348 2200 ec,
1402 2123 1574 2208 quod
1618 2144 1803 2189 senes
1858 2122 2138 2199 discunt,
2190 2143 2335 2206 per-

278 2215 596 2295 timescat,
647 2236 921 2300 namque
959 2225 1067 2281 aut
1119 2237 1305 2282 senes
1344 2217 1428 2280 ad
1466 2239 1575 2282 eas
1621 2225 2023 2282 accesserunt
2076 2223 2185 2280 aut
2226 2237 2335 2278 us·-

281 2330 406 2391 que
459 2309 541 2373 ad
593 2320 979 2376 senectutem
1029 2311 1098 2375 in
1151 2312 1374 2377 studiis
1440 2312 1797 2392 detinentur
1849 2321 1957 2377 aut
2010 2321 2158 2376 sunt
2207 2320 2334 2375 tar-

285 2400 570 2477 dissimi3
652 2426 756 2469 res
809 2405 1066 2489 quidem
1117 2426 1187 2471 se
1237 2427 1383 2471 mea
1445 2405 1757 2471 sententia
1810 2403 1903 2470 sic
1954 2404 2174 2481 habet,
2240 2413 2330 2480 ut,

277 2494 404 2561 nisi
438 2496 610 2579 quod
644 2498 906 2583 quisque
943 2500 1067 2566 cito
1101 2500 1403 2622 potuerit,
1458 2520 1803 2584 numquam
1839 2496 2091 2563 omnino
2129 2495 2334 2581 possit

276 2590 676 2677 perdiscere?
751 2592 924 2671 ‘iam,
951 2593 1120 2672 iam,'
1156 2594 1360 2678 inquit
1396 2591 1665 2658 Catulus
1696 2591 2044 2677 ‘intelleg0,
2074 2586 2330 2666 Crasse,
2366 2584 2438 2695 2¹3

280 2684 436 2767 quid
465 2684 670 2763 dicas3
725 2695 789 2751 et
831 2686 1086 2754 hercule
1131 2687 1479 2766 adsentior3
1536 2684 1689 2752 satis
1725 2683 1909 2750 video
1946 2683 2060 2749 tibi
2092 2681 2335 2748 homini
2374 2657 2401 2695 ⁹

281 2778 365 2843 ad
421 2778 908 2866 perdiscendum
977 2781 1280 2846 acerrimo
1342 2780 1425 2845 ad
1486 2803 1563 2845 ea
1619 2775 2101 2889 cognoscenda,
2170 2796 2333 2859 quae

281 2871 470 2951 dicis,
521 2873 722 2939 fuisse
774 2874 1117 2961 temporis!
1209 2873 1563 2962 ‘pergisne'
1614 2870 1820 2958 inquit
1856 2868 2199 2936 Crassus‘
2208 2892 2332 2947 mc,

285 2986 450 3048 quae
485 2965 718 3045 dicam,
772 2967 852 3033 de
885 2990 1019 3047 me,
1071 2992 1202 3035 non
1246 2968 1324 3034 de
1359 2990 1430 3034 re
1462 2978 1687 3055 putare
1731 2963 1977 3030 dicere?
2032 2962 2207 3029 sed'
2186 2986 2335 3039 1am,

289 3056 346 3122 si
399 3058 636 3144 placet,
689 3059 772 3124 ad
823 3059 1111 3127 instituta
1151 3060 1505 3127 redeamus,
1510 3060 1527 3091 ’
1617 3058 1799 3123 ‘mihi
1833 3056 2013 3123 vero'
2068 3054 2335 3121 Catulus

281 3150 490 3236 inquit
525 3153 803 3240 ‘Jplacet

400 3246 572 3311 Tum
626 3244 902 3313 Crassus
965 3253 1298 3333 ‘quorsum
1347 3247 1541 3335 igitur
1589 3248 1749 3312 haec
1803 3242 2075 3332 spectat'
2136 3239 2336 3325 inquit
2372 3264 2432 3305 «ιι

283 3344 446 3403 ‘tam
479 3339 674 3427 longa
707 3351 772 3405 et
806 3350 937 3407 tam
973 3340 1096 3407 alte
1129 3341 1401 3429 repetita
1452 3340 1689 3407 oratio?
1738 3338 1860 3404 hae
1896 3339 2059 3403 duae
2103 3346 2337 3421 partes,

283 3450 448 3515 quae
480 3432 636 3497 mihi
671 3444 1028 3521 supersunt,
1062 3434 1495 3500 inlustrandae
1531 3433 1830 3500 orationis
1869 3454 1944 3497 ac
1978 3430 2172 3496 totius
2210 3427 2341 3493 elo-

283 3522 582 3607 quentiae
615 3527 1052 3606 cumulandae,
1089 3549 1375 3638 quarum·
1391 3528 1590 3594 altera
1624 3526 1748 3591 dici
1781 3524 2065 3612 postulat
2096 3532 2336 3599 ornate,

281 3616 484 3684 altera
542 3631 718 3707 apte,
789 3622 954 3687 hanc
1016 3622 1256 3689 habent
1313 3622 1473 3701 vim,
1533 3632 1608 3687 ut
1668 3620 1751 3686 sit
1810 3639 2003 3704 quam
2060 3616 2337 3683 maxime

277 3710 574 3792 iucunda,
611 3736 805 3798 quam
838 3716 1112 3784 maxime
1145 3717 1215 3782 in
1252 3738 1477 3782 sensus
1506 3736 1742 3792 eorum,
1781 3713 1892 3798 qui
1928 3711 2209 3788 audiunt,
2244 3710 2341 3773 in-
2529 3797 2533 3805 Ι

280 3805 437 3871 fluat
471 3817 536 3872 et
571 3829 765 3893 quam
797 3808 1083 3895 plurimis
1122 3810 1205 3876 sit
1235 3811 1427 3875 rebus
1463 3810 1798 3885 instructa3
1851 3806 2340 3871 instrumentum
2382 3826 2434 3867 92

283 3907 495 3964 autem
545 3900 670 3967 hoc
721 3902 1002 3982 forense,
1055 3902 1431 3991 litigiosum,
1488 3924 1659 3979 acre,
1712 3910 1984 3965 tractum
2036 3921 2117 3964 ex
2167 3896 2341 3982 volgi

281 3991 686 4079 opinionibus
731 3996 1031 4084 exiguum
1067 4019 1344 4082 saneque
1379 3995 1737 4079 mendicum
1771 4003 1897 4071 est3
1932 3992 2089 4057 illud
2121 4010 2341 4057 rursus

279 4086 514 4173 ipsum,
553 4091 723 4174 quod
757 4092 1010 4157 tradunt
1042 4090 1167 4170 isti,
1205 4092 1313 4174 qui
1344 4074 1717 4179 profitentur
1753 4110 1822 4155 se
1859 4088 2107 4153 dicendi
2140 4083 2343 4171 magi-

1888 4190 1991 4243 n
