2784 4575
833 260 938 315 DE
975 254 1341 315 ORATORE
1374 260 1421 313 1.
1459 258 1762 313 103-113,
2242 246 2327 311 23

266 410 353 451 ex
386 387 575 452 rebus
628 384 881 472 penitus
933 382 1285 471 perspectis
1336 382 1652 468 planeque
1698 380 1966 468 cognitis
2013 391 2200 465 atque
2245 382 2328 447 ab

266 478 584 566 opinionis
622 477 877 543 arbitrio
914 476 1214 543 seiunctis
1250 475 1639 559 scientiaque
1672 474 2164 561 comprehensis,
2199 498 2330 541 non

270 574 427 640 mihi
473 574 721 640 videtur
765 596 868 639 ars
922 571 1189 638 oratoris
1243 594 1388 637 esse
1438 571 1599 650 ulla3
1654 579 1804 635 sunt
1844 567 2013 634 enim
2056 569 2233 635 varia
2265 582 2334 635 et

269 668 357 733 ad
390 666 713 756 volgarem
742 664 1241 755 popularemque
1294 688 1555 731 sensum
1593 663 2075 730 adcommodata
2118 662 2332 729 omnia

270 784 509 851 genera
557 761 745 827 huius
798 760 1071 827 forensis
1123 771 1380 826 nostrae
1434 758 1724 825 dictionis
1735 784 1755 837 3
1818 758 1918 823 sin
1970 769 2182 823 autem
2233 780 2329 837 ea,
2367 780 2442 824 ιοο

266 880 436 943 quae
488 857 829 923 observata
865 865 1014 921 sunt
1042 855 1111 920 in
1145 876 1269 920 usu
1306 876 1379 919 ac
1413 854 1787 920 tractatione
1839 852 2117 931 dicendi,
2170 852 2331 919 haec

268 952 355 1017 ab
390 950 751 1017 hominibus
806 948 1051 1015 callidis
1105 970 1181 1014 ac
1222 949 1444 1036 peritis
1498 948 1942 1014 animadversa
1984 968 2059 1013 ac
2093 958 2329 1025 notata,

272 1044 486 1111 verbis
524 1044 811 1121 definita,
865 1042 1205 1130 generibus
1257 1042 1619 1121 inlustrata,
1673 1040 1961 1131 partibus
1997 1040 2334 1107 distributa

276 1148 425 1203 sunt
455 1174 547 1185 -
576 1137 646 1202 id
688 1137 862 1222 quod
911 1136 1099 1203 video
1154 1137 1440 1223 potuisse
1491 1136 1631 1202 fieri
1660 1172 1777 1214 —-,
1829 1157 1960 1201 non
2009 1134 2329 1223 intellego,

267 1254 466 1317 quam
511 1230 595 1296 ob
637 1254 775 1297 rem
824 1254 983 1310 non,
1040 1230 1095 1296 si
1136 1231 1345 1297 minus
1390 1230 1503 1295 illa
1553 1229 1770 1295 subtili
1822 1228 2214 1308 definitione,
2265 1241 2333 1295 at

273 1324 395 1389 hac
428 1325 673 1411 volgari
708 1324 1003 1412 opinione
1040 1348 1141 1390 ars
1179 1346 1323 1390 esse
1374 1324 1682 1389 videatur.
1772 1324 1887 1388 sed
1922 1323 2056 1389 sive
2092 1334 2192 1390 est
2225 1346 2329 1389 ars

276 1416 415 1482 sive
450 1419 602 1483 artis
636 1420 952 1504 quaedam
988 1418 1359 1496 similitudo,
1414 1441 1544 1484 non
1579 1428 1678 1483 est
1713 1440 1790 1483 ea
1823 1417 2080 1501 quidem
2112 1418 2332 1507 negle-

273 1511 515 1599 genda3
568 1533 792 1577 verum
841 1512 1338 1599 intellegendum
1390 1522 1492 1579 est
1525 1512 1650 1578 alia
1682 1512 1993 1596 quaedam
2045 1512 2129 1578 ad
2179 1533 2334 1578 con-

272 1606 663 1691 sequendam
723 1605 1148 1690 eloquentiam
1214 1628 1357 1672 esse
1417 1605 1707 1673 maiora.’
1813 1616 1949 1671 tum
2005 1606 2327 1672 Antonius
2363 1602 2442 1714 ἓξ

274 1700 683 1765 vehementer
736 1721 805 1765 se
858 1699 1161 1765 adsentiri
1215 1698 1460 1767 Crasso
1512 1699 1697 1779 dixit,
1763 1699 1937 1783 quod
1984 1721 2191 1784 neque
2241 1700 2332 1765 ita
2366 1677 2409 1715 ¹¹

269 1794 756 1880 amplecteretur
790 1805 1018 1872 artem,
1072 1804 1146 1859 ut
1178 1794 1239 1861 ei
1275 1794 1577 1873 solerent,
1629 1793 1741 1878 qui
1775 1816 2029 1860 omnem
2070 1792 2203 1858 vim
2236 1792 2334 1858 di-

268 1887 457 1954 cendi
488 1887 558 1953 in
600 1899 734 1954 arte
776 1898 1114 1975 ponerent,
1164 1909 1372 1973 neque
1425 1910 1646 1955 rursus
1691 1912 1834 1953 eam
1885 1898 2111 1966 totam,
2167 1888 2332 1953 sicut

268 1981 553 2069 plerique
585 1981 951 2069 philosophi
985 1981 1295 2061 facerent,
1348 1982 1729 2070 repudiaret.
1819 1982 1966 2047 ‘sed
2008 1981 2329 2047 existimo’

266 2076 472 2161 inquit
524 2081 809 2165 ‘gratum
856 2088 918 2142 te
962 2076 1092 2155 his,
1149 2074 1418 2156 Crasse,
1470 2077 1816 2155 facturum,
1872 2077 1928 2141 si
1968 2078 2094 2143 ista
2134 2099 2331 2165 expo-

270 2170 502 2247 sueris,
538 2193 700 2257 quae
733 2182 923 2259 putas
960 2171 1043 2235 ad
1078 2170 1416 2237 dicendum
1448 2171 1624 2258 plus,
1661 2194 1852 2256 quam
1887 2171 2106 2257 ipsam.
2129 2182 2330 2237 artem

270 2284 463 2350 posse
496 2265 841 2352 prodesse?
932 2265 1169 2332 ‘dicam
1203 2266 1530 2352 equidem,
1573 2265 1874 2353 quoniam
1905 2265 2177 2344 institui,
2214 2289 2328 2354 pe-
2363 2293 2440 2333 111

270 2368 527 2441 tamque
562 2381 601 2423 a
634 2359 867 2438 vobis,’
920 2361 1126 2445 inquit
1176 2367 1287 2427 ‘ne
1320 2360 1440 2426 has
1483 2383 1662 2427 meas
1705 2360 1975 2446 ineptias
2019 2360 2327 2438 efferatis3

264 2472 655 2536 quamquam
698 2453 1074 2520 moderabor
1125 2453 1294 2542 ipse,
1345 2477 1430 2520 ne
1470 2465 1544 2520 ut
1587 2454 1845 2539 quidam
1886 2453 2190 2542 magister
2233 2464 2329 2518 at-

264 2567 395 2630 que
451 2545 707 2624 artifex,
771 2546 887 2612 sed
946 2547 1132 2631 quasi
1188 2571 1355 2614 unus
1411 2571 1448 2614 e
1499 2559 1860 2636 togatorum
1918 2570 2182 2614 numero
2233 2557 2328 2611 at-

266 2661 397 2723 que
434 2662 515 2704 ex
549 2639 791 2706 forensi
824 2664 950 2706 usu
982 2642 1174 2708 homo
1224 2641 1562 2708 mediocris
1599 2665 1805 2728 neque
1860 2642 2116 2708 omnino
2149 2641 2325 2705 rudis

271 2731 493 2798 videar
524 2755 654 2799 non
686 2733 827 2820 ipse
863 2758 903 2798 a
936 2757 1039 2800 me
1076 2735 1314 2819 aliquid
1362 2735 1764 2822 promisisse,
1819 2736 1935 2802 sed
1967 2733 2226 2801 fortuito
2259 2734 2328 2798 in

271 2848 628 2893 sermonem
663 2838 946 2895 vestrum
980 2828 1299 2896 incidisse.
1370 2829 1664 2914 equidem
1699 2852 1846 2895 cum
1878 2840 2159 2917 peterem
2191 2829 2330 2893 ma-
2361 2856 2438 2897 ιιι

268 2920 639 3009 gistratum,
694 2923 977 2991 solebam
1026 2925 1093 2991 in
1142 2926 1505 3012 prensando
1556 2926 1870 2992 dimittere
1912 2949 1953 2992 a
1994 2948 2096 2992 me
2135 2923 2331 2992 Scae-

272 3017 513 3095 volam,
570 3039 714 3084 cum
758 3019 850 3084 ita
884 3019 943 3086 ei
978 3020 1281 3098 dicerem,
1335 3043 1441 3086 me
1491 3021 1658 3086 velle
1709 3041 1852 3086 esse
1893 3021 2210 3107 ineptum,
2261 3019 2329 3085 id

265 3121 433 3190 erat,
478 3124 693 3198 petere
725 3113 1053 3195 blandius,
1098 3114 1297 3200 quod,
1342 3114 1470 3180 nisi
1501 3113 1716 3202 inepte
1749 3115 1957 3192 fieret,
2000 3116 2164 3181 bene
2197 3137 2329 3181 non

266 3219 488 3294 posset
525 3208 690 3287 fieri3
726 3243 817 3257 —-
856 3209 1024 3274 hunc
1069 3223 1282 3275 autem
1330 3207 1612 3296 [semper
1653 3205 1956 3295 iudicavi]
2003 3206 2328 3273 hominem

262 3321 414 3364 esse
446 3323 644 3366 unum
678 3324 759 3367 ex
794 3293 1115 3382 omnibus,
1162 3326 1289 3388 quo
1322 3311 1659 3389 praesente
1695 3324 1817 3390 ego
1861 3301 2148 3388 ineptum
2182 3322 2326 3366 esse

268 3413 374 3456 me
406 3391 663 3459 minime
696 3395 927 3461 vellem
942 3418 1239 3481 —quem
1272 3394 1530 3480 quidem
1555 3417 1726 3461 nunc
1750 3419 2035 3482 mearum
2061 3395 2328 3481 ineptia-

270 3507 412 3551 rum
447 3494 675 3551 testem
726 3498 791 3552 et
841 3500 1261 3575 spectatorem
1294 3488 1552 3555 fortuna
1585 3490 1937 3557 constituit:
1990 3510 2140 3552 nam
2174 3487 2328 3570 quid

264 3589 372 3645 est
402 3578 707 3666 ineptius,
742 3602 935 3665 quam
969 3581 1050 3648 de
1085 3582 1351 3648 dicendo
1398 3583 1637 3661 dicere,
1692 3605 1838 3648 cum
1868 3581 2082 3668 ipsum
2116 3579 2326 3661 dicere

268 3695 614 3759 numquam
658 3674 742 3740 sit
781 3699 911 3742 non
952 3675 1266 3764 ineptum,
1317 3677 1445 3744 nisi
1488 3699 1633 3743 cum
1678 3688 1779 3742 est
1827 3673 2324 3742 necessarium?

266 3773 494 3856 ‘perge
545 3792 727 3849 vero,
782 3767 1068 3850 Crasse,
1120 3770 1323 3857 inquit
1363 3771 1656 3851 Mucius3
1711 3771 1929 3836 ‘istam
1979 3767 2149 3834 enim
2193 3767 2328 3832 cul-
2361 3791 2440 3834 ns

268 3882 447 3948 pam,
501 3884 691 3946 quam
725 3864 992 3942 vereris,
1047 3887 1169 3952 ego
1202 3864 1585 3953 praestabo?
1674 3863 1798 3930 ‘sic
1847 3862 2068 3950 igitur’
2121 3861 2326 3947 inquit
2357 3873 2430 3930 25

268 3951 551 4021 Crassus
588 3957 851 4038 ‘sentio,
893 3969 1184 4025 naturam
1216 3960 1490 4047 primum
1529 3968 1718 4044 atque
1749 3956 2078 4046 ingenium
2111 3956 2196 4022 ad
2229 3957 2326 4023 di-

263 4046 544 4114 cendum
577 4049 705 4116 vim
742 4052 989 4120 adferre
1023 4053 1393 4132 maximam,
1439 4073 1646 4137 neque
1680 4075 1832 4119 vero
1867 4051 2036 4132 istis,
2073 4050 2151 4118 de
2185 4050 2326 4137 qui-
