2784 4575
887 262 1177 352 TOPICA
1212 266 1451 321 17-28.
1504 328 1509 332 ,
2066 254 2198 322 879

127 391 608 475 auctoritasque
641 387 824 456 fundi
855 386 1183 463 biennium
1215 399 1342 467 est,
1398 387 1485 455 sit
1516 387 1713 455 etiam
1742 388 2013 455 aedium.
2104 396 2201 459 ‘at

127 488 195 553 in
241 487 397 573 lege
439 486 629 551 aedes
683 508 811 551 non
855 483 1253 571 appellantur
1304 494 1371 549 et
1412 494 1561 553 sunt
1604 494 1956 552 ceterarum
1986 506 2201 553 renna

127 580 479 691 omnium,
489 599 756 665 quarum
791 600 1038 661 annuus
1066 587 1168 648 est
1187 575 1386 643 usus!
1457 576 1667 647 valeat
1692 577 1999 663 aequitas,
2035 600 2199 665 quae

127 674 454 765 paribus
434 697 504 739 m
537 672 746 739 causis
797 672 978 759 paria
1019 671 1162 741 iura
1211 670 1549 740 desiderat.
1636 693 1801 757 quae
1836 684 2049 741 autem
2086 675 2196 741 ad-
2224 700 2281 741 ιι

127 781 476 839 sumuntur
509 766 932 845 extrinsecus,
985 788 1066 834 ea
1097 764 1372 836 maxime
1414 788 1499 837 ex
1532 766 1903 837 auctoritate
1952 768 2197 835 ducun-

127 878 262 943 tur3
299 864 518 948 itaque
556 859 788 929 Graeci
822 860 966 928 talis
1003 860 1597 949 argumentationes
1610 856 1917 945 ἀτέχνους
1947 876 2201 944 vocant,

127 960 198 1025 id
234 970 366 1036 est,
421 957 572 1023 artis
611 954 918 1041 expertis,
969 964 1042 1024 ut
1087 954 1142 1020 si
1175 954 1270 1026 ita
1313 955 1735 1041 respondeas:
1788 957 2086 1041 quoniam
2116 959 2198 1025 P.

129 1050 457 1118 Scaevola
491 1050 559 1118 id
596 1048 805 1116 solum
837 1069 985 1121 esse
1014 1048 1294 1125 ambitus
1331 1048 1585 1123 aedium
1620 1050 1873 1129 dixerit,
1926 1074 2051 1136 quo
2085 1076 2203 1139 pae-

126 1146 313 1213 rietis
371 1143 758 1222 communis
779 1142 1039 1236 tegendi
1089 1164 1286 1212 causa
1343 1154 1585 1217 tectum
1641 1145 2056 1233 proiceretur,
2118 1170 2201 1213 ex

128 1262 264 1325 quo
311 1250 482 1308 teoto
513 1239 582 1305 in
618 1238 753 1310 eius
792 1232 1001 1316 aedis,
1053 1238 1164 1353 qui
1204 1238 1616 1351 protexisset,
1672 1261 1839 1325 aqua
1871 1240 2197 1347 deflueret,
2306 1240 2314 1247 “

126 1334 198 1401 id
235 1333 406 1399 tibi·
382 1356 486 1401 ms
519 1332 742 1403 videri.

253 1428 384 1493 His
437 1427 638 1515 igitur
679 1426 841 1493 locis
848 1474 869 1505 ,
923 1426 1034 1510 qui
1085 1436 1234 1492 sunt
1286 1427 1587 1513 expositi,
1640 1428 1723 1495 ad
1770 1452 1957 1496 omne
2010 1454 2197 1517 argu·-
2224 1451 2281 1491 25

128 1533 450 1601 mentum,
512 1532 836 1605 tamquam
887 1519 1217 1597 elementis
1271 1521 1653 1605 quibusdam
1704 1522 2082 1609 significatio
2133 1535 2199 1591 et

131 1616 591 1684 demonstratio
625 1616 711 1681 ad
741 1614 1185 1702 reperiendum
1229 1615 1449 1684 datur:
1503 1624 1713 1683 utrum
1766 1616 1958 1703 igitur
1982 1617 2202 1683 hacte-

129 1734 256 1777 nus
313 1710 470 1777 satis
512 1712 648 1777 est?
699 1710 814 1777 tibi
866 1711 1124 1796 quidem
1175 1720 1310 1778 tam
1363 1722 1549 1779 acuto
1600 1722 1667 1779 et
1716 1722 1847 1777 tam
1888 1725 2197 1801 occupato

128 1817 310 1894 puto.
401 1806 520 1873 sed
569 1805 868 1890 quoniam
921 1806 1179 1873 avidum
1226 1805 1553 1876 hominem
1606 1806 1693 1871 ad
1740 1806 1859 1871 has
1906 1806 2195 1873 'discendi
2230 1814 2271 1869 5

131 1900 356 1987 epulas
408 1900 649 1987 recepi,
707 1899 799 1965 sic
851 1899 1185 1986 accipiam,
1247 1912 1325 1965 ut
1380 1899 1789 1985 reliquiarum
1842 1900 1925 1966 sit
1982 1901 2195 1987 potius

132 1993 376 2079 aliquid
435 2014 628 2079 quam
689 2006 752 2062 te
819 1994 966 2062 hinc
1024 1996 1232 2081 patiar
1291 2018 1423 2061 non
1484 1995 1781 2061 satiatum
1848 1995 2195 2062 discedere.

131 2089 388 2172 quando
445 2110 600 2175 ergo
633 2108 800 2153 unus
845 2088 1115 2173 quisque
1167 2112 1388 2155 eorum
1437 2088 1751 2167 locorum,
1804 2110 1966 2173 quos·
2002 2112 2198 2176 expo-
2224 2109 2281 2148 26

135 2182 265 2259 sui,
323 2206 440 2255 sua
474 2184 788 2267 quaed-am
821 2182 1016 2255 habet
1066 2185 1380 2263 membra,
1444 2206 1523 2249 ea
1556 2205 1754 2268 quam
1784 2184 2197 2250 subtilissime
2288 2196 2291 2201 '

132 2297 617 2362 persequamur,
656 2287 720 2342 et
753 2276 1028 2364 primum
1063 2278 1143 2346 de
1179 2278 1324 2366 ipsa
1355 2278 1722 2345 definitione
1754 2278 2017 2345 dicatur.
2089 2280 2200 2344 de·-

135 2367 337 2434 finitio
373 2379 474 2434 est
507 2369 736 2446 oratio,
791 2392 954 2453 quae
995 2371 1094 2449 id,
1147 2373 1318 2455 quod
1359 2371 1684 2450 definitur,
1738 2372 2013 2458 explicat
2047 2373 2201 2456 quid

139 2462 221 2528 sit
227 2487 247 2540 3
311 2461 746 2532 definitionum
783 2474 1014 2532 autem
1041 2464 1192 2530 ‘duo
1244 2487 1483 2550 genera
1533 2465 1769 2550 prima:
1830 2487 2032 2530 unum
2092 2488 2199 2530 ea·-

135 2579 280 2624 rum
310 2577 554 2634 rerum,
607 2575 770 2639 quae
807 2566 954 2623 sunt
961 2581 980 2634 3
1019 2556 1286 2624 alterum
1321 2579 1567 2635 earum,
1622 2579 1787 2641 qnae
1820 2557 2217 2645 intellegam-⁹

139 2663 260 2714 tur.
349 2671 491 2714 esse
528 2671 608 2716 ea-
639 2649 812 2726 dico,
865 2661 1030 2733 quae
1079 2650 1252 2714 cerni
1285 2650 1545 2737 tangive
1595 2661 1901 2736 possunt,-
1947 2662 2020 2716 ut
2053 2651 2197 2716 fun-
2220 2673 2278 2712 ιτ

140 2744 317 2819 dum,
357 2743 569 2820 aedes,
605 2743 932 2830 parietem,
969 2742 1388 2822 stillicidium,-
1421 2743 1827 2830 mancipium,
1862 2745 2195 2831 pecudem,-

141 2836 620 2924 supellectilem,
684 2861 921 2924 penus,
949 2851 958 2856 '
983 2849 1220 2917 cetera3
1275 2859 1403 2922 quo
1464 2859 1546 2904 ex
1598 2839 1831 2925 genere
1884 2839 2199 2924 quaedam

140 2931 452 2999 interdum
487 2933 670 2998 vobis
699 2932 1059 3000 definienda
1095 2941 1262 3001 sunt.
1331 2954 1632 3000 nonesse
1664 2956 1889 3000 rursus
1924 2957 2001 3000 ea
2034 2934 2199 3012 dieo,

143 3049 304 3110 quae
332 3027 508 3114 tangi
537 3027 1036 3094 demonstrarive
1061 3051 1191 3095 non
1217 3034 1506 3114 possunt,
1526 3026 1699 3092 cerni
1726 3038 1939 3092 tamen
1966 3027 2203 3106 animo,

142 3131 328 3206 atque
376 3120 659 3210 intellegi
705 3133 1007 3209 possunt,
1043 3132 1134 3190 ‘ut
1168 3121 1223 3188 si
1273 3121 1755 3208 usucapionem,
1808 3121 1865 3186 si
1916 3121 2199 3201 tutelam,

143 3217 198 3282 si
249 3224 530 3302 gentem,
585 3217 642 3282 si
694 3217 1100 3304 agnationem
1151 3216 1413 3282 definias
1426 3262 1445 3295 ,
1492 3237 1760 3301 quarum
1802 3239 2015 3282 rerum
2056 3217 2204 3282 nnl-

143 3310 274 3372 lum
310 3305 530 3374 subest
565 3311 750 3393 qu'asi
785 3333 1045 3398 corpus,
1101 3322 1202 3376 est
1234 3321 1449 3376 tamen
1484 3309 1796 3394 quaedam
1840 3311 2203 3377 conforma-

143 3402 230 3467 tio
287 3401 596 3490 insignita.
637 3413 704 3468 et
750 3403 1064 3491 impressa
1127 3399 1248 3490 [in]
1303 3404 1765 3491 intellegentia,
1830 3403 2051 3488 quam'
2081 3426 2199 3470 no·-

143 3498 376 3562 tionem
416 3518 606 3564 voco=
660 3520 738 3566 ea
779 3509 977 3586 saepe.
1015 3499 1082 3564 in
1118 3499 1619 3586 argumentando
1672 3497 2034 3564 definitione
2086 3521 2199 3563 ex-

151 3591 442 3678 plicanda
515 3602 684 3662 sunt.
808 3603 998 3677 atque
1065 3593 1258 3659 etiam
1337 3592 1735 3658 definitiones
1806 3591 1967 3658 aliae
2046 3603 2195 3658 sunt
2220 3608 2279 3649 28

143 3685 544 3772 partitionum
560 3733 583 3764 ,
637 3685 800 3752 aliae
837 3686 1247 3752 divisionum:
1300 3686 1739 3775 partitionum,
1778 3707 1924 3751 oum
1956 3707 2061 3752 res
2098 3707 2193 3763 ea,

149 3805 305 3866 quae
344 3781 672 3870 proposita
723 3793 849 3861 est,
905 3783 1090 3867 quasi
1131 3783 1523 3848 inmembra
1574 3781 1981 3868 discerpitur3
2034 3790 2107 3847 nt
2137 3780 2197 3844 si

149 3877 284 3960 quis
336 3877 505 3944 dicat
553 3877 656 3944 ius
709 3876 894 3944 civile
929 3877 998 3943 id
1031 3900 1204 3956 esse,-
1257 3877 1433 3961 quod
1480 3875 1549 3942 in
1599 3877 1881 3964 legibus,
1935 3885 2195 3942 senatus

149 3969 471 4050 consultis,
532 3972 726 4038 rebus
776 3971 1099 4050 iudicatis,
1155 3968 1366 4058 [iuris]
1404 3971 1750 4058 peritorum
1788 3968 2193 4046 auctoritate,

148 4063 365 4156 edictis
413 4065 930 4152 magistratuum,
983 4089 1188 4145 more,
1243 4065 1557 4151 aequitate
1610 4065 1935 4133 consistat.
2035 4061 2200 4128 divi-
