2784 4575
693 381 698 384 ,
803 275 908 372 Dr,
947 313 1312 372 ORATORE
1345 317 1393 372 1.
1429 316 1739 371 224—231.
2221 303 2309 370 49

235 442 458 536 gravis
506 451 698 527 atque
741 460 888 506 acer
938 439 1258 519 inimicus,
1313 460 1539 527 aspere
1592 427 1763 528 apud
1796 438 2104 526 populum
2142 437 2305 526 [Ro-

237 535 534 626 manum]
573 547 639 604 et
671 534 1080 601 vehementer
1115 543 1288 600 esset
1317 533 1589 611 locutus,
1628 547 1818 618 quam
1854 533 2203 600 orationem
2238 534 2304 600 in

235 631 626 721 Originibus
665 627 800 695 suis
835 629 1128 716 exposuit
1159 627 1320 715 ipse.
1391 627 1896 717 reprehendebat
1927 627 2122 716 igitur
2150 626 2307 694 Galss
2338 655 2419 698 228

238 731 398 795 bam
428 724 740 802 Rutiliae,
779 723 952 807 quod
982 722 1040 788 is
1079 721 1156 790 C.
1197 721 1469 810 Sulpicii
1504 720 1678 788 Galli
1710 721 2051 811 propinqui
2086 723 2188 788 sui
2222 721 2306 804 Q.

240 820 560 910 pupillum
609 817 813 882 filium
865 815 1005 904 ipse
1055 838 1262 905 paene
1323 817 1392 881 in
1442 837 1697 882 umeros
1752 837 1901 882 suos
1958 815 2307 896 extulisset,

243 916 362 1002 qui
391 912 592 1004 patris
645 910 979 976 clarissimi
1019 908 1457 976 recordatione
1493 921 1558 976 et
1590 909 1895 976 memoria
1943 909 2163 975 fletum
2192 931 2312 998 po·-

247 1008 408 1098 pulo
458 1014 763 1084 moveret,
796 1014 862 1069 et
905 1003 1066 1069 duos
1111 1004 1276 1070 filios
1315 1027 1467 1070 suos
1519 1026 1753 1090 parvos
1806 1003 2039 1070 tutelae
2090 1003 2313 1095 populi

249 1099 763 1168 commendasset
797 1118 892 1183 ac·
908 1120 1008 1176 se,
1043 1109 1367 1181 tamquam
1400 1097 1469 1162 in
1500 1097 1831 1185 procinctu
1864 1107 2313 1164 testamentum

247 1195 497 1260 faceret
529 1191 662 1258 sine
696 1191 859 1258 libra
893 1201 1083 1276 atque
1118 1192 1371 1271 tabulis,
1408 1192 1715 1280 populum
1747 1192 2112 1258 Romanum
2144 1201 2311 1260 tuto-

243 1310 389 1355 rem
429 1286 756 1352 instituere
811 1285 1080 1351 dixisset
1129 1285 1381 1351 illorum
1436 1285 1717 1365 orbitati3
1770 1286 2014 1372 itaque,
2066 1307 2214 1352 cum
2246 1294 2313 1352 et

249 1381 491 1447 invidia
535 1390 603 1446 et
652 1380 798 1446 odio
840 1379 1062 1469 populi
1113 1389 1248 1444 tum
1285 1377 1498 1445 Galba
1545 1390 1965 1466 premeretur,
2017 1379 2119 1446 his
2165 1401 2314 1446 eum

247 1473 596 1564 tragoediis
649 1475 984 1540 liberatum
1035 1473 1281 1540 ferebat
1287 1499 1308 1553 3
1363 1473 1537 1559 quod
1586 1473 1739 1540 item
1784 1475 1955 1562 apud
1998 1473 2313 1542 Catonem

248 1570 561 1658 scriptum
594 1591 740 1636 esse
783 1569 999 1647 video,
1053 1567 1179 1633 nisi
1220 1569 1436 1656 pueris
1482 1577 1549 1634 et
1588 1566 1889 1658 lacrimis
1916 1591 2073 1636 usus
2121 1580 2310 1648 esset,

206 1668 215 1675 '
247 1687 492 1752 poenas
547 1685 697 1730 eum
748 1663 1041 1728 daturum
1084 1662 1305 1728 fuisse.
1393 1661 1554 1728 haec
1585 1662 1864 1729 Rutilius
1917 1662 2108 1758 valde
2147 1663 2314 1728 vitu-

250 1759 521 1846 perabat
555 1767 621 1823 et
653 1757 802 1822 huic
833 1756 1176 1822 humilitati
1220 1756 1475 1822 dicebat
1506 1755 1611 1822 vel
1646 1757 1940 1822 exsilium
1973 1757 2175 1822 fuisse
2219 1754 2324 1821 vel

251 1863 525 1918 mortem
559 1852 1092 1939 anteponendam,
1137 1871 1343 1936 neque
1379 1873 1533 1917 vero
1567 1850 1689 1917 hoc
1726 1852 1933 1916 solum
1966 1851 2152 1930 dixit,
2203 1851 2319 1916 sed
2352 1876 2433 1918 229

253 1945 395 2032 ipse
431 1955 496 2010 et
529 1945 730 2012 sensit
764 1956 828 2012 et
860 1945 1040 2010 fecit:
1085 1969 1236 2010 nam
1271 1967 1417 2010 cum
1454 1955 1626 2011 esset
1658 1944 1766 2010 ille
1800 1945 1899 2010 vir
1932 1943 2311 2031 exemplum,

254 2051 328 2104 ut
363 2039 566 2118 scitis,
619 2039 1018 2106 innocentiae
1072 2060 1341 2124 cumque
1374 2040 1485 2106 illo
1528 2062 1718 2106 nemo
1752 2060 1958 2125 neque
2008 2039 2313 2126 integrior

250 2146 431 2199 esset
462 2135 530 2200 in
565 2134 820 2200 civitate
853 2154 1063 2218 neque
1099 2135 1403 2213 sanctior,
1456 2157 1587 2200 non
1620 2135 1810 2200 modo
1848 2133 2119 2222 supplex
2151 2133 2317 2198 iudi-

251 2227 440 2295 cibus
485 2250 628 2294 esse
679 2227 909 2308 noluit,
965 2229 1082 2294 sed
1129 2248 1214 2296 ne
1264 2228 1547 2296 ornatius
1601 2228 1857 2314 quidem
1902 2240 2012 2295 aut
2052 2228 2313 2295 liberius

253 2344 522 2388 causam
554 2322 680 2386 dici
713 2345 920 2401 suam,
977 2345 1170 2408 quam
1205 2323 1477 2410 simplex
1524 2324 1687 2389 ratio
1730 2324 2011 2389 veritatis
2048 2324 2311 2391 ferebat.

253 2414 522 2505 paulum
571 2414 721 2481 huic
771 2414 1000 2483 Cottae
1052 2417 1270 2483 tribuit
1319 2417 1625 2504 partium,
1679 2416 2105 2497 {disertissimo
2160 2418 2316 2506 adu-

253 2509 553 2589 lementi,
601 2510 832 2575 sororis
870 2534 1024 2577 suae
1057 2511 1188 2577 filio
1199 2535 1220 2590 3
1275 2511 1435 2577 dixit
1468 2510 1623 2575 item
1657 2530 1916 2575 causam
1950 2508 2125 2574 illam
2160 2530 2315 2593 qua-

252 2604 406 2669 dam
442 2625 522 2670 ex
554 2614 739 2691 parte
775 2602 856 2687 Q.
881 2604 1161 2683 Mucius,
1197 2626 1374 2670 more
1412 2626 1548 2681 suo,
1585 2602 1759 2669 nullo
1796 2614 2122 2689 apparatu,
2156 2624 2315 2689 pure

167 2724 177 2735 ⁸
253 2708 324 2763 et
357 2698 649 2764 dilucide.
739 2699 967 2782 quodsi
1001 2711 1072 2764 tu
1107 2710 1284 2777 tunc,
1324 2696 1592 2776 Crasse,
1628 2696 1922 2775 dixisses,
1960 2696 2070 2782 qui
2106 2695 2315 2760 subsi·
2348 2723 2427 2765 230

253 2792 432 2857 dium
464 2792 700 2859 oratori
737 2815 818 2857 ex
868 2793 994 2857 illis
1049 2793 1611 2880 disputationibus,
1666 2791 1896 2875 quibus
1950 2787 2314 2877 philosophi

253 2896 548 2965 utuntur,
603 2887 688 2952 ad
741 2886 993 2952 dicendi
1042 2886 1291 2974 copiam
1341 2885 1690 2973 petendum
1741 2906 1883 2949 esse
1934 2883 2125 2972 paulo
2171 2891 2315 2947 ante

255 2979 547 3059 dicebas3
601 2991 693 3059 et,
747 2980 806 3047 si
856 2979 972 3045 tibi
1020 3004 1136 3068 pro
1186 2980 1267 3047 P.
1319 2980 1562 3052 Rutilio
1613 2994 1744 3045 no'n
1794 2973 2316 3065 philosophorum

255 3092 463 3153 more,
501 3074 618 3139 sed
651 3084 760 3140 tuo
794 3073 1083 3140 licuisset
1117 3074 1345 3153 dicere,
1383 3074 1673 3159 quamvis
1711 3072 2001 3139 scelerati
2034 3071 2127 3136 illi
2159 3072 2317 3137 fuis-

259 3177 432 3247 sent,
487 3167 677 3234 sicuti
709 3168 996 3247 fuerunt,
1054 3166 1369 3255 [pestiferi
1406 3168 1577 3233 cives
1625 3166 2056 3255 supplicioque
2109 3165 2314 3253 digni]

255 3270 471 3325 tamen
507 3284 762 3329 omnem
797 3284 1016 3328 eorum
1047 3262 1587 3350 importunitatem
1621 3285 1702 3327 ex
1734 3261 1970 3326 intimis
1997 3261 2314 3327 mentibus

259 3354 583 3419 evellisset
615 3356 713 3421 vis
767 3356 1070 3422 orationis
1106 3367 1282 3423 tuae:
1335 3378 1508 3422 nunc
1558 3356 1702 3421 talis
1738 3356 1835 3421 vir
1888 3356 2159 3421 amissus
2197 3366 2313 3433 est,

260 3444 418 3509 dum
453 3467 646 3512 causa
675 3449 766 3515 ita
799 3449 1057 3528 dicitur,
1109 3460 1182 3514 ut
1217 3449 1274 3514 si
1305 3449 1374 3513 in
1407 3448 1519 3513 illa
1554 3446 1993 3515 commenticia
2024 3445 2314 3513 Platonis

259 3539 516 3606 civitate
565 3564 669 3607 res
715 3554 1038 3630 ageretur:
1089 3564 1280 3610 nemo
1320 3542 1659 3629 ingemuit,
1712 3565 1901 3609 nemo
1954 3539 2317 3606 inclamavit

254 3642 695 3721 patronorum,
757 3637 917 3703 nihil
977 3636 1274 3721 cuiquam
1334 3636 1561 3715 doluit,
1624 3658 1813 3703 nemo
1875 3646 1973 3701 est
2034 3642 2315 3719 questus,

255 3749 444 3794 nemo
476 3752 616 3796 rem
664 3730 990 3818 publicam
1030 3730 1417 3819 imploravit,
1472 3752 1659 3796 nemo
1706 3728 2111 3819 supplicavit3
2167 3728 2321 3813 quid

254 3822 494 3887 multa?
543 3825 778 3911 pedem
821 3846 1008 3890 nemo
1043 3824 1112 3890 in
1143 3824 1254 3891 illo
1288 3823 1522 3889 iudicio
1570 3822 1909 3911 supplosit,
1965 3824 2153 3889 credo
2164 3870 2183 3901 ,
2236 3844 2319 3887 ne

257 3910 495 3980 Stoicis
553 3918 1041 3985 renuntiaretur.
1144 3918 1426 3985 imitatus
1478 3927 1583 3984 est
1630 3917 1821 3982 homo
1871 3916 2201 3982 Romanus
2253 3926 2319 3980 et
2354 3910 2423 3966 54

257 4007 607 4075 consularis
662 4024 944 4079 veterem
995 4012 1175 4077 illum
1231 4010 1591 4089 Socratem,
1646 4009 1783 4097 qui,
1839 4030 1982 4075 cum
2034 4009 2317 4075 omnium
2352 3985 2427 4025 ²³¹

253 4101 768 4190 sapientissimus
806 4118 979 4174 esset
1013 4107 1539 4193 sanctissimeque
1584 4102 1875 4182 vixisset,
1918 4102 2021 4184 ‚ita
2053 4104 2121 4168 in
2154 4103 2318 4167 iudi-

363 4204 592 4250 Cioerom‘s
609 4208 693 4253 vol.
714 4208 772 4253 11.
1151 4244 1164 4254 .
1941 4210 1975 4255 4
