2784 4575
494 249 621 316 162
1106 260 1185 316 Μ.
1222 260 1496 319 TULLII
1533 259 1936 318 CICERONIS

396 413 451 457 ω
492 382 741 451 dicere.’
828 384 931 450 hic
968 382 1245 451 Crassus
1293 386 1444 450 ‘hoc
1477 383 1639 463 tibi:
1692 384 1896 469 inquit
1931 382 2223 463 ‘Catule,
2275 384 2564 473 primum'

487 477 877 567 persuadeas
920 478 1139 556 velim,
1194 501 1297 544 me
1339 501 1471 543 non
1515 476 1718 545 multo
1771 499 1958 545 secus
1992 478 2231 556 facere,
2288 500 2438 544 cum
2473 482 2560 546 de

490 583 737 638 oratore
772 571 1118 659 disputem,
1164 593 1241 637 ac
1275 572 1583 650 facerem,
1639 571 1694 636 si
1729 582 1902 637 esset
1934 572 2091 637 mihi
2125 572 2206 637 de
2241 572 2555 639 histrione

490 666 856 745 dicendum3
891 688 1194 753 negarem
1220 665 1389 732 enim
1415 688 1607 752 posse
1643 688 1789 731 eum
1813 665 1968 731 satis
1994 666 2204 732 facere
2237 666 2304 731 in
2339 679 2558 754 gestu,

488 760 613 825 nisi
648 760 1060 846 palaestram,
1114 759 1240 825 nisi
1292 759 1524 825 saltare
1578 759 1904 825 didicisset
1910 784 1930 838 3
1991 780 2218 845 neque,
2273 782 2354 826 ea
2405 783 2554 827 cum

490 854 794 932 dicerem,
846 876 953 920 me
987 876 1131 920 esse
1164 852 1538 919 histrionem
1570 874 1836 919 necesse
1868 863 2070 933 esset,
2126 854 2241 920 sed
2274 854 2560 923 fortasse

391 976 449 1019 u
486 972 618 1016 non
654 950 917 1017 stultum
954 948 1143 1015 alieni
1187 949 1434 1015 artificii
1486 948 2008 1015 existimatorem:
2061 948 2348 1015 similiter
2379 972 2560 1015 nunc

489 1046 569 1111 de
605 1056 853 1112 oratore
887 1056 1101 1111 vestro
1136 1044 1417 1132 impulsu
1460 1044 1712 1129 loquor,
1767 1066 2014 1111 summo
2059 1044 2326 1125 scilicet3
2381 1067 2559 1112 sem-

485 1160 603 1228 per
655 1141 853 1217 enim,
920 1160 1321 1225 quacumque
1372 1139 1454 1204 de
1507 1150 1641 1204 arte
1693 1150 1803 1203 aut
1852 1139 2152 1205 facultate
2204 1139 2552 1224 quaeritur,

490 1234 571 1299 de
606 1233 901 1300 absoluta
934 1244 999 1298 et
1030 1234 1317 1320 perfecta
1366 1233 1586 1317 quaeri
1630 1233 1812 1299 solet.
1898 1255 2027 1317 qua
2066 1256 2138 1299 re
2175 1232 2232 1298 si
2281 1234 2412 1299 iam
2445 1258 2556 1299 me

487 1325 676 1393 voltis
711 1349 855 1392 esse
892 1337 1223 1405 oratorem,
1262 1327 1317 1393 si
1353 1327 1546 1393 etiam
1579 1338 1681 1392 sat
1713 1327 1970 1404 bonum,
2008 1326 2063 1392 si
2096 1326 2335 1393 bonum
2373 1327 2554 1393 deni-

488 1442 642 1505 que,
694 1444 823 1486 non
866 1422 1267 1507 repugnab03
1322 1420 1476 1505 quid
1518 1420 1687 1485 enim
1739 1442 1910 1485 nunc
1954 1420 2075 1486 sim
2116 1420 2409 1507 ineptus?
2457 1422 2550 1487 ita

486 1538 591 1581 me
627 1515 971 1581 existimari
1008 1516 1167 1581 scio:
1224 1516 1396 1599 quod
1431 1514 1487 1580 si
1522 1515 1612 1580 ita
1645 1526 1771 1593 est,
1809 1538 2092 1581 summus
2129 1526 2344 1581 tamen
2377 1528 2554 1581 certe

484 1632 617 1677 non
662 1632 833 1689 sum3
886 1633 1093 1696 neque
1138 1610 1309 1676 enim
1362 1610 1534 1697 apud
1583 1609 1872 1675 homines
1923 1632 2026 1676 res
2073 1620 2171 1675 est
2211 1610 2345 1675 ulla
2379 1610 2556 1675 diffi-

486 1703 663 1771 cilior
694 1727 903 1790 neque
938 1705 1140 1771 maior
1173 1726 1381 1789 neque
1417 1725 1581 1789 quae
1614 1704 1800 1792 plura
1825 1704 2189 1769 adiumenta
2223 1704 2548 1769 doctrinae

388 1820 441 1863 ss
486 1798 803 1865 desideret
810 1824 829 1878 ;
884 1810 1190 1877 attamen,
1252 1798 1552 1884 quoniam
1588 1797 1668 1863 de
1703 1808 1950 1864 oratore
1984 1797 2170 1863 nobis
2217 1798 2554 1884 disputan-

485 1892 638 1957 dum
676 1904 802 1971 est,
841 1894 920 1958 de
958 1916 1208 1959 summo
1242 1904 1494 1959 oratore
1531 1892 1740 1956 dicam
1773 1912 2041 1958 necesse
2077 1902 2204 1969 est3
2239 1890 2332 1956 vis
2369 1891 2550 1955 enim

486 1998 551 2051 et
583 1998 811 2052 natura
842 1986 964 2063 rei,
1008 1986 1134 2050 nisi
1166 1986 1452 2072 perfecta
1488 1995 1634 2051 ante
1669 1985 1886 2051 oculos
1921 1985 2203 2072 ponitur,
2235 1984 2432 2067 qualis
2469 2000 2548 2049 et

484 2090 719 2162 quanta
754 2078 838 2143 sit
871 2079 1154 2165 intellegi
1186 2102 1317 2144 non
1342 2090 1574 2167 potest.
1644 2101 1748 2145 me
1783 2090 2014 2156 autem,
2054 2076 2301 2157 Catule,
2333 2078 2554 2145 fateor

481 2284 603 2329 nec
655 2286 834 2344 vero,
886 2265 956 2331 id
1006 2266 1177 2351 quod
1228 2278 1298 2334 tu
1348 2279 1521 2334 recte
1576 2266 2086 2345 commeministi,
2150 2267 2351 2332 ullum
2401 2290 2551 2332 um-

483 2377 674 2442 quam
709 2359 1013 2426 habuisse
1066 2362 1417 2448 sepositum
1470 2373 1719 2449 tempus
1757 2362 1840 2427 ad
1883 2361 2258 2427 discendum
2293 2383 2368 2426 ac
2403 2372 2550 2426 tan-

481 2462 617 2517 tum
652 2453 951 2522 tribuisse
986 2455 1309 2523 doctrinae
1364 2457 1697 2543 temporis,
1752 2467 2057 2540 quantum
2091 2456 2247 2520 mihi
2279 2456 2550 2543 puerilis

376 2543 445 2598 23
481 2557 676 2626 aetas,
714 2548 1001 2616 forenses
1038 2549 1234 2616 feriae
1262 2550 1721 2629 concesserint,
1758 2571 1852 2628 ac,
1891 2548 1947 2615 si
1971 2549 2246 2634 quaeris,
2285 2547 2546 2628 Catule,

412 2615 561 2706 6de
596 2641 883 2709 doctrina
916 2643 1041 2710 ista
1074 2645 1229 2729 quid
1263 2666 1385 2730 ego
1422 2643 1720 2722 sentiam,
1764 2665 1896 2708 non
1931 2653 2175 2708 tantum
2207 2644 2548 2731 ingenioso

478 2735 718 2800 homini
771 2747 836 2802 et
886 2737 976 2817 ei,
1032 2738 1140 2822 qui
1193 2738 1432 2816 forum,
1486 2737 1595 2821 qui
1647 2738 1914 2816 curiam,
1969 2737 2078 2821 qui
2118 2758 2378 2816 causas,
2433 2739 2544 2822 qui

477 2851 613 2894 rem
645 2830 968 2916 publicam
1004 2843 1267 2919 spectet,
1306 2855 1468 2918 opus
1503 2853 1648 2897 esse
1683 2832 1953 2898 arbitror
1979 2832 2302 2918 temporis,
2338 2854 2548 2917 quan-

479 2934 614 2986 tum
650 2924 770 2989 sibi
806 2925 866 2990 ei
902 2935 1338 3013 sumpserunt,
1376 2949 1536 3010 quos
1573 2925 1874 2991 discentis
1911 2925 2043 2991 vita
2079 2926 2352 2991 defecit:
2403 2949 2545 2992 om-

475 3039 591 3082 nes
630 3017 798 3083 enim
834 3029 1001 3084 artes
1041 3019 1221 3085 aliter
1258 3020 1338 3084 ab
1374 3019 1468 3085 eis
1515 3030 1887 3098 tractantur,
1943 3019 2052 3105 qui
2087 3041 2196 3086 eas
2233 3020 2314 3084 ad
2347 3043 2542 3085 usum

477 3111 883 3191 transferunt,
920 3114 1099 3178 aliter
1136 3115 1217 3180 ab
1252 3114 1365 3193 eis,
1404 3115 1511 3198 qui
1544 3115 1827 3201 ipsarum
1863 3115 2091 3179 artium
2123 3123 2383 3179 tractatu
2419 3114 2542 3178 de·-

475 3204 689 3271 lectati
721 3207 879 3271 nihil
912 3208 980 3271 in
1014 3206 1146 3273 vita
1182 3219 1331 3274 sunt
1366 3208 1540 3274 aliud
1574 3208 1792 3274 acturi.
1869 3209 2177 3294 magister
2207 3207 2306 3270 hic
2341 3202 2548 3270 Sam-

474 3299 701 3366 nitium
738 3323 987 3366 summa
1018 3300 1148 3367 iam
1184 3313 1524 3369 senectute¹
1554 3313 1654 3368 est
1688 3312 1752 3368 et
1785 3301 2014 3367 cotidie
2058 3309 2542 3378 commentatur,

474 3393 631 3457 nihil
668 3393 837 3458 enim
873 3406 1053 3460 curat
1104 3395 1276 3462 aliud
1284 3422 1302 3475 3
1360 3409 1428 3462 at
1461 3395 1544 3478 Q.
1578 3396 1881 3464 Velocius
1925 3419 2082 3484 puer
2129 3395 2542 3472 addidicerat,

478 3487 594 3553 sed
628 3488 800 3572 quod
836 3500 971 3554 erat
1006 3501 1195 3576 aptus
1232 3490 1315 3554 ad
1347 3490 1504 3555 illud
1541 3501 1864 3576 totumque
1903 3500 2233 3576 cognorat,
2278 3489 2429 3567 fuit,
2465 3500 2539 3552 ut

476 3591 577 3646 est
610 3582 781 3668 apud
813 3582 1154 3662 Lucilium,

1160 3678 1447 3762 quamvis
1482 3678 1690 3743 bonus
1724 3677 1864 3764 ipse

650 3766 905 3834 Samnis
941 3769 1008 3834 in
1041 3770 1192 3838 ludo
1230 3794 1305 3838 ac
1338 3773 1602 3840 rudibus
1642 3773 1840 3838 cuivis
1879 3773 2033 3838 satis
2073 3795 2260 3859 asper
2269 3798 2290 3851 3

478 3861 594 3927 sed
626 3862 770 3948 plus
808 3885 1037 3950 operae
1072 3866 1211 3932 foro
1248 3865 1584 3945 tribuebat,
1623 3867 1860 3945 amicis,
1895 3865 1988 3932 rei
2022 3865 2339 3932 familiari.
2400 3868 2542 3934 Va-

474 3954 669 4020 lerius
706 3956 936 4023 cotidie
972 3959 1295 4038 cant-aban
1351 3971 1487 4025 erat
1520 3960 1690 4026 enim
1734 3960 2050 4026 scenicust
2105 3959 2261 4044 quid
2293 3959 2538 4025 faceret

378 4069 431 4109 ετ
480 4045 689 4109 aliud?
747 4058 814 4111 at
852 4049 1191 4118 Numerius
1234 4052 1500 4134 Furius,
1553 4065 1770 4121 noster
1821 4053 2176 4131 familiaris,
2233 4075 2380 4118 cum
2435 4063 2538 4118 est
