2784 4575
484 221 612 288 376
1097 231 1174 288 Μ.
1212 231 1489 292 TULLII
1525 229 1924 296 CICERONIS

484 367 587 422 tus
626 379 770 424 sum
801 377 913 434 ne,
952 356 1007 422 si
1041 377 1163 442 ego
1196 376 1526 441 gravarer,
1579 365 1691 419 aut
1722 353 2040 440 ingratum
2073 353 2144 418 id
2178 365 2288 418 aut
2325 377 2572 442 super-

482 451 639 516 bum
688 450 1029 518 videretur.
1136 449 1253 516 sed
1304 450 1458 516 dum
1509 447 1745 514 fuimus
1797 471 1956 526 una,
2020 459 2092 514 tu
2143 449 2430 535 optimus
2492 472 2570 514 es

422 570 449 611 ⁵
485 544 665 612 testis
700 567 894 629 quam
927 545 1157 610 fuerim
1190 553 1565 630 occupatus3
1611 552 1683 607 ιιι
1716 552 1930 607 autem
1965 566 2006 608 a
2040 553 2104 608 te
2139 543 2449 622 discessi,
2493 545 2568 608 in

486 637 824 706 Graeciam
874 638 1314 725 proficiscens,
1368 658 1516 701 cum
1565 659 1760 722 opera
1801 659 1946 702 mea
1979 657 2099 702 nec
2139 659 2243 702 res
2287 638 2570 724 publica

480 753 601 798 nec
636 732 822 798 amici
856 742 1180 799 uterentur
1213 752 1333 796 nec
1366 730 1630 798 honeste
1683 729 1846 794 inter
1899 751 2076 796 arma
2119 732 2366 796 versari
2401 755 2568 817 pos-

484 847 650 904 sem,
702 847 787 892 ne
821 825 879 891 si
914 836 1050 892 tuto
1096 825 1353 910 quidem
1403 824 1560 888 mihi
1591 822 1661 887 id
1701 823 1947 904 liceret,
1999 833 2071 889 ut
2106 823 2253 892 veni
2285 825 2564 893 Veliam

482 929 716 1004 tuaque
750 931 817 986 et
848 931 993 987 tuos
1047 919 1206 998 vidi,
1266 915 1625 984 admonitus
1679 917 1866 984 huius
1919 917 2083 991 aeris
2129 917 2319 984 alieni
2373 920 2564 986 nolui

484 1012 711 1080 deesse
744 1036 827 1080 ιιε
862 1013 1093 1080 tacitae
1144 1013 1404 1098 quidem
1453 1009 1828 1098 flagitationi
1881 1021 2048 1078 tuae.
2133 1011 2351 1096 itaque
2391 1013 2564 1080 haec

478 1129 630 1172 cum
698 1129 952 1174 mecum
1030 1108 1227 1174 libros
1299 1129 1430 1172 non
1497 1105 1826 1184 haberem,
1903 1105 2210 1172 memoria
2275 1106 2564 1193 repetita

478 1200 551 1268 in
600 1199 743 1288 ipsa
785 1201 1197 1288 navigatione
1242 1199 1594 1286 conscripsi
1645 1199 1883 1284 tibique
1947 1222 2034 1266 ex
2097 1200 2366 1267 itinere
2382 1203 2558 1280 misi,

479 1306 553 1360 ιιι
584 1319 731 1362 mea
764 1295 1091 1382 diligentia
1116 1295 1558 1364 mandatorum
1584 1303 1834 1362 tuorum
1867 1303 1932 1360 te
1967 1315 2240 1382 quoque,
2275 1295 2408 1360 etsi
2441 1297 2558 1362 ad-

478 1388 788 1457 monitore
812 1412 945 1454 non
968 1412 1145 1476 eges,
1176 1390 1260 1456 ad
1282 1387 1654 1456 memoriam
1677 1398 2036 1456 nostrarum
2059 1409 2274 1454 rerum
2309 1389 2556 1456 excita»-

480 1503 637 1551 rem.
692 1481 852 1551 sed
832 1505 963 1550 13111
988 1494 1237 1570 tempus
1258 1493 1359 1548 est
1390 1482 1476 1548 ad
1489 1481 1576 1559 id,
1605 1481 1811 1564 quod
1793 1481 2198 1558 instituimus,
2220 1483 2551 1550 accedere.

403 1561 449 1672 Ξ
606 1574 775 1645 Cum
808 1577 1013 1645 omnis
1046 1577 1209 1643 ratio
1254 1576 1528 1662 diligens
1581 1575 1938 1644 disserendi
1979 1575 2141 1643 duas
2175 1576 2418 1644 habeat
2449 1601 2552 1642 ar-

482 1671 596 1750 tis,
644 1695 841 1741 unam
870 1671 1267 1750 inveniendi,
1314 1671 1588 1738 alteram
1619 1669 1969 1748 iudicandi,
2004 1670 2334 1778 utriusque
2367 1672 2552 1758 prin-

482 1787 664 1853 ceps,
726 1779 799 1833 ut
847 1766 1005 1836 mihi
1043 1767 1315 1851 quidem
1366 1765 1650 1840 videtur,
1693 1764 2092 1846 Aristoteles
2129 1763 2298 1842 fuit3
2339 1763 2552 1832 Stoici

478 1873 699 1928 autem
728 1861 799 1928 in
833 1861 1035 1927 altera
1084 1861 1600 1928 elaboraverunt·
1651 1858 1984 1942 iudicandi
2015 1857 2186 1923 enim
2219 1859 2354 1924 vias
2401 1859 2548 1924 (1111-

480 1965 705 2040 genter
736 1953 1054 2041 persecuti
1106 1963 1257 2018 sunt
1289 1975 1367 2018 ea
1413 1952 1704 2030 scientia,-
1757 1975 1947 2037 quam
1993 1949 2390 2038 διαλεκτικὴν
2427 1975 2548 2038 ap-

480 2047 721 2133 pellant
728 2073 749 2125 3
801 2047 1165 2113 inveniendi
1198 2057 1429 2124 artem,
1483 2069 1648 2129 quae
1679 2043 1920 2130 τοπικὴ
1943 2044 2204 2122 dicitur,
2239 2067 2536 2127 quaeque

482 2151 546 2204 et
598 2141 682 2206 ad
712 2161 923 2208 ,usum
970 2139 1179 2226 potior
1232 2151 1367 2206 erat
1418 2149 1484 2209 ει
1531 2139 1752 2206 ordine
1803 2150 2070 2208 naturae
2112 2149 2272 2204 certe
2328 2137 2542 2224 prior,

418 2269 445 2309 ῃ
482 2243 681 2297 totam
745 2231 1163 2317 reliquerunt„
1266 2255 1384 2299 nos
1459 2243 1704 2313 autem,
1773 2234 2076 2319 quoniam
2135 2233 2201 2297 in
2263 2243 2544 2317 utraque

480 2345 733 2393 summa
764 2326 1001 2393 utilitas
1057 2338 1159 2393 est
1192 2336 1259 2396 et
1291 2337 1668 2413 utramque,
1709 2328 1766 2395 si
1799 2330 1920 2397 erit
1963 2329 2188 2405 otium,
2242 2328 2548 2413 persequi

476 2419 863 2507 cogitamus,
920 2421 1002 2486 ab
1046 2444 1153 2499 ea,
1208 2442 1371 2505 quae
1414 2422 1588 2509 prior
1637 2434 1765 2500 est,
1819 2422 2158 2493 ordiemur.
2243 2432 2318 2487 ιιι
2347 2422 2543 2507 igitur

480 2536 699 2583 earum
750 2538 991 2594 rerum,
1056 2538 1217 2599 quae
1278 2516 1690 2586 absconditae
1755 2526 1932 2595 sunt,
1993 2517 2428 2583 demonstrato
2479 2530 2546 2580 et

478 2620 696 2677 notato
746 2611 890 2677 loco
941 2610 1147 2677 facilis
1200 2610 1482 2677 inventio
1535 2609 1662 2689 est,
1727 2611 1846 2689 sic,
1912 2632 2058 2675 cum
2105 2610 2544 2697 pervestigare

482 2717 923 2793 argumentum
986 2706 1243 2790 aliquod
1314 2704 1638 2784 volumus,
1709 2706 1884 2773 locos
1945 2728 2138 2772 nosse
2199 2705 2542 2781 debemus3

482 2800 575 2868 sic
610 2801 779 2867 enim
815 2800 1169 2887 appellatae
1217 2800 1297 2865 ab
1334 2799 1683 2867 Aristotele
1734 2810 1886 2867 sunt
1927 2821 2041 2865 eae
2095 2798 2280 2883 quasi
2328 2798 2542 2875 cedes,

420 2924 447 2963 s
482 2916 519 2959 e
555 2893 783 2975 quibus
821 2904 1196 2979 argumenta
1228 2904 1621 2981 promuntur.
1707 2894 1922 2979 itaque
1953 2892 2106 2959 licet
2147 2892 2414 2960 definire
2447 2892 2546 2958 lo-

482 3008 626 3051 cum
676 3008 821 3054 esse
872 2988 1232 3075 argumenti
1282 2988 1528 3065 sedem,
1591 2998 2035 3075 argumentum
2085 2998 2300 3053 autem
2348 2985 2546 3053 ratio-

451 3103 654 3158 nem,
710 3102 873 3165 quae
906 3081 1001 3147 rei
1034 3082 1265 3149 dubiae
1300 3081 1494 3147 faciat
1535 3082 1748 3148 fidem.
1837 3083 1952 3149 s‘ed
1985 3104 2068 3147 ex
2104 3081 2196 3147 eis
2232 3080 2422 3159 locis,
2471 3080 2544 3145 111

481 3175 709 3257 quibus
745 3187 1119 3262 argumenta
1167 3176 1417 3243 inclusa
1467 3186 1644 3254 sunt,
1695 3175 1858 3242 alii
1835 3198 1906 3243 ιιι
1947 3198 2030 3243 eo·
2067 3175 2240 3263 ipso,
2294 3176 2377 3241 de
2411 3196 2540 3259 quo

482 3266 716 3351 agitur,
752 3268 1035 3347 haerent,
1072 3269 1179 3335 alii
1214 3268 1630 3335 adsumuntur
1663 3269 2085 3338 extrinsecus:
2121 3270 2190 3337 in
2221 3266 2367 3354 ipso
2402 3278 2542 3333 tum

482 3382 568 3428 ex,
597 3371 761 3439 toto,
795 3374 941 3435 ,tum
976 3384 1057 3430 ex
1090 3363 1376 3449 partibus
1414 3362 1580 3441 eius,
1637 3374 1772 3429 tum
1805 3386 1887 3430 ex
1919 3374 2100 3441 ncta,
2151 3372 2292 3429 tum
2325 3384 2408 3427 ex
2445 3362 2540 3427 eis

480 3454 701 3533 rebus,
756 3477 917 3541 quae
968 3458 1245 3540 quodam
1276 3458 1470 3525 modo
1502 3458 1792 3526 adfectae
1845 3470 1995 3525 sunt
2029 3457 2110 3524 ad
2143 3456 2238 3535 id,
2293 3456 2373 3522 de
2408 3477 2537 3539 quo

484 3549 802 3631 quaeritur
809 3574 830 3628 3
882 3551 1273 3619 extrinsecus
1329 3565 1541 3622 autem
1575 3576 1653 3619 ea
1705 3555 2044 3631 ducuntur,
2099 3574 2260 3637 quae
2305 3552 2540 3616 absunt

422 3662 448 3701 ⁹
481 3642 796 3728 longeque
848 3642 1163 3710 disiuncta
1208 3659 1374 3713 sunt.
1465 3647 1581 3713 sed
1613 3648 1699 3714 ad
1729 3646 1798 3715 id
1841 3658 2074 3726 totum,
2127 3648 2206 3713 de
2243 3668 2370 3730 quo
2405 3646 2538 3709 dis-

482 3736 735 3814 seritur,
791 3746 927 3801 tum
983 3738 1265 3807 definitio
1318 3740 1679 3820 adhibetur,
1733 3764 1894 3825 quae
1947 3741 2132 3826 quasi
2179 3739 2540 3806 involutum

482 3830 739 3895 evolvit'
768 3830 862 3908 id,
894 3832 997 3897 ·de
1052 3844 1183 3917 quo¹
1232 3835 1578 3917 quaeritur;
1639 3836 1794 3903 eius'
1831 3834 2188 3922 argumenti
2239 3833 2384 3899 talis
2437 3843 2540 3899 est

484 3924 782 3990 formula:
836 3924 935 3991 ius
973 3926 1157 3991 civile
1192 3939 1291 3993 est
1324 3929 1609 4013 aequitas
1660 3929 2006 4017 constituta
2039 3930 2168 4007 .eis,
2220 3928 2331 4013 qui
2365 3926 2540 3993 eius-
