2784 4575
836 238 941 293 DE
979 236 1343 293 ORATORE
1369 237 1454 292 211.
1493 237 1796 306 122-130.
2245 223 2346 291 87

266 386 432 438 esse
468 362 841 432 conflatam?
874 360 1083 447 potuit
1114 358 1218 425 hic
1253 359 1432 427 locus
1461 370 1600 426 ‘tam
1635 380 1899 448 anceps,
1937 370 2069 427 tam
2101 362 2350 429 inaudi-
2385 388 2461 431 125

286 472 423 539 tus,
476 470 607 525 tam
640 456 949 535 lubricae,
995 466 1141 521 tam
1160 478 1366 523 novus
1407 455 1542 521 sine
1579 456 1852 540 quadam
1894 455 2251 537 'incredibili
2286 458 2350 525 vi

284 576 366 621 ac
417 554 717 620 facultate
771 549 1021 631 dicendi
1073 550 1365 629 tractari?
1427 550 1582 634 quid
1633 572 1754 637 ego
1807 550 1888 615 de
1942 547 2065 616 Cn.
2117 550 2346 630 Mallii,

282 652 443 736 quid
479 650 565 727 ‚de
602 648 686 731 Q.
722 646 924 734 Regis
979 644 1526 712 commiseratione
1581 645 1828 709 dicam?
1879 644 2034 729 quid
2077 645 2156 711 de
2212 646 2350 711 aliis

283 742 893 825 innumerabilibus?
926 740 995 805 in
1030 740 1258 824 quibus
1293 762 1423 805 non
1453 739 1577 805 hoc
1601 738 1878 819 maxime
1903 738 2145 817 enituit,
2181 740 2353 823 quod

281 839 405 903 tibi
447 860 669 905 omnes
715 836 899 914 dant,
955 856 1223 901 acumen
1267 832 1590 917 quoddam
1641 832 1989 919 singulare,
2043 833 2161 899 sed
2193 834 2353 901 haec

280 932 456 1020 ipsa,
512 954 675 1017 quae
718 952 891 996 nunc
934 930 1016 995 ad
1058 952 1163 994 me
1216 928 1512 1014 delegare
1563 927 1692 992 vist
1747 948 1826 993 ea
1877 948 2127 1013 semper
2176 926 2243 992 in
2285 937 2368 1011 te,

288 1026 521 1091 eximia
564 1036 630 1091 et
670 1022 1059 1111 praestantia
1092 1022 1385 1089 fuerunt?
1477 1031 1614 1088 tum
1648 1019 1918 1088 Catulus
1973 1026 2124 1107 ‘ego
2170 1020 2347 1089 vero’
2383 1016 2454 1073 29

266 1120 494 1205 ,inquit
530 1120 627 1183 ‘in
662 1117 847 1186 vobis
893 1118 1017 1183 hoc
1048 1116 1323 1182 maxime
1360 1115 1656 1182 admirari
1693 1115 1895 1193 sole0‚
1951 1114 2150 1198 quod,
2206 1136 2350 1182 cum
2385 1091 2464 1131 ²²⁶

285 1214 455 1279 inter
487 1236 605 1280 vos
640 1212 709 1277 in
742 1212 1013 1277 dicendo
1052 1210 1456 1277 dissimillimi
1493 1210 1660 1288 sitis,
1713 1209 1805 1274 ita
1837 1219 2051 1274 tamen
2085 1218 2348 1293 uterque

270 1318 572 1373 -vestrum
633 1307 833 1385 dicat,
896 1318 969 1373 ut
1020 1306 1080 1372 ei
1100 1303 1110 1314 ’
1129 1306 1286 1371 nihil
1337 1328 1547 1390 neque
1601 1328 1642 1370 a
1679 1314 1916 1371 ,natura
1970 1305 2352 1393 denegatum

267 1423 497 1485 ⁴neque
552 1425 591 1465 a
644 1401 931 1467 doctrina
981 1423 1113 1467 non
1164 1400 1448 1465 delatum
1497 1421 1642 1465 esse
1703 1398 1992 1464 videatur
2000 1424 2020 1477 ;
2083 1420 2212 1483 qua
2257 1422 2347 1477 re,

270 1494 557 1573 Crasse,
603 1517 809 1579 neque
845 1507 915 1560 tu
950 1504 1062 1561 tua
1098 1494 1410 1560 suavitate
1443 1516 1562 1559 nos
1597 1492 1907 1580 privabis,
1951 1504 2052 1573 ut,
2109 1494 2164 1559 si
2197 1494 2350 1578 quid

282 1590 371 1657 ab
404 1590 693 1657 Antonio
726 1601 839 1657 aut
871 1590 1410 1677 ”praetermissum
1443 1600 1556 1654 aut
1586 1590 1875 1655 relictum
1911 1589 2020 1669 sit,
2074 1614 2205 1655 non
2239 1613 2351 1656 ex-

267 1684 517 1770 plices3
570 1706 778 1768 neque
813 1696 905 1761 te,
959 1684 1235 1763 Antoni,
1280 1684 1339 1749 si
1370 1683 1528 1767 quid
1560 1706 1690 1749 non
1727 1683 1990 1761 dixeris,
2027 1683 2352 1750 existima-

282 1778 497 1843 bimus
532 1802 663 1844 non
696 1779 980 1864 potuisse
1013 1778 1226 1864 potius
1284 1800 1476 1861 quam
1505 1800 1544 1846 a
1572 1774 1812 1845 Crasso
1847 1776 1974 1841 dici
2007 1776 2347 1843 maluisse?
2516 1856 2524 1861 ι

288 1871 392 1937 hic
429 1870 705 1937 Crassus
746 1872 927 1956 ‘quin
962 1872 1081 1950 tn,’
1133 1872 1339 1957 inquit
1375 1876 1397 1908 ‘
1405 1871 1682 1949 Antoni,
1725 1870 1963 1937 omittis
1998 1870 2148 1948 ista,
2183 1892 2348 1953 quae
2386 1894 2461 1935 12⁸1

282 1965 703 2053 proposuisti,
740 1988 905 2049 quae
938 1988 1126 2033 nemo
1161 1966 1390 2033 horum
1425 1964 1772 2031 desidera&
1810 1964 2040 2049 quibus
2075 1957 2175 2029 ex'
2191 1964 2348 2029 locis

279 2058 382 2139 ea,
419 2083 583 2146 quae
620 2060 889 2129 dicenda
924 2073 1073 2127 sunt
1106 2062 1174 2125 in
1209 2060 1442 2137 causis,
1477 2059 1871 2147 reperiantur
1880 2084 1899 2137 3
1936 2080 2114 2143 quae,
2134 2080 2354 2142 quam·-

268 2178 479 2240 -quam
514 2156 629 2224 abs
666 2166 729 2222 te
771 2178 941 2222 novo
984 2156 1281 2240 quodam.
1302 2154 1494 2221 modo
1537 2153 1984 2241 praeclareque
2039 2152 2348 2229 dicuntur,

272 2259 439 2314 ‚sunt
488 2261 701 2316 tamen
744 2262 810 2316 et
849 2274 920 2317 re
962 2250 1247 2318 faciliora
1292 2258 1359 2314 et
1399 2248 1756 2337 praeceptis
1809 2257 2160 2336 pervagata
2167 2272 2187 2326 3
2240 2245 2352 2311 illa

281 2343 591 2428 deprome
642 2342 827 2409 nobis
879 2346 1051 2410 unde
1106 2344 1389 2422 adferas,
1449 2365 1618 2428 quae
1681 2341 2052 2430 saepissime
2115 2351 2349 2406 tractas
2421 2412 2428 2416 ,
2480 2422 2484 2425 Α

284 2457 667 2521 semperque
701 2436 1045 2503 divinitus?

410 2529 836 2616 ‘Depromam
872 2531 1212 2613 equidem,'
1266 2529 1471 2613 inquit
1522 2535 1617 2594 ‘et
1659 2551 1786 2612 quo
1829 2528 2078 2594 facilius
2113 2527 2182 2592 id
2217 2549 2257 2591 a
2287 2537 2351 2592 te
2387 2549 2464 2592 128

282 2622 573 2710 exigam,
612 2623 784 2706 quod
817 2635 1051 2709 petam,
1086 2624 1245 2688 nihii
1278 2623 1397 2687 tibi
1431 2645 1472 2686 a
1503 2644 1608 2686 me
1640 2621 1988 2708 postulanti
2019 2620 2350 2688 recusabo.

286 2739 471 2782 meae
514 2716 709 2782 totius
754 2717 1059 2782 orationis
1095 2726 1161 2781 et
1201 2716 1386 2782 istius
1441 2715 1644 2802 ipsius
1685 2711 1780 2800 [in
1815 2713 2111 2804 dicendo]
2149 2713 2352 2778 facul-

284 2811 469 2888 tatis,
513 2831 707 2894 quam
739 2810 931 2876 modo
970 2808 1247 2876 Crassus
1283 2809 1351 2874 in
1387 2808 1636 2874 caelum
1669 2807 1880 2874 verbis
1924 2807 2176 2885 extulit,
2221 2817 2350 2871 tres

293 2913 444 2969 sunt
494 2903 803 2982 rationes,
858 2914 931 2970 ut
985 2915 1131 2970 ante
1186 2902 1345 2969 dixi:
1399 2925 1530 2968 una
1572 2901 2108 2970 conciliandorum
2149 2899 2354 2968 homi—

282 3021 473 3077 num,
526 2999 729 3064 altera
763 3000 1221 3078 docendorum,
1274 2996 1463 3064 tertia
1503 2995 2038 3064 concitandorum‚
2126 2995 2352 3063 harum
2386 3020 2462 3061 129

275 3091 479 3158 ⁸trium
528 3092 806 3180 partium
856 3093 1063 3180 prima
1112 3093 1440 3159 lenitatem
1491 3091 1822 3169 orationis,
1880 3090 2162 3157 secunda
2203 3111 2352 3156 acu-

284 3208 466 3265 men,
520 3186 707 3252 tertia
748 3188 879 3252 vim
926 3188 1272 3266 desiderat,
1324 3209 1476 3252 nam
1512 3185 1635 3252 hoc
1685 3205 1950 3252 necesse
1988 3195 2114 3264 est,
2165 3195 2238 3250 ut
2269 3184 2347 3262 is,

275 3279 401 3364 qui
433 3280 618 3346 nobis
654 3303 914 3346 causam
968 3281 1440 3348 adiudicaturus
1480 3280 1590 3358 sit,
1643 3289 1756 3344 aut
1795 3279 2200 3346 inclinatione
2235 3301 2350 3344 vo-

278 3371 549 3438 ¹luntatis
598 3375 997 3461 propendeat
1042 3375 1112 3440 in
1160 3399 1281 3442 nos
1334 3386 1446 3440 aut
1508 3372 1898 3440 defensionis
1959 3371 2348 3460 argumentis

287 3465 641 3530 adducatur
677 3479 787 3533 aut
818 3467 1015 3533 animi
1063 3469 1456 3554 permotione
1511 3479 1792 3555 cogatur.
1883 3467 1999 3533 sed
2049 3466 2350 3550 quoniam

273 3559 404 3624 -illa
451 3581 631 3646 pars,
684 3561 752 3625 in
804 3583 931 3646 qua
978 3585 1211 3628 rerum·
1230 3563 1516 3649 ipsarum
1559 3561 1895 3649 explicatio
1940 3583 2016 3626 ac
2059 3560 2346 3627 defensio

286 3652 502 3742 posita
534 3664 659 3733 est,
696 3654 947 3721 videtur
980 3678 1233 3723 omnem
1267 3657 1456 3722 huius
1491 3656 1742 3743 generis
1779 3655 1964 3741 quasi
1998 3654 2348 3720 doctrinam
2425 3695 2432 3700 -

272 3748 643 3826 -continere,
698 3749 778 3814 de
832 3772 910 3815 ea
957 3749 1234 3836 >primum
1284 3750 1616 3835 loquemur
1661 3760 1726 3814 et
1774 3770 1981 3835 pauca
2032 3748 2314 3815 dicemus
2326 3775 2344 3827 ;
2423 3761 2428 3765 ’

288 3863 495 3928 pauca
530 3842 700 3908 enim
736 3853 911 3921 sunt,
966 3865 1127 3927 quae
1162 3867 1285 3910 usu
1326 3843 1460 3908 iam
1501 3853 1768 3910 tractata
1803 3853 1870 3908 et
1903 3841 2111 3908 animo
2163 3843 2347 3926 quasi

284 3946 510 4000 notata
534 3937 769 4003 habere
794 3937 1151 4016 videamur3
1181 3960 1255 4004 ac
1281 3937 1396 4003 tibi
1424 3938 1742 4024 sapienter
1763 3935 2064 4013 monenti,
2088 3934 2345 4014 Crasse,
2381 3927 2456 3984 3⁰

278 4029 561 4096 libenter
594 4030 1051 4111 adsentiemur,
1106 4043 1179 4097 ut
1211 4031 1606 4119 singularum
1649 4051 1983 4096 causarum
2025 4029 2344 4096 defensio-
2381 4001 2460 4043 ¹³⁰
