2784 4575
479 257 566 325 28
1099 271 1178 325 Μ.
1215 269 1489 328 TULLII
1526 262 1927 326 CICERONIS

481 416 671 480 quem
723 415 914 480 saepe
949 393 1140 459 audio
1176 393 1386 458 dicere
1438 403 1631 480 caput
1674 415 1819 458 esse
1856 391 2007 456 artis
2062 391 2321 471 decere,
2372 387 2556 476 quod

371 519 447 559 133
483 501 696 554 tamen
745 510 944 553 unum
987 487 1054 552 id
1100 509 1274 566 esse,
1331 486 1503 572 quod
1554 487 1718 550 tradi
1754 497 1887 552 arte
1922 509 2053 551 non
2092 486 2319 576 possit.
2412 488 2553 566 sed,

481 582 538 647 si
587 582 827 669 placet,
883 603 1240 646 sermonem
1293 581 1417 646 alio
1472 581 1927 646 transferamus
1980 590 2046 644 et
2094 589 2317 645 nostro
2366 604 2553 646 more

479 675 848 760 aliquando,
885 697 1014 740 non
1047 675 1391 752 rhetorico,
1428 673 1801 758 loquamur!
1892 672 2179 738 ‘minime
2214 673 2412 752 vero,’
2448 675 2552 738 in-

479 771 617 856 quit
667 768 862 836 Cotta
869 795 889 848 ;
946 776 1144 834 ‘nunc
1196 768 1365 834 enim
1418 779 1482 833 te
1518 768 1661 858 'iam
1712 790 2047 834 exoremus
2102 789 2371 834 necesse
2424 780 2549 847 est,

480 864 780 949 quoniam
829 863 1064 929 retines
1099 886 1219 928 nos
1255 863 1322 927 in
1356 863 1481 928 hoc
1516 862 1727 928 studio
1760 883 1881 927 nec
1917 863 2000 928 ad
2043 861 2232 926 aliam
2278 862 2550 928 dimittis

424 992 438 1003 ·
481 970 706 1036 arte-m,
759 969 833 1022 ut
881 957 1066 1023 nobis
1121 957 1430 1044 explices,
1480 993 1571 1006 --·
1613 957 1913 1042 quicquid
1962 967 2063 1022 est
2112 956 2313 1034 istud,
2364 958 2549 1040 quod

478 1067 549 1121 tu
580 1053 649 1117 in
685 1053 952 1117 dicendo
986 1062 1199 1139 potes3
1235 1072 1443 1135 neque
1480 1051 1649 1116 enim
1686 1073 1905 1116 sumus
1940 1051 2129 1116 nimis
2166 1051 2360 1129 avidi3
2410 1051 2551 1115 ista

479 1159 591 1213 tua
638 1147 941 1212 mediocri
993 1146 1356 1230 eloquentia
1408 1146 1687 1212 contenti
1740 1167 1959 1210 sumus
1994 1145 2305 1229 -idque
2348 1168 2433 1210 ex
2476 1156 2546 1210 te

479 1243 866 1325 quaerimus,
923 1242 1022 1321 (ut
1053 1264 1135 1306 ne
1170 1241 1314 1327 plus
1348 1264 1469 1305 nos
1522 1241 1973 1324 adsequamur,
2035 1261 2225 1324 quam
2268 1249 2581 1326 quantuffi

475 1335 610 1398 lum
661 1345 731 1399 tu
779 1335 848 1398 in
898 1335 1165 1400 dicendo
1219 1335 1557 1401 adsecutus
1610 1334 1709 1418 es)
1766 1335 2091 1419 quoniam,
2146 1357 2305 1418 quae
2348 1357 2391 1398 a
2420 1357 2547 1398 na·-

479 1439 624 1492 tura
673 1429 1028 1516 expetenda
1079 1439 1255 1507 sunt,
1310 1450 1386 1494 ea
1439 1429 1595 1494 dicis
1647 1451 1777 1494 non
1828 1428 2017 1493 nimis
2071 1429 2295 1493 deesse
2328 1427 2543 1504 nobis,

375 1521 446 1572 30
479 1522 632 1608 quid
680 1533 1009 1610 praeterea
1060 1547 1204 1588 esse
1258 1523 1720 1588 adsumendum
1769 1522 2019 1610 putes?
2078 1533 2212 1586 tum
2256 1518 2545 1586 Crassus

367 1593 444 1632 ¹34
481 1617 776 1682 adridens
831 1617 1014 1700 ‘quid
1065 1617 1341 1695 censes,'
1396 1617 1599 1701 inquit
1654 1613 1906 1694 ‘Cotta
1968 1615 2093 1680 nisi
2144 1615 2427 1680 studium
2478 1625 2545 1679 et

477 1713 767 1778 ardorem
823 1712 1139 1795 quendam
1191 1711 1463 1799 amoris?
1516 1711 1652 1776 sine
1707 1733 1831 1794 quo
1884 1731 2031 1774 cum
2079 1709 2148 1773 in
2198 1709 2332 1774 vita
2380 1707 2541 1773 nihil

477 1807 816 1890 quicquam
869 1806 1226 1892 egregium,
1292 1817 1429 1870 tum
1482 1816 1651 1870 certe
1704 1805 1857 1882 hoc,
1918 1803 2086 1888 quod
2138 1814 2208 1868 tu
2269 1802 2541 1890 expetis,

475 1921 664 1966 nemo
697 1921 999 1984 umquam
1035 1900 1435 1982 adsequetur.
1523 1921 1729 1982 neque
1766 1915 1917 1964 vero
1953 1921 2069 1963 vos
2108 1897 2191 1962 ad
2226 1920 2368 1962 eam
2400 1919 2541 1962 rem

476 1993 664 2058 video
718 2015 862 2057 esse
915 1992 1367 2069 cohortandos,
1432 2013 1623 2076 quos,
1688 2015 1833 2056 cum
1886 1992 2043 2056 mihi
2092 2013 2345 2075 quoque
2400 1991 2541 2056 sitis

367 2114 444 2154 135
478 2086 757 2163 molesti,
811 2084 1000 2149 nimis
1055 2086 1246 2150 etiam
1303 2085 1570 2172 flagrare
1622 2086 1925 2172 intellego
1968 2086 2332 2173 cupiditate.
2421 2086 2541 2148 sed

473 2179 762 2266 profecto
823 2180 1032 2244 studia
1091 2179 1248 2244 nihil
1308 2192 1577 2267 prosunt
1637 2180 2047 2268 perveniendi
2109 2179 2349 2265 aliquo,
2410 2179 2537 2243 nisi

475 2272 661 2350 illud,
697 2272 871 2356 quod
905 2296 1009 2351 eo,
1047 2296 1173 2358 quo
1207 2274 1530 2353 intendas,
1566 2275 1733 2341 ferat
1767 2274 2182 2358 deducatque,
2220 2272 2537 2361 cognoris.

477 2388 604 2451 qua
633 2389 704 2432 re
741 2369 1038 2451 quoniam
1072 2368 1226 2433 mihi
1260 2369 1464 2435 levius
1511 2371 1832 2455 quoddam
1868 2393 2028 2435 onus
2065 2370 2389 2455 imponitis
2423 2392 2539 2435 ne-

475 2482 600 2546 que
651 2484 734 2526 ex
783 2484 886 2527 me
941 2462 1021 2531 de
1064 2462 1330 2529 oratoris
1377 2475 1541 2542 arte,
1597 2464 1713 2529 sed
1748 2465 1827 2529 de
1878 2464 2000 2528 hac
2034 2486 2212 2542 -mea,
2264 2474 2541 2547 quantu-

473 2556 808 2639 lacumque
859 2566 986 2635 est,
1049 2558 1347 2623 facultate
1409 2558 1739 2642 quaeritis,
1802 2580 2117 2643 exponam
2170 2558 2352 2622 vobis
2408 2578 2539 2622 non

475 2651 792 2734 quandam
865 2663 974 2717 aut
1037 2652 1544 2739 perreconditam
1606 2664 1717 2717 aut
1784 2652 1971 2715 valde
2042 2650 2365 2715 difficilem
2428 2665 2539 2715 aut

474 2746 878 2833 magnificam
939 2759 1050 2811 aut
1099 2768 1360 2832 gravem
1422 2746 1731 2813 rationem
1794 2744 2269 2811 consuetudinis
2329 2766 2537 2822 meae,

475 2860 600 2921 qua
643 2839 963 2921 quondam
1016 2840 1238 2905 solitus
1295 2862 1437 2905 sum
1487 2842 1611 2919 uti,
1666 2863 1813 2907 cum
1863 2839 2019 2907 mihi
2060 2839 2128 2903 in
2162 2838 2285 2904 isto
2324 2838 2539 2903 studio

363 2958 441 2997 186
473 2932 714 2995 versari
741 2932 1130 2998 adulescenti
1155 2934 1426 2999 licebat?
1475 2946 1609 2999 tum
1639 2934 1962 3021 Sulpicius
2002 2941 2069 3000 ‘o
2098 2932 2285 3011 diem,
2318 2930 2539 3013 Cotta,

473 3023 684 3088 nobis’
741 3024 946 3109 inquit
983 3027 1324 3113 ‘optatuml
1379 3029 1553 3113 quod
1597 3030 1765 3093 enim
1806 3051 2013 3113 neque
2052 3029 2345 3115 precibus
2390 3050 2540 3091 um·-

473 3138 664 3200 quam
696 3130 816 3183 nec
865 3120 1220 3185 insidiando
1267 3143 1388 3185 nec
1432 3123 1820 3207 speculando
1876 3123 2138 3206 adsequi
2180 3120 2381 3208 potui,
2435 3133 2535 3199 ut,

473 3209 628 3293 quid
669 3208 945 3279 Crassus
999 3224 1218 3299 ageret
1265 3215 1614 3280 meditandi
1658 3228 1769 3281 aut
1820 3215 2071 3281 dicendi
2124 3236 2315 3281 causa
2323 3262 2343 3293 ,
2396 3236 2535 3280 non

471 3306 662 3371 modo
713 3306 928 3372 videre
976 3308 1160 3387 mihi,
1215 3310 1331 3374 sed
1364 3332 1448 3374 ex
1499 3311 1634 3375 eius
1682 3311 1985 3397 scriptore
2030 3321 2095 3375 et
2136 3310 2375 3376 lectore
2409 3310 2535 3374 Di.-

467 3398 646 3510 philo
683 3400 990 3488 suspicari
1022 3403 1268 3481 liceret,
1313 3404 1382 3468 id
1420 3426 1605 3490 spero
1641 3427 1760 3470 nos
1805 3426 1949 3469 esse
1978 3404 2249 3525 adeptqs
2288 3404 2537 3469 omnia-

471 3517 594 3579 que
627 3494 756 3560 iam
791 3518 871 3560 ex
902 3495 1073 3582 ipso,
1111 3519 1274 3580 quae
1310 3497 1419 3561 diu
1456 3498 1775 3585 cupimus,
1812 3497 2219 3585 cognituros!

359 3587 433 3698 131
589 3589 760 3653 Tum
795 3588 1076 3656 Crassus
1113 3592 1316 3675 ‘atqui
1352 3592 1667 3669 arbitror?
1708 3590 1981 3677 Sulpici,
2020 3598 2195 3655 ‘cum
2230 3590 2533 3667 audieris,

385 3660 434 3699 ⁸⁷
470 3706 600 3749 non
633 3691 765 3748 t'am
801 3694 864 3749 te
897 3684 1058 3749 haec
1093 3684 1573 3765 admiraturum,
1610 3708 1772 3770 quae
1810 3687 2046 3763 dixero,
2084 3708 2277 3770 quam
2311 3686 2537 3751 existi-

468 3767 786 3843 maturum
821 3790 983 3856 tum,
1040 3801 1185 3843 cum
1219 3803 1297 3844 ea
1331 3781 1549 3846 audire
1594 3782 1923 3867 cupiebaS,
1976 3802 2237 3845 causam
2272 3801 2387 3845 cur
2420 3802 2537 3843 cu·-

469 3894 655 3957 peres
707 3894 836 3936 non
887 3827 1117 3951 fuisse3
1179 3873 1338 3937 nihil
1390 3873 1561 3939 enim
1619 3873 1827 3939 dicam
1884 3873 2309 3952 reconditum,
2358 3872 2535 3937 nihil

472 3967 942 4047 exspectatione
993 3978 1208 4032 vestra
1243 3966 1533 4052 dignum,
1586 3968 1743 4032 nihil
1779 3978 1889 4033 aut
1937 3968 2289 4053 inauditum
2344 3966 2533 4034 vobis

473 4064 584 4117 aut
617 4056 909 4139 cuiquam
943 4082 1200 4125 novum.
1271 4081 1422 4124 nam
1455 4061 1791 4148 principio,
1829 4061 1895 4126 id
1931 4061 2101 4145 quod
2137 4072 2238 4127 est
2271 4058 2537 4127 homine
