2784 4575
497 250 580 315 16
985 258 1409 315 CORNIFICII
1442 257 2063 316 RHETORICORUM
2113 311 2128 326 .

617 382 910 451 Conlatio
947 394 1070 461 est,
1108 404 1254 447 cum
1289 390 1618 447 accusator
1652 377 1745 458 id,
1784 381 1955 465 quod
1988 381 2421 449 adversarium
2455 385 2553 451 fe-

499 482 660 547 cisse
695 481 1086 556 criminatur,
1135 478 1242 543 alii
1275 476 1513 541 nemini
1546 475 1672 540 nisi
1702 498 1813 541 reo
1848 476 2015 541 bono
2053 476 2253 543 fuisse
2290 479 2553 545 demon-

499 586 682 652 strat,
737 586 846 639 aut
878 573 1072 637 alium
1107 572 1427 637 neminem
1458 570 1745 656 potuisse
1779 568 2111 655 perficere,
2164 570 2291 637 nisi
2326 572 2554 637 adver-

499 668 758 745 sarium,
811 678 922 732 aut
957 689 1106 732 eum
1139 666 1352 751 ipsum
1386 664 1526 728 aliis
1569 663 1917 729 rationibus
1955 676 2067 729 aut
2100 687 2231 730 non
2262 666 2553 751 potuisse

497 773 607 828 aut
637 784 769 827 non
803 784 1002 845 aeque
1039 759 1370 826 commode
1412 758 1695 844 potuisse
1734 769 1845 823 aut
1880 778 2026 824 eum
2060 758 2306 844 fugisse
2346 756 2549 846 [illas]

493 858 770 921 rationes
808 854 1266 920 commodiores
1301 862 1562 939 propter
1598 852 2025 939 cupiditatem.
2107 853 2231 917 hoc
2263 853 2405 918 loco
2442 854 2555 917 de·-

495 950 816 1017 fensorem
842 948 1273 1014 demonstrare
1300 956 1549 1032 oportet
1576 958 1682 1011 aut
1712 947 1850 1011 aliis
1878 968 2129 1031 quoque
2152 946 2323 1012 bono
2350 946 2554 1012 fuisse
2592 1015 2594 1017 ,

497 1055 606 1109 aut
636 1043 793 1110 alios
821 1063 1072 1126 quoque
1100 1042 1186 1118 id,
1215 1040 1386 1125 quod
1404 1041 1543 1128 ipse
1562 1040 1977 1118 insimuletur,
2006 1040 2217 1105 facere
2242 1041 2551 1126 potuisse.

621 1136 894 1224 Signum
937 1146 1065 1213 est,
1117 1158 1233 1222 per
1278 1136 1451 1219 quod
1502 1135 1855 1201 ostenditur
1904 1135 2135 1200 idonea
2182 1135 2554 1221 perficiendi

497 1230 766 1297 facultas
803 1252 946 1296 esse
983 1230 1288 1313 quaesita.
1365 1230 1436 1295 id
1471 1229 1769 1294 dividitur
1802 1230 1870 1293 in
1904 1229 2103 1315 partis
2140 1251 2283 1294 sex:
2319 1229 2551 1308 locum,

500 1338 750 1411 tempus
761 1372 780 1403 ,
836 1325 1138 1411 spatium,
1193 1324 1621 1401 occasionem,
1678 1347 1859 1409 spem
1913 1322 2309 1410 perficiendi,
2372 1346 2557 1409 spem

499 1419 765 1485 celandi.
852 1418 1029 1484 locus
1083 1418 1429 1503 quaeritur,
1485 1418 1750 1482 celebris
1804 1440 1888 1483 an
1929 1418 2245 1494 desertus,
2300 1440 2553 1504 semper

505 1512 792 1578 desertus
831 1536 914 1577 an
947 1523 1102 1589 tum,
1141 1534 1285 1577 cum
1311 1510 1380 1576 id
1414 1512 1654 1576 factum
1690 1512 1791 1589 sit,
1832 1508 1927 1597 [in
1954 1532 2029 1578 eo
2056 1511 2197 1577 loco
2226 1508 2552 1599 solitud0,]

501 1625 678 1671 sacer
731 1628 813 1670 an
863 1606 1168 1692 profanus
1181 1654 1198 1683 ,
1262 1604 1556 1691 publicus
1614 1628 1697 1669 an
1756 1606 2039 1692 privatus
2092 1605 2284 1669 fuerit
2290 1630 2309 1683 3
2372 1604 2555 1670 cuius

497 1698 670 1765 modi
705 1698 828 1763 loci
863 1698 1204 1785 attingant,
1247 1720 1431 1776 num,
1472 1700 1651 1781 ,quod
1684 1710 1785 1763 est
1818 1700 2083 1776 factum,
2128 1709 2553 1786 perspectum,

496 1792 867 1857 exauditum
901 1814 1044 1858 esse
1079 1792 1302 1879 possit.
1390 1793 1619 1857 horum
1654 1793 1807 1875 quid
1838 1814 1974 1869 reo,
2014 1791 2167 1875 quid
2201 1792 2557 1859 accusatori

501 1886 859 1963 conveniat,
895 1885 1286 1972 perscribere
1322 1908 1453 1951 non
1486 1907 1926 1970 gravaremur,
1962 1885 2088 1951 nisi
2121 1886 2308 1952 facilc
2344 1886 2551 1971 quivis

501 2000 696 2044 causa
735 1979 946 2065 posita
994 1989 1216 2065 posset
1273 1979 1582 2056 iudicare3
1636 1977 1817 2043 initia
1851 1979 2020 2044 enim
2050 1978 2432 2045 inventionis
2470 1980 2555 2045 ab

497 2084 633 2137 arte
685 2073 918 2138 debent
966 2072 1308 2159 proficisci,
1373 2082 1584 2136 cetera
1635 2071 1821 2137 facile
1874 2073 2265 2159 comparabit
2314 2072 2557 2139 exerci-

499 2166 670 2231 tatio.
761 2176 1010 2252 tempus
1047 2166 1138 2231 ita
1171 2165 1519 2249 quaeritur:
1558 2186 1681 2248 quo
1719 2164 1886 2243 anni,
1928 2164 2084 2251 [qua
2116 2163 2323 2253 hora,]
2358 2176 2557 2231 noctu

497 2284 580 2326 an
613 2260 912 2339 interdiu,
967 2281 1094 2344 qua
1126 2259 1229 2324 die
1265 2280 1392 2343 qua
1425 2259 1629 2325 noctis
1665 2259 1823 2325 hora
1856 2260 2096 2326 factum
2130 2283 2274 2328 esse
2308 2260 2554 2326 dicatur

499 2366 563 2420 et
597 2376 708 2420 cur
743 2355 878 2420 eius
904 2354 1078 2420 modi
1104 2353 1513 2439 temporibus.
1588 2353 1862 2438 spatium
1894 2354 1985 2418 ita
2026 2355 2557 2420 considerabitur:

499 2448 735 2514 satisne
771 2448 1036 2534 longum
1078 2447 1269 2511 fuerit
1303 2447 1386 2510 ad
1422 2469 1564 2519 eam
1596 2469 1734 2512 rem
1784 2447 2260 2534 transigendam
2298 2458 2362 2512 et
2396 2448 2559 2512 scie-

495 2543 678 2621 ritne,
717 2543 870 2607 satis
904 2541 990 2605 ad
1021 2541 1090 2605 id
1123 2539 1581 2626 perficiendum
1618 2541 1805 2628 spatii
1838 2541 2150 2620 futurum3
2192 2564 2341 2606 nam
2374 2543 2560 2627 parvi

495 2636 692 2702 refert
745 2635 896 2700 satis
951 2634 1139 2720 spatii
1195 2633 1399 2700 fuisse
1444 2637 1527 2700 ad
1566 2635 1636 2700 id
1678 2635 2157 2722 perficiendum,
2218 2635 2275 2700 si
2307 2636 2375 2702 id
2410 2647 2559 2702 ante

501 2730 644 2796 sciri
688 2740 752 2794 et
792 2729 1034 2794 ratione
1083 2727 1408 2814 provideri
1452 2752 1583 2795 non
1615 2730 1839 2816 potuit.
1930 2730 2181 2796 occasio
2233 2729 2556 2812 quaeritur

496 2825 806 2888 idoneane
841 2822 1033 2887 fuerit
1071 2823 1153 2886 ad
1185 2845 1323 2888 rem
1359 2823 1796 2902 adoriendam,
1835 2848 1917 2889 an
1952 2825 2078 2890 alia
2110 2824 2350 2900 melior,
2388 2845 2554 2906 quac

499 2926 608 2978 aut
655 2916 995 3001 praeterita
1039 2916 1124 2980 sit
1165 2928 1275 2980 aut
1325 2940 1457 2982 non
1510 2928 1895 3004 exspectata.
1986 2939 2133 3004 spes
2186 2917 2581 3003 perficiendi»

499 3029 700 3090 ecqua
732 3009 950 3086 fuerit,
988 3010 1386 3095 spectabitur,
1410 3010 1535 3074 hoc
1568 3011 1787 3076 modo:
1828 3011 1911 3088 si,
1958 3031 2120 3093 quae
2158 3032 2351 3095 supra
2384 3009 2555 3076 dicta

499 3111 649 3166 sunt
684 3101 895 3188 signa,
949 3113 1352 3180 concurrent,
1410 3103 1466 3166 si
1499 3113 1829 3189 praeterea
1882 3103 2079 3167 altera
2126 3113 2311 3188 parte
2360 3102 2549 3178 vires,

495 3194 794 3280 pecunia,
839 3195 1200 3274 consilium,
1255 3196 1547 3273 scientia,
1602 3195 1928 3282 apparatio
1970 3195 2289 3262 videbitur
2330 3196 2550 3273 fuisse,

490 3289 696 3356 altera
745 3301 924 3376 parte
951 3289 1372 3372 *imbecillitas
1387 3337 1405 3366 ,
1464 3290 1707 3376 inopia,
1764 3289 2057 3368 stultitia,
2110 3289 2553 3376 imprudentia,

423 3383 426 3386 ’
492 3385 890 3472 inapparatio
925 3383 1458 3450 demonstrabitur
1500 3383 1729 3462 fuisse3
1783 3407 1911 3469 qua
1950 3407 2022 3449 re
2058 3384 2221 3450 scire
2254 3385 2552 3471 potuerit,

495 3489 708 3544 utrum
745 3478 1162 3544 diffidendum
1204 3500 1288 3542 an
1333 3477 1779 3542 confidendum
1818 3477 2029 3544 fuerit.
2118 3501 2267 3564 spes
2304 3477 2552 3544 celandi

495 3595 662 3658 quac
695 3572 913 3650 fuerit,
977 3570 1298 3655 quaeritur
1333 3593 1417 3636 ex
1450 3571 1750 3650 consciis,
1808 3571 2087 3651 arbitris,
2136 3571 2549 3647 adiutoribus,

497 3667 712 3733 liberis
751 3679 861 3732 aut
897 3665 1098 3731 servis
1129 3662 1279 3750 [aut
1311 3663 1651 3752 utrisque}

620 3763 1093 3848 Argumentum
1127 3771 1253 3838 est,
1288 3783 1406 3847 per
1442 3762 1613 3844 quod
1645 3784 1751 3828 res
1786 3763 2146 3850 coarguitur
2180 3757 2551 3824 certioribus

441 3834 880 3920 ⁸adiumentis
935 3865 1002 3920 et
1051 3854 1256 3942 magis
1305 3854 1493 3919 firma
1546 3849 1914 3942 suspitione.
2016 3855 2085 3919 id
2136 3850 2435 3916 dividitur
2484 3850 2553 3914 in

503 3957 788 4034 tempora
821 3948 968 4014 tria:
1001 3947 1431 4036 praeteritum,
1468 3947 1735 4028 instans,
1774 3967 2189 4031 consequens.
2268 3944 2337 4008 in
2368 3965 2555 4030 prae-

502 4041 685 4107 terito
729 4053 1011 4130 tempore
1057 4051 1304 4130 oportet
1349 4041 1773 4122 considerare,
1826 4043 1935 4108 ubi
1971 4039 2187 4117 fuerit,
2230 4039 2342 4105 ubi
2376 4039 2551 4104 visus
