2784 4575
709 385 814 459 ⁴AD
855 389 912 442 C.
949 387 1419 446 BER-ENNIUM
1454 389 1556 444 III.
1592 390 1834 444 22-25,
2214 378 2299 445 49

245 509 546 578 locutioni
556 536 574 590 3
621 510 938 577 contentio
985 521 1083 576 est
1127 512 1325 577 oratio
1371 511 1534 578 acris
1580 523 1645 577 et
1686 513 1770 577 ad
1804 513 2301 581 confirmandum

251 618 316 672 et
350 607 431 671 ad
465 605 917 672 confutandum
953 606 1461 685 adcommodata;
1510 607 1909 692 amplificatio
1945 620 2044 674 est
2077 611 2299 689 oratic,

249 724 409 786 quae
461 712 570 766 aut
629 702 697 765 in
756 699 1145 765 iracundiam
1204 699 1447 768 inducit
1506 711 1616 765 aut
1665 701 1749 765 ad
1805 701 2300 769 misericordiam

245 795 437 861 trahit
470 794 772 861 auditoris
811 793 1108 859 animum.
1199 816 1407 884 sermo
1444 794 1742 859 dividitur
1775 795 1843 860 in
1884 796 2083 882 partis
2122 809 2301 880 quat-

241 898 410 955 tuor:
450 889 850 975 dignitatem,
888 887 1516 966 demonstrationem,
1552 889 2006 968 narrationem,
2043 887 2300 955 iocatio-

241 1006 407 1049 nem.
501 983 776 1069 dignitas
807 992 912 1047 ‘est
953 981 1153 1046 oratio
1199 1003 1344 1046 cum
1387 981 1600 1066 aliqua
1642 981 1954 1069 gravitate
1965 1007 1985 1061 3
2039 982 2299 1049 demon-

242 1076 464 1142 stratio
513 1087 613 1140 est
658 1075 887 1154 oratic,
942 1096 1104 1159 quae
1148 1075 1360 1153 docet,
1416 1099 1540 1159 quo
1584 1077 1774 1142 modo
1820 1076 1973 1160 quid
2014 1077 2152 1142 fieri
2184 1100 2301 1163 po·-

239 1170 432 1234 tuerit
465 1180 574 1234 aut
607 1191 736 1234 non
768 1170 1046 1256 potuerit
1052 1195 1070 1247 3
1116 1169 1392 1234 narratio
1438 1181 1537 1235 est
1577 1193 1788 1236 rerum
1832 1181 2157 1258 gestarum
2190 1182 2300 1236 aut

240 1263 506 1349 proinde
549 1273 622 1327 ut
663 1273 987 1349 gestarum
1040 1263 1379 1350 expositio;
1434 1263 1662 1330 iocatio
1708 1275 1809 1330 est
1851 1264 2079 1343 oratio,
2136 1286 2299 1348 quae

241 1379 324 1421 ex
376 1355 586 1440 aliqua
626 1379 696 1421 re
745 1357 946 1420 risum
995 1357 1341 1443 pudentem
1383 1368 1448 1421 et
1488 1356 1814 1422 liberalem
1862 1369 2077 1444 potest
2128 1380 2300 1424 com-

239 1473 484 1536 parare.
546 1450 863 1516 contentio
894 1449 1189 1514 dividitur
1222 1450 1291 1514 in
1325 1450 1856 1516 continuationem
1890 1462 1955 1516 et
1986 1452 2055 1516 in
2088 1452 2299 1517 distri-

240 1543 594 1607 butionem:
649 1542 1034 1608 continuatio
1089 1554 1189 1608 est
1238 1543 1539 1608 orationis
1586 1544 2005 1610 enuntiandae
2050 1546 2297 1610 adcele-

239 1634 401 1700 ratio
459 1631 826 1720 [clamosa];
893 1634 1249 1700 distributio
1303 1646 1402 1700 est
1460 1633 1555 1721 [in
1614 1637 2041 1724 contentione]
2097 1639 2294 1704 oratio

239 1729 538 1812 frequens
589 1725 762 1813 [cum
812 1726 971 1792 raris
1017 1738 1082 1792 et
1130 1727 1459 1816 brevibus]
1515 1728 1859 1793 intervallis
1916 1726 2075 1814 [acri
2125 1731 2309 1802 voci-,

237 1820 600 1909 seratione].
675 1821 1077 1908 amplificatio
1106 1821 1406 1886 dividitur
1428 1821 1496 1885 in
1532 1821 2030 1888 cohortationem
2056 1832 2121 1888 et
2146 1841 2295 1887 con-
2336 1850 2389 1890 24

237 1916 662 2000 questionem.
700 1915 1048 1982 cohortatio
1086 1927 1186 1981 est
1219 1915 1439 1993 orati0,
1478 1937 1641 2000 quae
1678 1915 1935 1999 aliquod
1964 1925 2296 2002 peccatum

236 2011 628 2098 amplificans
668 2011 1018 2075 auditorem
1053 2010 1136 2076 ad
1167 2009 1560 2075 iracundiam
1595 2009 1878 2088 adducit3
1926 2010 2293 2094 conquestio

236 2117 335 2172 est
384 2105 614 2183 oratio,
668 2126 830 2189 quae
881 2104 1423 2172 incommodorum
1465 2103 1961 2191 amplificatione
2015 2104 2293 2170 animum

236 2201 537 2266 auditoris
601 2200 684 2264 ad
741 2199 1238 2266 misericordiam
1289 2201 1603 2289 perducit.
1715 2197 2051 2287 [quoniam
2100 2201 2293 2289 igitur

234 2295 562 2361 mollitudo
606 2294 780 2360 vocis
826 2295 893 2359 in
935 2296 1048 2359 tris
1100 2296 1298 2382 partis
1355 2297 1562 2363 divisa
1607 2307 1734 2375 est,
1791 2308 1855 2363 et
1905 2298 2026 2363 hae
2075 2308 2289 2384 partes

233 2389 412 2475 ipsae
459 2398 606 2452 sunt
646 2387 715 2453 in
757 2398 900 2454 octo
949 2390 1147 2475 partis
1203 2390 1360 2454 alias
1416 2390 1817 2469 distributae,
1872 2390 2097 2455 harum
2147 2400 2290 2455 octo
2359 2456 2371 2469 ³

233 2481 506 2567 partium
553 2502 712 2565 quae
761 2482 1062 2564 cuiusque
1107 2483 1338 2548 idonea
1387 2484 1813 2568 pronuntiatio
1866 2483 1976 2559 sit,
2032 2483 2291 2547 demon·-

237 2575 562 2641 strandum
603 2572 902 2659 videtur]
994 2598 1200 2639 sermo
1247 2596 1392 2638 cum
1445 2586 1544 2641 est
1584 2576 1653 2639 in
1696 2574 2030 2660 dignitate,
2082 2574 2287 2679 plenis
2324 2586 2393 2640 14

235 2668 523 2732 faucibus
560 2688 750 2749 quam
786 2666 1186 2730 sedatissima
1220 2676 1286 2730 et
1321 2666 1807 2751 depressissima
1832 2686 1990 2729 voce
2025 2664 2116 2726 uti
2142 2685 2291 2728 con-

234 2758 473 2834 veniet,
511 2759 602 2821 ita
635 2768 873 2833 tamen,
911 2768 982 2819 ut
1014 2780 1096 2820 ne
1133 2759 1214 2821 ab
1251 2758 1525 2821 oratoria
1560 2756 2013 2821 consuetudine
2050 2756 2133 2819 ad
2165 2766 2293 2821 tra-

237 2850 446 2937 gicam
490 2858 910 2926 transeamuS,
895 2873 910 2888 ·
967 2870 1111 2913 cum
1167 2846 1437 2935 [autem]
1484 2858 1585 2913 est
1624 2848 1693 2912 in
1738 2847 2287 2924 demonstratione,

235 2962 393 3008 voce
435 2939 761 3028 paululum
812 2950 1134 3007 attenuata
1187 2942 1423 3006 crebris
1468 2942 1813 3007 intervallis
1862 2950 1927 3007 et
1971 2941 2291 3007 divisioni-

233 3038 356 3103 bus
391 3044 640 3121 oportet
673 3034 792 3112 uti3
829 3044 900 3099 ut
933 3034 1076 3121 ipsa
1116 3036 1625 3123 pronuntiatione
1664 3058 1771 3101 eas
1806 3058 1940 3113 res,
1972 3058 2162 3145 ..quas
2181 3036 2289 3100 de-

231 3128 742 3207 monstrabimus,
779 3129 1056 3195 inserere
1083 3140 1272 3214 atque
1297 3129 1583 3195 insecare
1618 3129 1987 3195 videamur
1968 3154 2035 3193 m
2062 3129 2285 3195 animis

235 3224 615 3301 auditorum3
666 3244 810 3287 cum
847 3235 1058 3289 autem
1093 3235 1193 3291 est
1231 3221 1559 3311 [sermo]’
1539 3248 1607 3287 m
1640 3224 2023 3303 narratione,
2062 3245 2287 3289 vocum

233 3316 568 3382 varietates
605 3339 764 3403 opus
813 3329 985 3397 sunt,
1031 3328 1128 3396 ut,
1183 3339 1310 3402 quo
1356 3317 1631 3401 quidque
1663 3328 1850 3404 pacto
1895 3329 2147 3405 gestum
2182 3319 2283 3397 sit,

231 3409 324 3475 ita
370 3433 625 3476 narrare
677 3412 1030 3478 videamur:
1087 3425 1340 3479 strenue
1394 3414 1567 3497 quod
1616 3414 1905 3478 volumus
1952 3414 2284 3480 ostendere

233 3503 499 3583 factum,
541 3505 946 3573 celeriuscule
983 3506 1294 3585 dicemus,
1343 3517 1409 3572 at
1452 3506 1623 3570 aliud
1666 3507 1893 3586 otiose,
1937 3507 2285 3573 retardabi-

231 3621 404 3676 mus3
443 3598 668 3664 deinde
703 3601 892 3667 modo
929 3600 1172 3679 acriter,
1209 3612 1346 3667 tum
1381 3599 1751 3678 clementer,
1785 3610 2049 3675 maeste,
2084 3598 2282 3661 hilare

233 3690 300 3756 in
335 3690 538 3758 omnis
572 3692 769 3778 partis
807 3695 1330 3759 commutabimus
1363 3704 1436 3757 ut
1478 3694 1674 3757 verba
1706 3693 1797 3757 ita
1828 3686 2283 3777 pronuntiatio-

233 3807 400 3851 nem.
489 3785 545 3850 si
581 3808 706 3869 qua
737 3785 1121 3851 inciderint
1101 3812 1170 3851 111
1202 3786 1627 3852 narrationem
1664 3785 1858 3861 dicta,
1893 3790 2117 3866 rogata
2131 3825 2149 3855 ,
2184 3801 2285 3841 re-

236 3901 498 3965 sponsa,
537 3878 591 3943 si
628 3900 788 3961 quae
824 3878 1296 3958 admirationes,
1336 3880 1415 3943 de
1451 3879 1677 3962 quibus
1714 3899 1832 3942 nos
1836 3864 2281 3947 narrabimus,

235 3971 569 4058 diligenter
614 3972 892 4036 animum
935 3973 1361 4051 advertemus,
1416 3983 1489 4037 ut
1540 3969 1821 4035 omnium
1869 3986 2284 4051 personarum

237 4086 460 4129 sensus
505 4074 694 4148 atque
748 4063 990 4129 animos
1034 4088 1188 4134 voce
1243 4065 1689 4152 exprimamus.
1781 4059 1879 4123 sin
1924 4057 2041 4123 erit
2076 4080 2282 4123 sermo
2326 4078 2378 4121 25

234 4156 301 4221 in
341 4156 672 4237 iocatione,
735 4156 956 4225 leviter
998 4160 1413 4227 tremebunda
1454 4176 1612 4223 voce
1657 4173 1801 4217 cum
1843 4174 2043 4239 parva
2088 4152 2284 4240 signi-

344 4256 570 4301 Giceronis
588 4258 676 4301 vol.
698 4256 737 4301 1.
1909 4258 1943 4307 4
