2784 4575
355 13 519 62 ,με
883 11 888 44 ;
1444 11 1482 64 f
1594 21 1599 29 ·
1657 13 1660 15 ’
2063 11 2130 54 “a

486 86 508 104 .'
1436 69 1477 104 ‘t-
1784 71 1876 84 'y'-

2106 53 2147 130 ’¹3

2070 147 2080 152 ,.
2100 135 2108 142 ‘⁴
2138 131 2148 170 Ι(

2133 182 2140 200 I

1446 191 1623 258 &512²ss
1739 193 1745 201 ¹
1782 191 1821 210 '
2012 218 2129 264 -—.',7

780 278 886 334 AD
925 279 986 334 o,
1022 259 1979 364 HERENNIUrsfflEssQg-„ssgssits-
2290 271 2374 336 99

226 477 229 480 ,
306 407 496 484 divit,
557 403 771 470 ‘heus’
823 402 1030 487 inquit
1077 401 1356 490 Gorgiae
1407 404 1757 490 pedisequo
1803 427 2144 491 puerorum
2199 407 2383 472 ‘abs--

309 500 513 568 conde
571 518 836 586 pueros,
892 497 1192 576 defende,
1249 496 1380 576 fac,
1432 507 1507 562 ut
1554 496 1889 568 incolumis
1945 499 2376 566 adulescentia

314 594 434 660 sit.’
524 592 635 658 vix
669 591 830 657 haec
866 590 1140 669 dixerat,
1193 612 1340 656 cum
1375 612 1523 656 ecce
1567 590 1688 656 iste
1727 597 2007 678 ‘praesto
2054 593 2233 658 ades'
2279 595 2374 659 in-

311 689 450 774 quit
485 687 762 753 ‘audax?
797 709 928 752 non
961 709 1088 752 vox
1122 709 1267 751 mea
1301 685 1415 752 tibi
1444 686 1639 752 vitam
1676 687 1948 752 ademit?
1984 688 2170 774 exple
2196 711 2371 754 meas

257 840 265 846 .
311 782 672 850 inimicitias
710 791 774 846 et
806 780 1200 846 iracundiam
1235 793 1452 847 satura
1486 792 1594 848 tuo
1642 781 1993 868 sanguine!
2079 783 2185 848 ille
2230 805 2374 850 cum

313 901 546 964 magno
587 875 812 962 spiritu
868 875 1212 952 ‘verebar,’
1266 874 1473 959 inquit
1508 881 1629 944 ‘ne
1652 876 1841 962 plane
1884 877 2089 942 victus
2134 901 2372 944 essem:

309 992 484 1036 nunc
517 969 734 1036 video:
791 968 1024 1034 iudicio
1058 990 1308 1034 mecum
1343 970 1723 1034 contendere
1768 993 1897 1035 non
1939 971 2065 1048 vis,
2120 972 2233 1037 ubi
2269 995 2375 1038 su-

311 1064 524 1152 perari
573 1063 1036 1150 turpissimum,
1101 1085 1399 1150 superare
1451 1062 1943 1150 pulcherrimum
1996 1075 2097 1130 est
2104 1091 2121 1144 3
2182 1066 2374 1132 inter-

312 1160 504 1226 ficere
540 1157 668 1224 vis:
722 1159 972 1227 occides
1010 1157 1332 1241 equidem,
1371 1158 1487 1224 sed
1522 1158 1723 1223 victus
1760 1181 1890 1228 non
1924 1159 2183 1245 peribo.’
2276 1167 2373 1225 ‘tu

308 1255 380 1318 in
426 1264 709 1319 extremo
753 1253 920 1322 vitae
966 1264 1247 1339 tempore
1292 1263 1357 1318 et
1400 1252 1745 1318 sententias
1799 1253 2111 1338 eloqueris
2165 1277 2371 1339 neque
2422 1333 2429 1341 ⁰

309 1349 399 1425 ei,
456 1370 645 1431 quem
699 1347 878 1413 vides
933 1347 1272 1426 dominari,
1327 1346 1425 1412 vis
1480 1347 1903 1432 supplicare?
1961 1358 2097 1413 tum
2146 1348 2372 1414 mulier

309 1442 534 1507 ‘immo
577 1441 699 1507 iste
744 1441 1002 1524 quidem
1049 1452 1237 1528 rogat
1279 1451 1345 1506 et
1397 1440 1738 1527 supplicat:
1794 1441 1909 1506 sed
1960 1452 2057 1520 tu,
2112 1463 2369 1526 quaeso,
2404 1439 2407 1444 ’

235 1556 242 1562 ·
311 1558 739 1614 commovere3
795 1546 859 1600 et
894 1546 991 1614 tu,
1043 1559 1158 1622 per
1193 1535 1376 1602 deos'
1414 1534 1619 1620 inquit
1664 1535 1861 1602 ‘hunc
1896 1537 2370 1624 examplexare:

309 1629 604 1696 dominus
643 1640 760 1707 est,
799 1628 951 1694 vicit
983 1629 1087 1695 hic
1123 1640 1213 1708 te3
1251 1629 1435 1695 vince
1471 1640 1541 1695 tu
1574 1651 1745 1694 nunc
1778 1628 2097 1695 animum?
2190 1630 2372 1713 ‘quin

307 1723 548 1790 desinis
561 1723 600 1802 ,⁹
653 1723 860 1806 inquit
904 1729 923 1760 ‘
930 1745 1118 1802 uxor,
1171 1723 1373 1809 loqui,
1430 1745 1593 1808 quae
1637 1746 1741 1789 me
1776 1723 1971 1810 digna
2012 1746 2142 1789 non
2188 1725 2371 1788 sunt?

307 1831 450 1884 tace
486 1830 551 1884 et
585 1840 748 1903 quae
785 1818 1064 1884 curanda
1109 1830 1282 1896 sunt,
1331 1841 1501 1884 cura.
1590 1829 1660 1883 tu
1694 1839 1911 1884 cessas
1955 1817 2111 1882 mihi
2153 1817 2367 1896 vitam,

307 1913 426 1978 tibi
460 1935 714 1978 omnem
750 1913 911 1978 bene
949 1912 1204 1978 vivendi
1250 1936 1431 2000 spem
1464 1935 1611 1978 mea
1650 1923 1851 1979 morte
1889 1911 2194 1998 eripere?’
2233 1911 2369 1977 -iste

307 2007 638 2073 mulierem
689 2007 966 2094 reppulit
1009 2008 1090 2072 ab
1143 2030 1214 2072 se
1265 2007 1747 2085 lamentantem,
1804 2006 1895 2070 illi
1946 2004 2163 2072 nescio
2210 2002 2369 2090 vquid

307 2099 634 2188 incipienti
695 2101 932 2178 dicere,
999 2102 1171 2186 quod
1233 2102 1498 2191 dignum
1554 2101 1853 2166 videlicet
1907 2099 2077 2166 illius
2139 2099 2368 2164 virtute

307 2206 512 2272 esset,
566 2194 848 2281 gladium
889 2195 958 2259 in
1007 2194 1203 2261 latere
1249 2196 1507 2261 defixit.’
1596 2205 1751 2282 puto
1785 2194 1851 2260 in
1904 2193 2027 2259 hoc
2078 2193 2368 2280 exemplo

311 2290 532 2355 datum
593 2312 735 2355 esse
795 2290 907 2355 uni
968 2290 1195 2375 cuique
1260 2314 1619 2358 sermonem
1680 2290 1763 2355 ad
1825 2287 2198 2375 dignitatem
2258 2289 2372 2354 ad-

311 2382 808 2449 commodatum:
869 2382 938 2447 id
989 2385 1160 2468 quod
1213 2394 1461 2471 oportet
1511 2384 1577 2449 in
1638 2383 1761 2449 hoc
1820 2405 2054 2469 genere
2116 2404 2371 2449 conser-

311 2500 481 2543 vare.
571 2488 721 2543 sunt
762 2476 917 2543 item
971 2478 1529 2543 sermocinationes
1576 2486 2037 2561 consequentes
2091 2474 2215 2540 hoc
2258 2497 2373 2561 ge-

308 2594 462 2637 nus:
502 2577 679 2637 ‘nam
715 2571 870 2655 quid
892 2581 1189 2658 putamus
1225 2572 1368 2637 illos
1402 2572 1701 2648 dicturos,
1741 2570 1796 2635 si
1830 2571 1952 2635 hoc
1985 2567 2371 2633 iudicaritis?

311 2688 521 2731 nonne
573 2688 793 2733 omnes
847 2665 972 2731 hac
1030 2677 1288 2732 utentur
1348 2664 1667 2732 oratione?
1680 2664 1694 2692 ’
1764 2661 2021 2749 [deinde
2084 2662 2371 2725 subicere

313 2758 720 2846 sermonem]

436 2852 873 2921 Conformatio
919 2866 1046 2935 est,
1101 2876 1248 2921 eum
1292 2854 1533 2939 aliqua,
1590 2874 1751 2939 quae
1792 2874 1923 2917 non
1966 2850 2175 2929 adest,
2228 2872 2373 2937 per-

315 2971 473 3014 sona
507 2950 916 3037 confingitur,
962 2950 1145 3034 quasi
1182 2950 1376 3029 adsit,
1433 2959 1544 3015 aut
1586 2968 1732 3012 cum
1765 2969 1869 3012 res
1913 2956 2091 3010 muta
2135 2954 2245 3009 aut
2276 2945 2373 3011 in-

309 3043 532 3109 formis
575 3044 649 3109 fit
701 3044 1004 3129 eloquens
1051 3056 1116 3111 et
1156 3045 1363 3111 forma
1414 3044 1474 3109 ei
1519 3053 1585 3109 et
1634 3041 1835 3109 oratio
1890 3039 2246 3105 attribuitur
2292 3040 2375 3105 ad

307 3136 686 3223 dignitatem
723 3139 1206 3205 adcommodata
1251 3150 1360 3205 aut
1383 3138 1559 3204 -actio
1603 3136 1943 3221 quaedam,
1999 3133 2121 3201 hoc
2154 3146 2371 3221 pacto:

312 3232 514 3316 ‘quo‘d
549 3232 607 3297 si
639 3255 810 3299 nunc
843 3233 1003 3299 haec
1037 3236 1190 3299 urbs
1233 3232 1655 3299 invictissima
1687 3252 1912 3297 vocem
1954 3230 2192 3307 mittat,
2246 3252 2374 3295 non

310 3325 434 3389 hoc
475 3337 663 3410 pacto
702 3321 1040 3409 loquatur?
1099 3334 1248 3415 ‘ego
1301 3328 1412 3393 illa
1462 3325 1749 3413 plurimis
1804 3324 2079 3411 tropaeis
2134 3334 2374 3399 ornata,

311 3420 646 3506 triumphis
685 3421 884 3489 ditata
919 3422 1317 3501 certissimis,
1355 3420 1722 3487 clarissimis
1759 3419 2146 3505 locupletata
2179 3416 2377 3480 victo-

311 3512 451 3592 riis,
511 3537 683 3580 nunc
734 3516 964 3582 vestris
1031 3517 1475 3593 seditionibus,
1538 3539 1577 3581 o
1632 3515 1831 3592 cives,
1898 3534 2120 3578 vexor:
2184 3531 2377 3593 quam

289 3608 474 3674 dolis
510 3608 832 3677 malitiosa
863 3610 1232 3698 Karthago,
1269 3610 1509 3676 viribus
1545 3610 1815 3696 probata
1846 3603 2207 3680 Numantia,
2248 3600 2377 3665 dis-

307 3702 560 3789 ciplinis
617 3704 864 3769 erudita
917 3702 1266 3772 Corinthus
1318 3703 1703 3769 labefactare
1756 3723 1885 3768 non
1938 3696 2171 3785 potuit,
2236 3718 2378 3760 eam

309 3796 600 3881 patimini
651 3820 824 3863 nunc
877 3800 959 3863 ab
1010 3798 1409 3865 homunculis
1473 3796 1825 3863 deterrimis
1886 3790 2124 3879 proteri
2188 3798 2376 3873 atque

311 3891 736 3957 conculcari?'
772 3893 954 3957 item:
1003 3892 1260 3975 ‘quodsi
1295 3913 1465 3957 nunc
1498 3890 1583 3955 L.
1620 3890 1727 3953 ille
1760 3888 2003 3957 Brutus
2039 3882 2378 3948 reviviscat

311 3994 380 4047 et
414 3984 517 4049 hic
553 3998 700 4053 ante
735 3988 933 4074 pedes
971 3998 1216 4052 vestros
1255 3986 1449 4064 adsit,
1496 4006 1628 4049 non
1663 3983 1782 4047 hac
1816 3990 2029 4075 utatur
2065 3977 2374 4043 oratione:

313 4082 468 4166 ‘ego
501 4103 687 4168 reges
727 4081 911 4159 eieci,
967 4102 1082 4146 vos
1129 4092 1431 4166 tyrannos
1476 4073 1901 4152 introducitis3
1956 4095 2078 4159 ego
2122 4071 2377 4137 liberta-

1961 4181 1988 4226 ⁷
2004 4175 2029 4203 C

2406 2836 2473 2889 53

2416 2908 2465 2949 66
