2784 4575
409 1350 482 1389 167

409 2268 486 2310 168

416 2872 485 2926 56

413 3811 487 3853 169

513 270 645 337 204
1125 282 1204 339 M.
1240 282 1512 342 TULLII
1546 279 1952 339 CICERONIS

515 408 582 473 in
617 428 744 492 quo
779 407 1016 472 utilitas
1053 428 1308 491 quoque
1345 405 1735 493 adiungitur,
1782 406 1954 490 quod
1988 415 2201 470 tamen
2236 404 2581 470 honestum

515 530 837 587 vocamus,
875 508 1213 575 dicendum
1247 509 1515 577 videtur.
1598 518 1746 573 sunt
1778 508 1971 601 igitur
2004 506 2221 587 multa,
2250 529 2425 591 quae
2460 530 2578 573 nos

515 634 661 678 cum
714 611 1020 699 dignitate
1073 622 1212 677 tum
1261 612 1474 677 fructu
1526 632 1777 696 quoque
1830 633 1948 677 suo
2002 611 2241 676 ducunt
2248 635 2271 689 ς
2332 632 2460 695 quo
2512 610 2581 675 in

515 738 750 803 genere
786 726 886 781 est
919 713 1150 801 gloria,
1207 713 1513 801 dignitas,
1568 713 1945 801 amplitude,
1994 712 2287 781 amicitia.
2376 712 2581 799 gloria

517 828 617 884 est
649 818 950 901 frequens
985 818 1066 883 de
1103 816 1312 901 aliquo
1348 817 1523 881 fama
1558 839 1703 883 cum
1735 816 1951 894 laude3
2000 815 2276 903 dignitas
2312 816 2578 882 alicuius

516 920 788 985 honesta
821 930 886 985 et
930 920 1103 985 cultu
1137 929 1205 986 et
1246 919 1487 986 honore
1523 930 1589 985 et
1630 919 2011 986 verecundia
2064 919 2259 1006 digna
2306 918 2580 985 auctori-

517 1034 615 1089 tas
626 1048 646 1103 3
711 1022 1058 1109 amplitudo
1119 1023 1442 1109 potentiae
1494 1034 1604 1088 aut
1652 1022 2001 1088 maiestatis
2056 1033 2167 1087 aut
2227 1021 2579 1106 aliquarum

520 1125 844 1214 copiarum
886 1148 1124 1212 magna
1167 1124 1581 1204 abundantia3
1628 1125 1905 1191 amicitia
1946 1124 2239 1190 voluntas
2278 1147 2434 1211 erga
2466 1124 2579 1189 ali-

519 1250 709 1312 quem
758 1250 972 1293 rerum
1019 1229 1332 1294 bonarum
1382 1228 1552 1293 illius
1597 1227 1798 1314 ipsius
1852 1248 2073 1306 causa,
2128 1250 2319 1311 quem
2354 1226 2575 1313 diligit,
2644 1310 2649 1315 ὑ

521 1352 666 1397 cum
709 1330 845 1397 eius
899 1330 1040 1418 pari
1089 1331 1433 1397 voluntate.
1522 1330 1654 1408 hic,
1708 1329 1860 1415 quia
1902 1331 1981 1397 de
2026 1330 2313 1395 civilibus
2368 1329 2577 1395 causis

519 1433 865 1517 loquimur,
919 1434 1166 1499 fruetus
1219 1435 1303 1500 ad
1355 1433 1695 1499 amicitiam
1749 1432 2182 1521 adiungimus,
2235 1444 2309 1497 ut
2362 1454 2579 1499 eorum

520 1558 770 1622 quoque
805 1558 1000 1603 causa
1031 1530 1308 1624 petenda
1333 1536 1652 1615 videatur-3
1688 1559 1769 1601 ne
1804 1536 1969 1603 forte
1996 1536 2105 1621 qui
2137 1559 2256 1603 nos
2293 1536 2375 1601 de
2411 1535 2581 1601 omni

519 1640 795 1705 amicitia
829 1640 1037 1706 dicere
1075 1639 1445 1705 existimans
1487 1640 1949 1727 reprehendere
1991 1639 2270 1726 incipiat.
2360 1660 2580 1723 quam-

521 1766 712 1828 quam
751 1752 926 1821 sunt,
973 1743 1082 1828 qui
1114 1753 1375 1831 propter
1416 1741 1752 1807 utilitatem
1785 1743 1977 1809 modo
2012 1742 2319 1828 petendas
2356 1752 2581 1829 putant

520 1846 854 1925 amicitias;
911 1855 1061 1911 sunt
1113 1844 1220 1929 qui
1262 1855 1521 1932 propter
1572 1868 1644 1911 se
1690 1845 1895 1911 solum
1902 1870 1923 1923 ;
1978 1855 2128 1910 sunt
2169 1843 2279 1929 qui
2323 1854 2580 1931 propter

521 1972 591 2014 se
655 1960 720 2015 et
779 1948 1144 2026 utilitatem3
1209 1968 1477 2031 quorum
1538 1947 1693 2031 quid
1752 1947 2083 2013 verissime
2142 1947 2577 2026 constituatur,

521 2051 682 2115 alius
743 2051 921 2116 locus
974 2049 1093 2115 erit
1143 2050 1609 2117 considerandi.
1710 2071 1885 2115 nunc
1935 2050 2059 2117 hoc
2110 2049 2205 2117 sic
2258 2050 2343 2115 ad
2390 2072 2579 2115 usum

521 2152 864 2218 oratorium
921 2151 1312 2237 relinquatur
1361 2164 1695 2238 utramque
1758 2163 2015 2240 propter
2070 2175 2209 2219 rem
2272 2152 2578 2217 amicitias

521 2277 664 2322 esse
701 2255 1110 2340 expetendas.
1183 2255 1601 2322 amicitiarum
1637 2266 1849 2322 autem
1880 2255 2069 2334 ratic,
2108 2255 2406 2340 quoniam
2438 2278 2583 2342 par-

519 2359 636 2424 tim
685 2368 836 2425 sunt
875 2357 1285 2445 religionibus
1321 2359 1599 2438 iunctae,
1653 2359 1885 2447 partim
1925 2382 2056 2426 non
2100 2368 2272 2437 sunt,
2327 2370 2393 2424 et
2438 2358 2592 2443 quia

517 2461 750 2549 partim
800 2472 1047 2528 veteres
1103 2471 1276 2540 sunt,
1329 2463 1563 2549 partim
1612 2484 1845 2540 novae,
1897 2461 2129 2548 partim
2180 2462 2262 2526 ab
2310 2461 2584 2539 illorum,

517 2565 750 2653 partim
784 2566 865 2630 ab
891 2575 1109 2630 nostro
1135 2565 1445 2631 beneflcio
1471 2565 1814 2651 profectae,
1849 2564 2081 2652 partim
2104 2564 2409 2642 utiliores,
2438 2587 2589 2650 par-

519 2669 634 2733 tim
666 2668 876 2735 minus
912 2667 1120 2747 utiles,
1157 2691 1240 2734 ex
1275 2689 1609 2758 causarum
1636 2667 2068 2754 dignitatibus,
2110 2689 2193 2731 ex
2224 2677 2589 2752 temporum

520 2771 1118 2858 opportunitatibus,
1155 2794 1238 2836 ex
1263 2770 1512 2848 officiis,
1551 2793 1633 2836 ex
1666 2769 2100 2856 religionibus,
2138 2792 2220 2835 ex
2253 2769 2592 2834 vetustati-

519 2873 640 2938 bus
677 2872 1031 2941 habebitur.
1066 2873 1306 2939 utilitas
1334 2883 1549 2940 autem
1574 2883 1686 2938 aut
1708 2873 1777 2938 in
1805 2893 2066 2958 corpore
2094 2870 2305 2958 posita
2338 2881 2442 2937 est
2473 2882 2593 2936 aut

519 2973 588 3038 in
630 2975 919 3041 extrariis
971 2975 1195 3054 rebus3
1249 2997 1517 3059 quarum
1568 2985 1783 3040 tamen
1815 2997 2028 3041 rerum
2070 2973 2270 3040 multo
2304 2973 2595 3038 maxima

518 3097 668 3161 pars
704 3077 789 3140 ad
823 3077 1104 3163 corporis
1152 3078 1555 3143 commodum
1596 3077 1961 3155 revertitur,
2014 3085 2089 3141 ut
2122 3077 2192 3140 in
2222 3099 2293 3142 re
2326 3075 2594 3162 publica

521 3177 836 3261 quaedam
872 3188 1043 3256 sunt,
1099 3200 1292 3263 quae,
1344 3189 1420 3242 ut
1453 3178 1547 3244 sic
1582 3179 1817 3258 dicam,
1873 3177 1956 3244 ad
1990 3201 2219 3266 corpus
2263 3176 2593 3264 pertinent

519 3277 814 3356 civitatis,
851 3289 923 3344 ut
955 3280 1113 3366 agri,
1149 3291 1391 3367 portus,
1428 3281 1717 3367 pecunia,
1756 3281 2001 3360 classis,
2038 3290 2289 3358 nautae,
2323 3277 2586 3358 milites,

523 3380 706 3459 socii,
750 3381 980 3466 quibus
1024 3383 1216 3448 rebus
1259 3381 1757 3450 incolumitatem
1800 3406 1876 3449 ac
1908 3383 2266 3450 libertatem
2307 3381 2593 3448 retinent

521 3483 838 3563 civitates,
894 3484 1054 3552 aliae
1099 3508 1280 3564 ver0,
1340 3509 1502 3571 quae
1535 3487 1665 3552 iam
1709 3487 2013 3571 quiddam
2055 3486 2261 3572 magis
2300 3483 2591 3571 amplum

521 3597 586 3653 et
618 3588 829 3654 minus
864 3588 1294 3655 necessarium
1327 3589 1684 3667 conficiunt,
1720 3599 1794 3654 ut
1825 3586 2000 3653 urbis
2030 3587 2291 3674 egregia
2316 3609 2593 3652 exorna—

519 3688 610 3754 tio
673 3701 860 3775 atque
931 3691 1314 3778 amplitudo,
1375 3702 1449 3756 ut
1509 3692 1820 3776 quaedam
1888 3689 2206 3756 excellens
2276 3688 2595 3775 pecuniae

520 3792 919 3877 magnitudo,
967 3793 1382 3859 amicitiarum
1418 3815 1493 3859 ac
1530 3794 1900 3860 societatum
1932 3791 2296 3870 multitud03
2353 3791 2593 3875 quibus

520 3893 711 3957 rebus
746 3915 876 3960 non
909 3895 1069 3961 illud
1103 3896 1311 3961 solum
1345 3895 1699 3975 conficitur,
1754 3906 1825 3960 ut
1859 3895 2075 3960 salvae
2110 3905 2175 3959 et
2206 3891 2590 3971 incolumeS,

523 4015 742 4057 verum
797 3995 984 4060 etiam
997 4047 1015 4074 ,
1078 4008 1151 4062 ut
1201 3997 1451 4085 amplae
1504 4008 1693 4082 atque
1743 4007 2035 4084 potentes
2092 3996 2219 4062 sint
2270 3995 2589 4060 civitates.
