2784 4575
647 292 654 298 .
734 249 842 306 AD
881 252 944 307 C.
979 250 1449 311 HERENNIUM
1485 252 1833 309 11.10-13.
1988 292 1995 297 .
2232 240 2311 309 19

254 400 425 453 eam,
480 398 670 460 quam
702 374 771 439 in
805 371 999 439 alium
1017 371 1394 462 'quempiam
1432 376 1796 455 convenire,
1780 403 1794 418 ·
1849 376 2181 465 indignum
2213 377 2313 443 fa-

252 470 434 535 cinus
471 492 642 548 esse,
690 469 826 535 sine
863 469 1130 533 testibus
1177 469 1602 535 coniecturam
1646 480 1711 534 et
1756 470 2172 557 suspitionem
2204 472 2312 537 fir-

187 620 196 627 .
254 563 555 629 mamenti
601 564 754 629 satis
791 563 1044 628 habere.
1137 563 1217 627 ab
1251 563 1611 630 rumoribus
1658 564 1970 642 dicemus,
2018 565 2074 630 si
2115 587 2388 683 nega·1²
2343 570 2381 625 8

253 658 462 724 bimus
499 668 736 723 temere
771 659 1008 722 famam
1045 656 1223 722 nasci
1259 659 1484 736 solere,
1524 658 1677 742 quin
1712 657 1919 723 subsit
1954 658 2209 743 aliquid,
2246 642 2388 725 et¹²

251 752 312 816 si
347 752 630 817 dicemus
675 773 936 817 causam
980 775 1109 817 non
1153 752 1384 829 fuisse,
1442 773 1569 836 qua
1600 774 1671 817 re
1713 750 2029 839 quispiam
2072 752 2312 819 confin-

179 862 184 867 “
251 856 434 933 geret
467 857 533 912 et
567 846 1058 925 eminisceretur,
1097 857 1162 911 et
1193 855 1542 933 praeterea,
1580 846 1637 911 si
1662 846 1855 912 ceteri
1884 846 2030 911 falsi
2068 846 2329 931 soleant*

251 962 418 1017 esse,
457 940 1040 1027 argumentabimur
1074 940 1244 1005 hunc
1280 962 1425 1007 esse
1460 962 1701 1007 verum.
1774 953 1993 1008 contra
2024 962 2308 1006 rumores

255 1032 541 1099 dicemus
577 1033 878 1120 primum,
919 1035 974 1100 si
1011 1034 1378 1100 docebimus
1414 1036 1650 1101 multos
1688 1057 1831 1101 esse
1865 1035 2064 1101 falsos
2098 1055 2311 1100 rumo-

252 1148 356 1191 res
395 1138 460 1191 et
495 1128 800 1214 exemplis
835 1139 1116 1207 utemur,
1171 1129 1252 1194 de
1288 1128 1517 1211 quibus
1564 1129 1729 1194 falsa
1770 1130 1943 1193 fama
1976 1128 2191 1206 fixerit,
2248 1138 2312 1193 et

249 1230 364 1285 aut
415 1220 703 1287 inimicos
756 1232 1009 1288 nostros
1065 1233 1175 1287 aut
1225 1222 1515 1288 homines
1567 1234 1797 1287 natura
1847 1222 2191 1288 malevolos
2246 1231 2311 1287 et

249 1315 594 1381 maledicos
633 1316 1016 1381 confinxisse
1053 1316 1334 1381 dicemus
1347 1341 1366 1394 3
1414 1327 1479 1381 et
1514 1315 1789 1399 aliquam
1825 1328 1935 1381 aut
1966 1316 2180 1381 fictam
2215 1316 2311 1380 fae-

249 1410 468 1474 bulam
501 1410 568 1473 in
603 1410 1002 1476 adversarios
1041 1411 1399 1475 adferemus
1412 1458 1429 1487 ,
1468 1432 1660 1493 quam
1694 1411 1979 1476 dicamus
2016 1412 2307 1486 omnibus

251 1502 319 1565 in
353 1524 462 1567 ore
499 1524 670 1579 esse,
709 1513 818 1566 aut
852 1524 1074 1567 verum
1105 1524 1426 1567 rumorem
1458 1503 1875 1589 proferemus,
1892 1504 2000 1589 qui
2034 1504 2159 1570 illis
2197 1503 2309 1568 ali-

249 1593 406 1678 quid
458 1594 862 1679 turpitudinis
919 1594 1190 1671 adferat,
1252 1617 1460 1678 neque
1524 1606 1738 1659 tamen
1791 1596 1852 1661 ei
1902 1598 2139 1661 rumori
2189 1619 2307 1661 nos

251 1688 444 1753 fidem
478 1686 714 1752 habere
750 1687 1062 1765 dicemus,
1097 1687 1242 1753 ideo
1282 1688 1453 1772 quod
1488 1687 1695 1771 quivis
1730 1712 1897 1753 unus
1931 1688 2123 1755 homo
2157 1712 2309 1775 pos-

253 1782 336 1847 sit
362 1782 652 1865 quamvis
685 1794 934 1869 turpem
962 1783 1040 1847 de
1069 1782 1352 1867 quolibet
1384 1804 1703 1851 rumorem
1736 1783 2021 1870 proferre
2058 1794 2123 1848 et
2158 1804 2309 1848 con-

250 1876 465 1941 fictam
516 1875 798 1941 fabulam
852 1876 1182 1963 dissipare.
1271 1887 1709 1942 verumtamen
1762 1878 1816 1942 si
1848 1898 2065 1941 rumor
2117 1875 2311 1941 vehe-

251 1980 496 2035 menter
545 1970 892 2056 probabilis
947 1993 1090 2037 esse
1145 1970 1489 2049 videbitur,
1544 1967 2047 2059 argumentando
2100 1970 2309 2035 famae

249 2063 442 2129 fidem
474 2064 822 2151 poterimus
861 2065 1190 2151 abrogare.

373 2157 568 2240 Quod
603 2168 668 2223 et
711 2158 1083 2224 difficillima
1123 2170 1399 2225 tractatu
1442 2170 1541 2225 est
1584 2160 1949 2226 constitutio
1993 2160 2311 2227 coniectu-

249 2252 400 2318 ralis
437 2261 502 2318 et
534 2251 602 2316 in
637 2254 803 2319 veris
841 2254 1052 2320 causis
1097 2254 1471 2342 saepissime
1515 2254 1871 2333 tractanda,
1928 2276 2003 2321 eo
2041 2254 2309 2341 diligen-

250 2347 376 2412 tius
413 2347 617 2414 omnis
664 2349 800 2414 eius
835 2348 1033 2435 partis
1069 2349 1451 2434 perscrutati
1498 2371 1747 2426 sumus,
1802 2359 1875 2413 ut
1917 2372 1999 2414 ne
2041 2349 2309 2435 parvula

248 2440 507 2526 quidem
550 2441 924 2506 titubatione
969 2452 1080 2506 aut
1121 2441 1543 2507 offensatione
1595 2441 2071 2528 impediremur,
2128 2443 2183 2505 si
2226 2443 2310 2504 ad

249 2536 414 2600 hanc
463 2535 774 2600 rationem
824 2535 1286 2621 praeceptionis
1343 2535 1791 2600 adsiduitatem
1842 2534 2305 2599 exercitationis

247 2628 940 2692 adcommodassemus.

367 2720 554 2785 Nunc
607 2719 690 2784 ad
737 2718 1059 2804 legitimae
1113 2718 1579 2784 constitutionis
1632 2718 1831 2805 partis
1886 2729 2302 2782 transeamus.
2340 2717 2375 2770 9

246 2834 396 2877 cum
438 2812 732 2878 voluntas
779 2811 1102 2899 scriptoris
1149 2833 1295 2876 cum
1339 2812 1576 2899 scripto
1621 2810 1928 2876 dissidere
1972 2810 2304 2889 videbitur,
2332 2785 2385 2826 ¹⁸

249 2907 307 2972 si
342 2930 381 2972 a
417 2906 664 2993 scripto·
687 2906 998 2984 dicemuS,
1055 2905 1155 2971 his
1200 2905 1357 2971 locis
1402 2916 1656 2970 utemur
1700 2905 2049 2971 secundum
2091 2927 2307 2970 narra-

247 3000 512 3066 tionem:
565 3001 840 3087 primum
876 2999 1198 3087 scriptoris
1244 2997 1759 3075 conlaudatione,
1815 2999 2043 3064 deinde
2090 2999 2307 3086 scripti

247 3095 640 3172 recitatione,
678 3095 906 3160 deinde
939 3093 1444 3181 percontatione,
1492 3093 1826 3159 scierintne
1864 3092 2208 3158 adversarii
2240 3093 2310 3158 id

247 3189 553 3275 scriptum
597 3189 798 3255 fuisse
850 3189 918 3253 in
959 3189 1104 3276 lege
1159 3199 1268 3253 aut
1319 3197 1701 3254 testamento
1748 3198 1861 3252 aut
1904 3187 2306 3273 stipulatione

245 3294 360 3346 aut
393 3282 675 3366 quolibet
709 3283 964 3370 scripto,
1003 3283 1175 3367 quod
1211 3283 1294 3347 ad
1329 3304 1472 3348 eam
1504 3303 1641 3346 rem
1674 3279 2041 3368 pertinebit,
2078 3281 2307 3348 deinde

250 3375 631 3453 conlatione,
686 3377 838 3461 quid
874 3375 1178 3462 scriptum
1214 3375 1325 3454 sit,
1381 3375 1535 3459 quid
1580 3374 1927 3440 adversarii
1962 3397 2031 3440 se
2075 3374 2306 3442 fecisse

247 3467 491 3545 dicant,
546 3470 699 3552 quid
750 3470 1023 3534 iudicem
1079 3468 1260 3554 sequi
1316 3469 1677 3546 conveniat,
1732 3480 1945 3534 utrum
1986 3469 2081 3547 id,
2138 3471 2309 3552 quod

251 3563 586 3650 diligenter
619 3564 1040 3650 perscriptum
1075 3565 1178 3642 sit,
1216 3587 1300 3628 an
1331 3563 1419 3642 id,
1458 3563 1629 3648 quod
1658 3574 1839 3628 acute
1870 3563 1953 3627 sit
1987 3562 2307 3647 excogita-

249 3669 412 3735 tum3
443 3657 671 3722 deinde
690 3679 768 3722 ea
793 3658 1124 3736 sententia,
1147 3680 1309 3743 quae
1338 3659 1419 3723 ab
1442 3657 1819 3722 adversariis
1848 3655 1933 3721 sit
1949 3655 2307 3741 excogitata

249 3764 316 3818 et
350 3752 584 3839 scripto
629 3751 955 3832 attributa,
1001 3761 1437 3818 contemnetur
1482 3763 1546 3817 et
1586 3750 2029 3826 infirmabitur3
2077 3747 2303 3814 deinde

249 3858 612 3930 quaeretur,
650 3846 804 3931 quid
839 3845 897 3911 ei
933 3846 1235 3924 obfuerit,
1283 3847 1338 3912 si
1371 3845 1441 3910 id
1474 3845 1782 3912 voluisset
1816 3842 2158 3920 ascribere,
2197 3853 2305 3906 aut

249 3963 403 4005 num
453 3965 585 4008 non
635 3940 913 4027 potuerit
972 3941 1281 4026 perscribi
1291 3966 1309 4020 3
1374 3939 1601 4005 deinde
1656 3961 1695 4002 a
1745 3936 1929 4002 nobis
1992 3937 2305 4003 sententia

248 4034 563 4120 aperietur
598 4046 664 4101 et
695 4057 892 4102 causa
921 4035 1307 4121 proferetur,
1345 4056 1471 4119 qua
1502 4055 1573 4098 re
1607 4033 1676 4097 id
1712 4033 1979 4117 scriptor
2015 4032 2301 4112 senserit,

1890 4137 1921 4186 2
1935 4134 1961 4163 ι
