2784 4575
938 264 1257 324 ORATOR
1290 265 1598 324 129-136.
2169 255 2297 324 307

221 393 627 471 iudiciorum,
654 390 813 458 nihil
838 390 1125 469 Antonii,
1154 389 1312 456 nihil
1340 387 1592 468 Cottae,
1617 387 1781 456 nihil
1805 387 2103 479 Sulpicii3
2130 392 2299 461 dice-

228 491 344 555 bat
394 486 623 554 melius
659 507 869 596 ‘quam
920 483 1186 572 scripsit·
1214 483 1623 550 Hortensius.
1710 504 1932 550 verum
1976 483 2137 550 haec
2181 485 2296 564 vis,
2334 513 2414 554 ιιι

222 605 428 668 quam
461 579 851 666 quaerimus,
886 589 1125 664 quanta
1160 576 1263 656 sit,
1298 576 1716 665 suspicemur,
1751 576 2052 662 quoniam
2086 599 2300 646 exem·

226 677 414 766 plum
462 698 594 742 non
644 675 983 753 habemus,
1046 683 1158 740 aut
1205 673 1264 739 si
1316 671 1612 757 exempla
1661 671 2012 758 sequimur,
2073 695 2116 738 a
2163 672 2302 740 De-

224 770 565 838 mosthene
630 791 956 836 sumamus
1019 777 1085 832 et
1145 765 1404 852 quidem
1464 774 1810 853 perpetuae
1871 765 2167 833 dictionis
2217 789 2300 833 ex

222 887 311 931 eo
371 864 545 943 loco,
604 863 777 930 unde
836 862 906 928 in
960 858 1399 949 Ctesiphontis
1461 858 1694 926 iudicio
1757 859 1837 926 de
1898 860 2030 926 suis
2090 861 2297 941 factis,

222 957 549 1035 consiliis,
600 955 841 1022 meritis
880 956 955 1020 in
983 978 1122 1020 rem
1164 955 1487 1042 publicam
1531 953 1874 1041 adgressus
1918 965 2019 1022 est
2063 956 2298 1023 dicere:

222 1075 313 1118 ea
362 1051 653 1138 profecto
704 1049 907 1116 oratio
956 1049 1026 1114 in
1079 1071 1222 1115 eam
1272 1049 1574 1128 formam,
1629 1069 1794 1132 quae
1847 1059 1947 1116 est
1993 1048 2188 1114 insita
2233 1049 2303 1116 in

226 1145 553 1214 mentibus
588 1144 856 1223 nostris,
908 1142 1149 1208 includi
1184 1143 1280 1210 sic
1320 1153 1555 1231 potest,
1592 1153 1666 1209 ut
1697 1142 1898 1210 maior
1942 1143 2302 1228 eloquentia

226 1262 370 1306 non
401 1237 779 1323 requiratur.

360 1331 547 1400 Sed
528 1355 657 1398 iam
690 1332 951 1398 forma
932 1355 1077 1420 lpsa
1106 1341 1308 1398 restat
1341 1342 1409 1398 et
1427 1329 1776 1443 οχαρακτὴρ
1813 1332 1948 1414 ille,
2003 1333 2112 1420 qui
2145 1332 2298 1400 dici-
2334 1323 2403 1380 39

228 1438 371 1506 tur,
420 1425 529 1511 qui
575 1426 779 1512 qualis
825 1426 1056 1492 debeat
1098 1447 1243 1492 esse
1296 1447 1378 1492 ex
1423 1425 1612 1513 ipsis,
1671 1446 1833 1511 quae
1885 1451 2081 1516 supra
2129 1428 2300 1496 dicta

230 1529 417 1598 sunt,
472 1518 758 1606 intellegi
808 1530 1053 1607 potest3
1106 1542 1257 1584 nam
1300 1530 1367 1586 et
1409 1520 1804 1606 singulorum
1853 1522 2192 1588 verborum
2234 1533 2301 1588 et

226 1613 707 1680 conlocatorum
742 1614 986 1680 lumina
1020 1613 1375 1700 attigimus,
1422 1613 1654 1698 quibus
1689 1614 1786 1680 sic
1819 1615 2196 1695 abundabit,
2229 1626 2304 1681 ut

239 1708 505 1773 verbum
558 1729 640 1773 ex
693 1729 801 1774 ore
852 1707 1099 1773 nullum
1142 1708 1266 1774 nisi
1320 1718 1432 1773 aut
1485 1707 1747 1796 elegans
1793 1719 1904 1774 aut
1953 1729 2150 1795 grave
2193 1731 2305 1776 ex-

223 1813 363 1881 cat,
398 1825 481 1869 ex
506 1802 807 1887 omnique
839 1825 1075 1891 genere
1110 1800 1662 1887 frequentissimae
1697 1802 2062 1870 tralationes
2097 1813 2300 1883 erunt,

230 1897 412 1982 quod
462 1919 576 1962 eae
626 1906 888 1986 propter
947 1896 1428 1964 similitudinem
1488 1898 1880 1964 transferunt
1941 1895 2186 1963 animos
2239 1907 2304 1964 et

230 1992 521 2058 referunt
562 2011 639 2057 ac
680 2002 945 2058 movent
986 1991 1114 2058 huc
1160 2001 1225 2058 et
1264 1991 1447 2071 illuc3
1503 1992 1612 2076 qui
1653 2001 1864 2058 motus
1902 1990 2300 2078 cogitationis

228 2085 524 2152 celeriter
558 2085 836 2173 agitatus
884 2108 1001 2173 per
1036 2109 1107 2152 se
1150 2085 1291 2174 ipse
1326 2084 1627 2164 delectat3
1663 2096 1727 2152 et
1761 2085 2004 2171 reliqua
2037 2107 2119 2151 ex
2153 2107 2304 2152 con-

236 2180 549 2247 locatione
579 2181 918 2246 verborum
946 2201 1111 2266 quae
1143 2189 1478 2246 sumuntur
1503 2178 1687 2264 quasi
1711 2179 1970 2258 lumina,
1997 2201 2302 2269 magnum

230 2273 535 2340 adferunt
577 2284 871 2341 ornatum
906 2274 1205 2354 orationi3
1261 2283 1411 2341 sunt
1455 2273 1624 2339 enim
1666 2273 1900 2341 similia
1937 2273 2093 2354 illis,
2139 2298 2302 2361 quae

230 2368 306 2431 in
340 2368 552 2454 amplo
589 2378 817 2433 ornatu
852 2390 1083 2435 scenae
1118 2379 1230 2435 aut
1261 2367 1386 2435 fori
1421 2368 1818 2455 appellantur
1841 2368 2135 2456 insignia,
2172 2391 2302 2435 non

233 2460 413 2545 quod
454 2460 595 2527 sola
634 2471 892 2541 ornent,
946 2462 1062 2528 sed
1104 2463 1276 2547 quod
1327 2463 1670 2529 excellantz
1723 2464 1946 2530 eadem
1997 2462 2159 2529 ratio
2202 2474 2303 2528 est
2335 2483 2414 2525 ιω

238 2555 493 2632 horum,
546 2576 712 2639 quae
748 2566 897 2621 sunt
932 2556 1235 2622 orationis
1278 2555 1522 2621 lumina
1556 2566 1622 2622 et
1663 2557 1942 2641 quodam
1981 2556 2173 2622 modo
2205 2556 2303 2621 in-

230 2647 473 2734 signia:
510 2668 657 2713 cum
692 2658 803 2714 aut
835 2649 1237 2736 duplicantur
1268 2650 1701 2734 iteranturque
1725 2650 1922 2717 verba
1945 2660 2057 2715 aut
2079 2649 2304 2716 leviter

232 2753 629 2807 commutata
668 2752 1019 2830 ponuntur,
1075 2754 1185 2809 aut
1228 2745 1310 2810 ab
1354 2745 1580 2811 eodem
1634 2744 1828 2810 verbo
1873 2742 2120 2809 ducitur
2163 2766 2305 2811 sae-

238 2834 381 2921 pius
417 2834 618 2901 oratio
654 2846 767 2903 aut
798 2835 867 2901 in
899 2836 1073 2902 idem
1128 2837 1436 2904 conicitur
1479 2848 1592 2903 aut
1629 2848 1994 2921 utrumque,
2048 2847 2159 2903 aut
2191 2837 2305 2903 ad-

232 2927 521 3017 iungitur
562 2929 735 2995 idem
784 2929 1083 2997 iteratum
1125 2942 1237 2997 aut
1277 2932 1450 2998 idem
1495 2932 1581 2998 ad
1632 2942 1985 2999 extremum
2033 2932 2303 2998 refertur

235 3033 353 3088 aut
385 3022 779 3090 continenter
811 3046 1013 3091 unum
1047 3026 1313 3095 verbum
1346 3049 1479 3093 non
1514 3027 1740 3094 eadem
1773 3027 2088 3093 sententia
2118 3025 2302 3113 poni-
2349 3037 2354 3047 '

235 3128 341 3183 tur
348 3140 369 3196 3
406 3128 516 3183 aut
549 3139 696 3191 cum
732 3118 1019 3186 similiter
1056 3118 1161 3186 vel
1194 3120 1431 3186 cadunt
1465 3122 1660 3187 verba
1692 3120 1797 3187 vel
1831 3120 2128 3186 desinunt
2135 3144 2156 3199 3
2192 3131 2303 3187 aut

230 3232 387 3275 cum
414 3222 566 3277 sunt
591 3213 921 3279 contrariis
950 3214 1153 3280 relata
1172 3214 1488 3281 contraria
1495 3238 1514 3292 3
1543 3225 1654 3280 aut
1670 3235 1816 3280 cum
1835 3214 2151 3303 gradatim
2163 3236 2304 3279 sur-

242 3326 386 3369 sum
418 3328 677 3371 versum
702 3308 829 3373 itm·
856 3319 913 3373 et
936 3308 1204 3388 reditur3
1241 3319 1352 3374 aut
1376 3330 1524 3375 cum
1553 3308 1824 3395 demptis
1853 3308 2305 3376 coniunctioni-

240 3398 362 3463 bus
399 3397 707 3464 dissolute
740 3400 925 3487 plura
958 3402 1283 3481 dicuntur3
1322 3413 1433 3468 aut
1455 3424 1604 3469 cum
1637 3403 1875 3488 aliquid
1897 3414 2305 3491 praetereun-

235 3501 369 3568 tes,
425 3512 540 3556 cur
587 3491 659 3557 id
706 3492 1036 3572 faciamus,
1090 3451 1514 3575 osten'dimus3
1577 3508 1688 3562 aut
1735 3518 1881 3563 cum
1931 3494 2303 3585 corrigimus

236 3595 493 3650 nosmet
523 3584 701 3672 ipsos
738 3587 921 3671 quasi
952 3588 1520 3675 reprehendentes·
1501 3639 1520 3670 ,
1574 3600 1686 3657 aut
1719 3590 1776 3657 si
1809 3602 1909 3657 est
1943 3590 2155 3676 aliqua
2193 3612 2306 3657 ex·-

243 3677 537 3746 clamatio
597 3678 703 3745 vel
764 3679 1197 3749 admirationis
1258 3683 1365 3749 vel
1426 3684 1927 3768 conquestionis,
1989 3696 2100 3751 aut
2159 3705 2306 3750 cum

232 3772 529 3840 eiusdem
570 3772 843 3841 nominis
888 3798 1078 3843 casus
1122 3778 1379 3867 saepius
1423 3790 1906 3846 commutantur.
1995 3779 2113 3847 sed
2153 3800 2302 3845 sen-1·
2338 3790 2424 3831 1⁸⁰

238 3866 580 3934 tentia-um
614 3880 986 3935 ornamenta
1027 3870 1271 3939 maiora
1312 3884 1492 3953 sunt3
1546 3874 1776 3958 quibus
1821 3873 1971 3959 quia
2003 3872 2301 3959 frequen-

240 3960 485 4028 tissime
516 3962 993 4032 Demosthenes
1027 3966 1254 4047 utitur,
1309 3978 1461 4033 sunt
1494 3966 1603 4052 qui
1634 3979 1862 4057 putent
1891 3967 2128 4034 idcirco
2162 3967 2300 4033 eius

228 4054 664 4142 eloquentiam
697 4059 973 4127 maxime
1010 4083 1153 4129 esse
1188 4059 1600 4140 laudabilem3
1638 4072 1702 4128 et
1739 4084 1892 4128 vero
1917 4060 2131 4127 nullus
2166 4060 2306 4127 fere

1840 4166 1907 4215 20
1920 4164 1946 4191 “
