2784 4575
59 3518 68 3581 ἰ

60 3634 68 3673 ι

59 3918 72 3962 1

59 4010 72 4055 ὕ

881 235 1192 296 BRUTUS
1227 237 1539 292 250-258.
1590 311 1594 315 ¹
2102 227 2233 294 255

163 363 254 430 de
292 363 403 428 illo
437 361 662 426 maluit
696 381 887 446 quam
923 380 993 425 se
1029 359 1267 438 dicere,
1320 357 1574 424 laudem
1618 359 2041 446 singularem,
2086 384 2235 428 nam

169 455 436 542 scripsit
467 455 569 520 his
605 453 846 531 verbis,
901 473 1045 517 cum
1079 451 1248 517 hunc
1281 451 1537 518 nomine
1589 463 1763 518 esset
1796 453 2111 519 adfatusz·
2135 458 2257 520 ‘ac

169 549 264 626 si,
311 561 387 613 ut
420 548 698 634 cogitata
729 545 1050 634 praeclare
1087 545 1297 631 eloqui
1328 554 1621 632 possent,
1676 568 1805 612 non
1837 545 1995 610 nulli
2030 547 2239 613 studio

169 654 242 708 et
295 665 423 706 usu
475 641 988 716 elaboraverunt,
1045 637 1223 704 euius
1271 651 1334 704 te
1377 659 1582 725 paene
1626 639 1976 727 principem
2020 639 2242 727 copiae

173 745 374 821 atque
397 735 794 800 inventorem
820 732 983 798 bene
1017 732 1098 798 de
1125 731 1378 798 nomine
1416 753 1493 797 ac
1525 732 1833 820 dignitate
1864 733 2083 820 populi
2106 733 2243 800 Ro-

172 826 358 894 mani
393 827 687 894 meritum
721 847 868 892 esse
901 824 1260 892 existimare
1298 825 1634 904 debemus,
1688 824 1859 891 hunc
1892 827 2143 894 facilem
2178 839 2260 894 et·

176 921 570 990 cotidianum
603 920 863 986 novisse
891 943 1249 986 sermonem
1271 940 1441 984 nunc
1460 943 1583 1008 pro
1616 919 1838 986 relicto
1872 932 1971 986 est
2004 921 2247 988 haben-

177 1016 378 1081 dum?
467 1028 604 1080 tum
633 1015 876 1080 Brutus
933 1012 1160 1079 ‘amice
1193 1013 1477 1079 hercule’
1518 1013 1739 1098 inquit
1782 1019 1875 1079 ‘et
1906 1016 2242 1100 magnifice
2278 1015 2347 1068 73
2404 1047 2409 1050 ·

176 1121 245 1174 te
280 1107 610 1174 laudatum
644 1118 832 1215 pute,
888 1129 1076 1192 quem
1116 1130 1248 1172 non
1290 1107 1498 1172 solum
1538 1107 1891 1193 principem
1924 1120 2111 1192 atque
2146 1109 2243 1174 in-
2276 1087 2358 1127 ²⁵⁴

177 1212 512 1267 ventorem
545 1200 765 1288 copiae
795 1199 1051 1279 dixerit,
1087 1221 1249 1285 quae
1277 1211 1415 1266 erat
1438 1223 1674 1287 magna
1703 1199 1870 1279 laus,
1905 1203 2019 1268 sed
2054 1202 2247 1269 etiam

177 1297 350 1362 bene
401 1295 696 1361 meritum
741 1295 832 1360 ‘de
883 1294 1104 1382 populi
1153 1294 1431 1361 Romani
1482 1294 1737 1360 nomine
1790 1306 1855 1360 et
1906 1295 2210 1382 dignitate
2220 1321 2246 1376 ς

180 1411 316 1473 quo
359 1389 529 1454 enim
571 1411 700 1454 uno
753 1387 1161 1453 vincebamur
1203 1411 1246 1453 a
1285 1387 1457 1454 victa
1493 1385 1795 1466 Graecia,
1846 1388 1916 1452 id
1966 1401 2076 1454 aut
2107 1413 2247 1456 ere-

181 1493 369 1568 ptum
409 1480 535 1547 illis
581 1492 682 1548 est
725 1492 835 1546 aut
877 1489 1046 1546 certe
1088 1480 1274 1546 nobis
1327 1501 1473 1545 cum
1515 1480 1642 1546 illis
1694 1482 2243 1548 communicatum.

184 1576 357 1640 hanc
407 1574 648 1640 autem’
709 1573 916 1659 inquit
977 1573 1274 1660 ‘gloriam
1336 1573 1893 1658 testimoniumque
1946 1573 2245 1644 Caesaris
2278 1603 2357 1646 255

185 1680 338 1734 tuae
374 1668 634 1753 quidem
675 1667 1118 1755 supplicationi
1160 1689 1289 1734 non
1303 1715 1322 1744 ,
1377 1668 1493 1733 sed
1528 1668 1861 1755 triumphis
1904 1669 2249 1735 multorum

185 1761 548 1848 antepono?
640 1767 733 1826 ‘et
765 1772 936 1827 recte
971 1761 1228 1846 quidem
1235 1760 1274 1839 ,’
1326 1761 1588 1845 inquam
1623 1762 1881 1827 ‘Brutet
1938 1763 2127 1828 modo
2164 1763 2251 1828 sit

185 1855 312 1920 hoc
339 1853 638 1922 Caesaris
665 1854 900 1932 iudicii,
937 1878 1066 1921 non
1089 1853 1571 1920 benevolentiae
1606 1853 2062 1920 testimonium·
2099 1855 2253 1942 plus

185 1949 360 2014 enim
415 1959 586 2014 certe
631 1947 846 2012 attulit
897 1947 1046 2012 huic
1095 1946 1334 2034 populo
1390 1945 1744 2033 dignitatis,
1812 1947 2095 2032 quisquis
2150 1958 2251 2014 est

183 2045 323 2122 ille,
382 2043 437 2109 si
469 2043 662 2110 modo
699 2054 799 2109 est
832 2042 1088 2127 aliquis,
1144 2041 1252 2126 qui
1285 2064 1415 2106 non
1458 2040 1819 2106 inlustravit
1860 2042 2079 2120 modo,
2133 2041 2251 2108 sed

147 2220 157 2226 ι
189 2137 382 2202 etiam
415 2138 638 2224 genuit
669 2136 739 2202 in
773 2137 894 2202 hac
927 2139 1084 2203 urbe
1121 2136 1372 2201 dicendi
1408 2135 1687 2221 copiam,
1742 2158 1933 2220 quam
1965 2136 2083 2215 illi,
2139 2137 2251 2221 qui

188 2231 510 2318 Ligurum
553 2231 814 2297 castella
858 2241 1412 2318 expugnaverunt,
1468 2253 1551 2297 ex
1592 2230 1819 2316 quibus
1864 2230 2047 2296 multi
2080 2241 2247 2309 sunt,

190 2336 265 2390 ut
317 2324 524 2400 scitis,
578 2324 910 2411 triumphi=
972 2346 1196 2391 verum
1249 2324 1506 2409 quidem
1556 2325 1612 2389 si
1665 2324 1882 2391 audire
1933 2326 2249 2402 volumus,
2283 2352 2365 2395 ιω

192 2415 446 2481 omissis
480 2416 605 2481 illis
643 2416 874 2481 divinis
909 2416 1217 2495 consiliis,
1272 2417 1501 2500 quibus
1540 2438 1731 2504 saepe
1776 2418 2116 2483 constituta
2151 2428 2252 2483 est

191 2510 641 2597 imperatorum
675 2508 988 2595 sapientia
1031 2510 1204 2575 salus
1259 2508 1533 2574 civitatis
1577 2520 1687 2573 aut
1718 2510 1871 2575 belli
1914 2520 2024 2574 aut
2057 2509 2249 2585 domi,

192 2604 390 2669 multo
423 2626 697 2689 maynus-
715 2612 927 2667 orator
960 2613 1244 2689 praestat
1275 2601 1535 2667 minutis
1568 2602 2091 2688 imperatoribus?
2156 2608 2253 2665 ‘at

193 2696 453 2785 prodest
503 2696 648 2782 plus
700 2695 1084 2781 imperator.’
1117 2730 1208 2743 —-
1241 2695 1413 2779 ‘quis
1457 2694 1688 2781 negat?
1751 2696 1866 2761 sed
1920 2705 2131 2759 tamen
2165 2728 2255 2743 --

193 2814 325 2857 non
355 2800 580 2855 metuo·
617 2811 699 2854 ne
741 2788 902 2853 mihi
951 2788 1350 2867 adclametis3
1404 2798 1503 2855 est
1546 2800 1758 2853 autem
1800 2788 1970 2873 quod
2014 2786 2253 2853 sentias

195 2884 446 2951 dicendi
489 2884 652 2949 liber
703 2883 882 2949 locus
923 2917 1015 2931 ·—·-
1043 2882 1263 2947 malim
1305 2880 1463 2947 mihi
1504 2882 1591 2948 L.
1636 2879 1857 2949 Crassi
1902 2904 2093 2947 unam
2134 2904 2251 2969 pro

195 2978 312 3046 M.’
361 2976 558 3045 Curio
612 2976 951 3043 dictionem
1003 2998 1194 3061 quam
1246 2975 1623 3042 castellanos
1674 2975 2029 3063 triumphos
2083 2976 2251 3041 duo.’

200 3079 294 3137 ‘at
341 3072 486 3159 plus
538 3070 824 3137 interfuit
872 3070 968 3137 rei
1015 3070 1308 3158 publicae
1361 3071 1693 3135 castellum
1744 3070 1887 3157 capi
1935 3068 2254 3155 Ligurum
2288 3128 2291 3133 .
2336 3089 2341 3093 ·

201 3188 388 3251 quam
420 3165 584 3231 bene
612 3164 868 3237 defendi
895 3186 1153 3231 causam
1176 3164 1295 3230 M.’
1329 3161 1545 3231 Curii?
1621 3164 1867 3229 ‘credm
1906 3163 2022 3228 sed
2042 3163 2251 3228 Athe·
2285 3188 2365 3231 ιιι

201 3259 512 3323 niensium
555 3280 808 3344 quoque
851 3258 996 3345 plus
1040 3258 1326 3325 interfuit
1375 3258 1561 3323 firma
1602 3267 1770 3324 tecta
1810 3256 1877 3322 in
1922 3255 2253 3321 domiciliis

204 3352 434 3417 habere
471 3372 661 3434 quam
695 3352 1030 3417 Minervae
1086 3352 1340 3439 signum
1373 3374 1457 3417 ex
1491 3351 1680 3417 ebore
1732 3349 2253 3439 pulcherrimum3

206 3455 416 3507 tamen
449 3464 574 3529 ego
605 3451 710 3509 me
743 3443 1047 3509 Phidiam
1079 3466 1224 3510 esse
1277 3444 1534 3509 mallem
1569 3467 1758 3530 quam
1801 3444 1905 3510 vel
1947 3443 2257 3530 optimum

206 3536 454 3603 fabrum
487 3536 846 3622 tignarium.
935 3558 1064 3621 qua
1093 3560 1164 3602 re
1196 3560 1328 3601 non
1373 3548 1678 3621 quantum
1732 3538 1999 3623 quisque
2031 3536 2253 3625 prosit,

207 3630 322 3697 sed
354 3629 571 3714 quanti
606 3628 874 3714 quisque
911 3630 994 3695 sit
1025 3630 1507 3717 ponderandum
1541 3641 1667 3709 est3
1701 3631 2074 3718 praesertim
2108 3652 2256 3696 cum

207 3724 388 3812 pauci
420 3723 684 3811 pingere
719 3723 978 3811 egregie
1009 3724 1257 3812 possint
1300 3736 1411 3791 aut
1443 3724 1709 3811 fingere3
1747 3725 2017 3811 operarii
2042 3735 2255 3790 autem

210 3831 316 3883 aut
345 3818 542 3885 baiuli
578 3818 803 3884 deesse
836 3841 968 3886 non
998 3819 1266 3907 possint.
1355 3819 1473 3885 sed
1513 3840 1739 3906 perge,
1781 3818 2125 3906 Pomponi,
2172 3817 2251 3883 de
2288 3813 2359 3868 ⁷4

211 3909 484 3978 Caesare
519 3922 586 3978 et
615 3912 812 3979 redde
847 3935 1010 4023 quae
1042 3913 1325 3979 restant-⁹

325 4002 580 4074 ‘Solum
631 4006 911 4091 quidem'
974 4007 1176 4092 inquit
1225 4007 1333 4073 ille
1388 4013 1483 4075 ‘et
1534 4006 1718 4091 quasi
1770 4007 2253 4073 fundamentum
