2784 4575
332 282 577 331 XXXVI
954 285 1364 329 mumma
1398 282 1577 327 VITAE
1614 282 1921 326 CICERONIS

663 561 832 632 dixit,
888 578 1036 633 quae
1081 561 1406 631 complexus
1443 562 1533 613 est
1565 558 1857 628 ffllippica
1892 560 2057 613 tertia.
2130 556 2366 613 Censuit

663 636 855 687 autem
871 648 966 686 res
986 647 1101 699 eas,
1171 645 1273 683 uas
1284 625 1498 681 Caesar
1514 627 1856 683 adulescens
1873 627 2106 697 egisset,
2127 626 2365 696 publica

663 699 1003 755 auctoritate
1039 714 1148 752 con
1191 696 1485 765 rmaudas,
1532 694 1819 765 legiones,
1865 711 2015 765 quae
2048 695 2363 750 Antonium

665 766 1073 833 deseruissent,
1120 764 1469 833 laudandas,
1514 760 1657 819 Dec.
1694 764 1933 819 Brutum
2047 763 2107 818 ui
2144 780 2207 818 se
2242 763 2361 817 An·

662 835 822 891 tonio
849 836 911 889 in
939 833 1132 891 Gallia
1157 830 1493 899 obiecisset,
1534 833 1863 887 ornandum.
1936 804 1977 887 S
2052 848 2085 887 o
2114 832 2175 885 in
2210 832 2363 887 hanc

666 904 1002 959 sententiam
1036 900 1192 955 facto
1221 898 1423 956 Cicero
1458 902 1519 956 in
1554 901 1879 956 contionem
1912 902 2229 972 productus
2256 916 2359 971 po·

663 974 827 1043 pulo,
868 985 1014 1041 quae
1042 974 1174 1024 acta
1201 974 1259 1023 et
1277 970 1511 1026 decreta
1530 974 1749 1041 esseut,
1789 970 2051 1041 exposuit
2069 970 2364 1041 Ηιίἰῲρίσα

697 1048 872 1092 uarta.

351 1107 452 1161 711
522 1108 594 1162 43
713 1123 827 1159 oss.
899 1107 961 1160 0.
988 1106 1162 1161 Vibius
1179 1107 1388 1171 Pansa,
1423 1106 1733 1161 A.Hirtius.

731 1174 866 1229 Kal.
886 1173 1170 1229 Ianuariis
1197 1175 1466 1229 consules
1492 1175 1839 1230 rettulerunt
1853 1175 1925 1227 de
1944 1172 2229 1255 Antonio,
2262 1172 2361 1243 qui

661 1241 898 1297 Brutum
919 1241 1174 1297 Mutinae
1193 1242 1662 1297 circumsedebat.
1724 1240 1979 1313 Cumque
1997 1241 2135 1297 Piso
2154 1240 2361 1311 aliique

661 1310 888 1391 legatos
925 1311 1000 1365 ad
1034 1308 1344 1365 Antonium
1377 1310 1687 1366 mittendos
1725 1310 2105 1377 censuissent,
2160 1308 2363 1363 habuit

665 1378 865 1433 Cicero
885 1379 1232 1449 Philt‘ppa’cam
1249 1381 1507 1449 quintam,
1544 1378 1603 1433 in
1622 1394 1738 1449 qua
1754 1377 2098 1449 legationem
2115 1376 2283 1432 istam
2299 1382 2365 1429 ut

663 1453 896 1503 senatus
915 1452 973 1501 et
989 1447 1188 1517 populi
1205 1447 1450 1501 Romani
1468 1446 1761 1501 maiestate
1780 1446 2072 1516 indignam
2090 1444 2367 1499 dissuasit

663 1520 748 1584 et,
785 1520 850 1569 ut
884 1515 1069 1570 hostis
1103 1515 1452 1571 iudicaretur
1477 1516 1761 1569 Antonius
1774 1556 1787 1583 ,
1825 1515 2098 1569 incubuit.
2169 1512 2362 1567 Pridie

661 1588 852 1639 tamen
877 1584 1027 1640 Non.
1045 1584 1170 1639 Ian.
1198 1584 1417 1639 factum
1442 1590 1534 1639 est
1560 1580 1794 1652 SCtum,
1831 1589 1897 1637 ut
1914 1581 2034 1637 Ser.
2057 1581 2361 1652 Sulpicius,

659 1651 732 1705 L.
750 1652 914 1720 Piso,
951 1654 1020 1707 L.
1042 1652 1344 1723 Philippus
1365 1668 1493 1706 cum
1511 1652 1793 1707 mandatis
1810 1652 1886 1706 ad
1904 1649 2213 1706 Antonium
2232 1668 2362 1721 pro·

661 1718 1053 1777 ficiscerentur
1086 1720 1254 1792 eique
1291 1721 1717 1789 denuntiarent,
1771 1736 1845 1773 ne
1879 1720 1952 1774 D.
1989 1718 2226 1775 Brutum
2262 1737 2297 1776 o
2341 1750 2361 1761 -

661 1795 972 1909 Rugum-et,
1009 1805 1084 1844 ne
1113 1789 1372 1843 delectus
1400 1788 1665 1856 haberet,
1702 1793 1761 1843 et
1784 1794 1849 1842 ut
1878 1794 2031 1843 esset
2056 1788 2114 1842 in
2134 1787 2191 1842 S.
2210 1788 2277 1842 P.
2348 1826 2363 1843 .

717 1898 730 1911 .
756 1863 1064 1929 potestate.
1137 1857 1227 1911 De
1258 1872 1328 1911 eo
1357 1855 1509 1911 SCto
1531 1854 1761 1924 Cicero,
1797 1857 1857 1909 in
1886 1856 2208 1910 contionem
2234 1870 2363 1925 pro·

663 1924 868 1980 ductus
885 1928 962 1980 ab
980 1924 1266 2045 Asspuleio
1287 1924 1418 1978 trib.
1436 1925 1532 1993 pl„
1557 1926 1632 1979 ad
1648 1924 1923 1994 populum
1938 1924 2157 1978 rettulit
2165 1924 2307 1977 Phili
2340 1953 2363 1964 -

657 1995 780 2063 pica
805 2004 966 2047 sata.
1085 1992 1218 2046 aulo
1245 1997 1381 2061 post
1410 2008 1537 2048 cum
1556 1992 1748 2045 Pansa
1776 1993 1979 2046 consul
2008 1997 2267 2046 senatum
2330 2008 2363 2045 e

662 2060 851 2133 Appia
867 2061 962 2115 via
982 2066 1040 2115 et
1057 2060 1128 2115 de
1147 2059 1399 2126 Moneta,
1426 2076 1574 2114 unus
1597 2066 1787 2114 autem
1804 2060 1933 2114 trib.
1955 2061 2033 2131 pl.
2054 2059 2125 2114 de
2144 2059 2361 2131 Luper·

665 2131 747 2185 cis
773 2128 1180 2197 consuluisset,
1217 2125 1421 2182 Cicero
1449 2128 1509 2182 in
1528 2128 1813 2183 sententia
1830 2128 2075 2183 dicenda
2092 2144 2362 2199 egressus

662 2204 755 2253 est
773 2197 1106 2252 relationem
1128 2204 1186 2251 et
1203 2198 1519 2277 (Philippica
1536 2196 1774 2267 septima)
1803 2212 2003 2267 pacem
2034 2213 2162 2251 cum
2182 2198 2359 2251 Anto-

663 2267 758 2322 nio
779 2265 1076 2335 dissuasit,
1108 2266 1244 2336 quia
1261 2270 1446 2336 turpis
1464 2271 1647 2334 esset,
1686 2264 1821 2337 quia
1838 2264 2189 2336 periculosa,
2267 2264 2363 2320 uia

665 2352 794 2392 esse
809 2352 930 2391 non
947 2340 1160 2405 posset.
1231 2333 1443 2404 Legati
1462 2335 1535 2388 ab
1554 2333 1811 2389 Antonio
1832 2339 2080 2414 (praeter
2097 2333 2218 2390 Ser.
2280 2334 2361 2388 ul·

606 2409 609 2412 '
663 2403 901 2474 picium,
940 2404 1038 2474 qui
1065 2404 1126 2457 in
1153 2403 1443 2484 legatione
1472 2401 1719 2474 obierat)
1748 2403 1909 2458 initio
1937 2404 2106 2458 Febr.
2125 2403 2363 2457 Romam

662 2472 878 2528 reversi
894 2471 1282 2527 intolerabilia
1299 2469 1534 2525 Antonii
1552 2471 1845 2542 postulata
1861 2472 2217 2526 rettulerunt.
2266 2469 2362 2525 Se-

663 2545 835 2596 natus
867 2540 1169 2596 tumultum
1205 2541 1626 2594 decernendum
1656 2540 1905 2610 censuit,
1941 2556 2069 2594 cum
2096 2540 2235 2594 belli
2262 2555 2361 2592 no-

662 2625 793 2664 men
828 2625 945 2662 non
980 2607 1154 2662 nullis
1189 2608 1343 2664 haud
1386 2609 1725 2678 placuisset,
1790 2609 1946 2679 quod
1980 2607 2193 2663 Cicero·
2216 2607 2363 2661 Idib.

663 2677 832 2733 Mart.
842 2677 1135 2746 Philippica
1153 2687 1340 2730 octava
1354 2676 1726 2748 reprehendit
1742 2675 2079 2748 Fufiumque
2091 2675 2363 2731 Calenum

665 2747 736 2802 de
752 2761 896 2816 pace
913 2751 1182 2818 agentem
1199 2745 1457 2816 aliosque
1469 2743 1720 2801 Antonio
1740 2744 1999 2801 faventes
2022 2743 2361 2815 obiurgavit.

664 2814 950 2869 Postridie
979 2830 1106 2868 cum
1135 2815 1206 2869 de
1237 2815 1495 2868 ornando
1516 2813 1635 2869 Ser.
1656 2813 1911 2884 Sulpicio
1929 2814 1989 2867 in
2008 2819 2213 2867 senatu
2230 2827 2361 2882 age-

663 2888 834 2950 retur,
873 2880 1072 2936 Cieero
1101 2887 1348 2936 statuam
1375 2883 1701 2964 pedestrem
1728 2897 1964 2937 aeneam
1989 2881 2050 2934 in
2067 2879 2291 2934 Rostris
2310 2879 2363 2933 ei

664 2951 989 3019 ponendam
1007 2950 1227 3004 censuit
1245 2951 1540 3019 Philippica
1556 2967 1715 3002 nona.
1786 2951 2001 3004 Postea
2027 2963 2153 3002 cum
2173 2946 2365 3000 Pansa

668 3034 784 3071 cos.
812 3017 894 3070 M.
919 3015 1084 3070 Bruti
1122 3017 1192 3089 (s.
1219 3017 1286 3082 Q.
1313 3017 1431 3071 Cae
1472 3017 1621 3070 ionis
1656 3016 1842 3087 Bruti)
1880 3016 2098 3070 litteras
2132 3014 2363 3084 publice

665 3085 868 3140 missas
885 3084 958 3138 de
977 3085 1150 3138 rebus
1167 3085 1228 3139 in
1248 3035 1592 3139 MaceJ'onia.
1607 3083 1853 3138 feliciter
1870 3082 2049 3152 gestis
2067 3083 2367 3136 recitasset

667 3169 910 3224 eumque
929 3152 995 3217 Q.
1013 3151 1208 3206 Fufius
1227 3151 1473 3207 Calenus
1492 3158 1909 3232 oppugnasset,
1949 3149 2147 3205 Cicero
2167 3151 2363 3222 Philip-

661 3224 784 3292 pica
809 3223 1008 3275 decima
1035 3218 1310 3276 Calenum
1343 3219 1617 3275 refutavit
1652 3226 1711 3274 et
1740 3219 1810 3284 Q.
1840 3219 2151 3273 Hortensio
2178 3218 2363 3275 Mace·

669 3289 874 3344 deniae
909 3304 1163 3358 procos.,
1202 3289 1300 3360 qui
1329 3287 1567 3343 Brutum
1602 3289 1663 3342 in
1700 3288 2083 3358 comparando
2114 3287 2365 3343 exercitu

667 3357 996 3426 adiuverat,
1025 3356 1194 3411 huius
1222 3356 1553 3426 provinciae
1580 3356 2125 3414 administrationem
2162 3355 2363 3411 confir·

667 3427 931 3482 mandam
949 3441 1076 3480 esse
1095 3425 1332 3480 censuit.
1384 3424 1459 3478 Et
1478 3441 1606 3480 cum
1624 3431 1756 3479 ante
1774 3425 1905 3480 Kal.
1924 3422 1976 3478 A
2017 3425 2104 3479 ril.
2125 3425 2364 3478 Romam

669 3495 904 3549 allatum
921 3498 1076 3548 esset
1093 3493 1166 3548 de
1185 3499 1364 3548 morte
1386 3492 1448 3548 C.
1461 3493 1757 3563 Trebonii,
1787 3511 1954 3564 quem
2023 3534 2035 3546 .
2055 3492 2365 3548 Dolabella

671 3562 944 3634 Smyrnae
974 3561 1362 3617 crudelissime
1392 3562 1725 3616 verberibus
1745 3579 1813 3616 ac
1831 3562 2129 3617 tormentis
2150 3561 2363 3616 crucia-

669 3637 788 3686 tum
804 3630 1197 3700 interfecerat,
1233 3631 1399 3710 isque
1426 3629 1610 3685 hostis
1636 3629 1917 3685 iudicatus
1944 3633 2121 3698 esset,
2160 3629 2361 3684 Cicero

669 3699 975 3770 postridie,
1029 3715 1156 3781 cum
1201 3698 1274 3782 de
1311 3703 1653 3780 imperatore
1689 3699 1961 3782 adi-tersus
1997 3697 2365 3754 Dolabellam

671 3763 2361 3910 25230325551'533‘2’2'.3¹sst¹f>3ss⁴fflm12ffzessssz⁸3sfiffi

669 3901 2364 4043 ii?es‘ssssssffissusstisseffiffiffiffiiffiffssndffigffssfflffiffig

787 4013 799 4028 .
1187 4013 1200 4026 .
1283 4013 1296 4027 .
1730 4013 1745 4043 ,

2413 444 2513 526 *τ’
