2784 4575
471 263 598 330 152
1084 274 1158 328 M.
1197 273 1471 331 TULLII
1508 271 1911 330 CICERONIS

469 422 546 466 ac
582 399 948 484 discrepans
985 408 1092 463 aut
1125 407 1606 484 praeposterum
1660 396 1770 474 sit,
1829 397 1945 462 sed
1988 396 2177 462 etia-m
2212 396 2436 484 lingua
2472 411 2545 465 et

375 527 428 568 u
475 492 732 581 spiritus
770 502 834 558 et
885 491 1062 558 vocis
1115 514 1309 558 sonus
1363 503 1463 558 est
1494 490 1635 578 ipse
1686 490 2133 558 moderandus.
2216 492 2371 558 nolo
2426 513 2547 560 ex-

469 587 658 676 primi
691 586 932 652 litteras
967 583 1278 672 putidius,
1313 585 1463 652 nolo
1499 584 1826 651 obscurari
1857 585 2329 672 neglegentius3
2384 585 2549 652 nolo

469 683 667 749 verba
721 680 966 747 exiliter
1019 679 1296 744 animata
1345 679 1571 758 exire,
1598 679 1747 746 nolo
1797 679 2018 744 inflata
2067 689 2135 745 et
2182 679 2368 763 quasi
2424 703 2550 745 an-

470 777 683 844 helata
716 775 974 863 gravius
986 801 1004 852 ;
1049 797 1201 840 nam
1234 774 1315 840 de
1350 795 1508 841 voce
1543 774 1825 840 nondum
1862 797 1939 841 ea
1973 773 2146 854 dico,
2183 797 2345 859 quae
2387 786 2551 840 sunt

473 869 768 949 actionis,
823 870 941 936 sed
989 869 1142 948 hoc,
1193 869 1367 954 quod
1418 868 1575 933 mihi
1618 889 1766 934 cum
1818 891 2109 935 sermone
2162 868 2345 953 quasi
2384 890 2549 936 con-

470 967 754 1032 iunctum
805 964 1083 1030 videtur:
1139 973 1288 1028 sunt
1322 962 1493 1028 enim
1545 974 1718 1028 certa
1758 963 1942 1042 vitia,
1995 985 2157 1048 quae
2208 985 2401 1029 nemo
2436 975 2545 1029 est

472 1059 626 1145 quin
660 1059 945 1146 effugere
997 1056 1240 1145 cupiat:
1293 1057 1503 1122 mollis
1540 1080 1669 1123 vox
1699 1068 1775 1122 ut
1806 1057 2131 1123 muliebris
2186 1067 2296 1122 aut
2349 1059 2545 1142 quasi

375 1185 427 1226 ω
473 1165 654 1220 extra
683 1154 943 1220 modum
979 1152 1221 1218 absona
1255 1162 1445 1236 atque
1482 1151 1785 1229 absurda;
1840 1162 1940 1217 est
1974 1161 2185 1216 autem
2225 1147 2543 1240 [vitium],

473 1247 645 1333 quod
686 1269 815 1312 non
850 1246 1008 1311 nulli
1052 1246 1132 1312 de
1165 1245 1477 1311 industria
1512 1255 1979 1311 consectantur:
2030 1245 2269 1310 rustica
2304 1268 2435 1312 vox
2472 1257 2543 1312 et

477 1340 746 1428 agrestis
799 1340 1110 1425 quosdam
1162 1339 1462 1418 delectat,
1516 1361 1643 1424 quo
1694 1339 1899 1427 magis
1956 1339 2425 1424 antiquitatem,
2482 1341 2539 1405 si

471 1437 562 1500 ita
599 1445 810 1512 sonet,
865 1456 1082 1500 eorum
1119 1456 1327 1500 sermo
1376 1433 1648 1499 retinere
1694 1434 1983 1500 videatur
1990 1460 2009 1513 ;
2062 1445 2135 1499 ut
2168 1445 2344 1512 tuus,
2406 1431 2543 1500 Ca—

471 1529 632 1608 tule,
685 1527 950 1606 sodalis,
1003 1527 1086 1592 L.
1127 1524 1347 1606 Cotta,
1402 1527 1680 1615 gaudere
1722 1527 1878 1592 mihi
1928 1527 2176 1592 videtur
2220 1526 2543 1613 gravitate

471 1624 730 1710 linguae
781 1643 1065 1707 sonoque
1119 1621 1294 1688 vocis
1349 1622 1588 1708 agresti
1640 1632 1705 1688 et
1753 1621 1939 1701 illud,
2003 1621 2175 1706 quod
2232 1621 2541 1706 loquitur,

470 1716 752 1806 priscum
785 1715 996 1782 visum
1029 1713 1107 1779 iri
1139 1725 1348 1802 putat,
1397 1716 1451 1781 si
1484 1716 1673 1803 plane
1707 1716 1899 1782 fuerit
1930 1715 2341 1781 rusticanum.
2428 1739 2539 1782 me

473 1821 685 1875 autem
721 1820 868 1876 tuus
915 1830 1108 1875 sonus
1146 1819 1210 1874 et
1246 1809 1561 1876 subtilitas
1604 1809 1731 1876 ista
1782 1809 2081 1886 delectat,
2134 1809 2353 1875 omitto
2388 1831 2541 1875 ver-

471 1903 727 1981 borum,
765 1924 1150 1988 quamquam
1185 1913 1286 1967 est
1319 1914 1540 1988 caput3
1593 1925 1816 1970 verum
1848 1903 1916 1967 id
1952 1903 2159 1968 adfert
2188 1902 2373 1980 ratio,
2412 1903 2539 1968 do·

472 2007 618 2062 cent
650 1995 916 2073 litterae,
952 1995 1284 2063 confirmat
1309 1997 1701 2063 consuetudo
1737 2007 1802 2062 et
1833 1995 2089 2083 legendi
2114 2007 2178 2062 et
2198 1996 2534 2079 loquendi;

473 2088 589 2154 sed
621 2089 788 2154 hanc
840 2088 982 2154 dico
1037 2088 1442 2167 suavitatem,
1498 2112 1660 2175 quae
1712 2090 1844 2155 exit
1878 2113 1961 2155 ex
2002 2112 2140 2168 ore;
2195 2111 2355 2174 quae
2390 2089 2537 2174 qui-

474 2184 622 2249 dem
656 2194 728 2248 ut
763 2183 935 2270 apud
971 2181 1255 2249 Graecos
1290 2183 1683 2261 Atticorum,
1738 2184 1830 2249 sic
1864 2185 1931 2248 in
1964 2184 2201 2250 Latino
2240 2205 2533 2249 sermone

279 2348 296 2353 ,
381 2303 433 2344 ιε
479 2277 664 2344 huius
712 2289 812 2343 est
863 2277 1038 2345 urbis
1090 2277 1367 2344 maxime
1420 2277 1702 2366 propria:
1754 2279 2031 2345 Athenis
2083 2279 2214 2344 iam
2265 2278 2376 2343 diu
2418 2279 2534 2345 do·

473 2372 676 2437 ctrina
707 2371 993 2458 ipsorum
1024 2372 1521 2439 Atheniensium
1555 2373 1817 2451 interiit,
1865 2373 2251 2440 domicilium
2287 2384 2529 2439 tantum

469 2466 550 2530 in‘
588 2465 699 2531 illa
750 2466 907 2531 urbe
957 2477 1245 2533 remanet
1309 2467 1691 2545 studiorum,
1754 2468 1982 2552 quibus
2045 2478 2277 2533 vacant
2338 2466 2527 2545 cives,

469 2558 790 2645 peregrini
832 2558 1128 2626 fruuntur
1179 2561 1349 2648 capti
1402 2562 1679 2646 quodam
1730 2562 1922 2627 modo
1964 2560 2219 2627 nomine
2254 2560 2429 2626 urbis
2465 2572 2531 2625 et

473 2652 870 2729 auctoritate3
924 2665 1141 2720 tamen
1191 2655 1653 2723 eruditissimos
1707 2655 1996 2722 homines
2030 2654 2357 2721 Asiaticos
2394 2654 2533 2738 qui-

471 2746 568 2811 vis
604 2745 1022 2813 Atheniensis
1058 2748 1350 2814 indoctus
1387 2772 1519 2815 non
1562 2750 1801 2827 verbis,
1859 2749 1972 2815 sed
2008 2771 2166 2814 sono
2201 2749 2377 2815 vocis
2410 2768 2531 2813 nec

470 2850 602 2903 tam
635 2840 798 2905 bene
835 2862 1026 2925 quam
1063 2842 1341 2908 suaviter
1368 2843 1687 2928 loquendo
1720 2842 1906 2908 facile
1943 2842 2285 2928 superabit.
2330 2840 2527 2906 nostri

469 2930 680 2997 minus
720 2934 980 3001 student
1011 2934 1238 3001 litteris
1275 2960 1469 3020 quam
1502 2937 1721 3002 Latini
1730 2963 1749 3015 3
1804 2947 2016 3001 tamen
2051 2959 2132 3001 ex
2166 2936 2333 3014 istis,
2370 2956 2529 3019 quos

469 3025 703 3106 nostis,
771 3024 1056 3113 [urbanis
1068 3026 1117 3115 ,]
1188 3029 1258 3094 in
1319 3030 1549 3113 quibus
1610 3030 1939 3093 minimum
2000 3039 2100 3093 est
2158 3028 2531 3105 litterarum,

470 3142 658 3187 nemo
711 3133 812 3187 cst
864 3122 1018 3207 quin
1067 3123 1595 3189 litteratissimum
1656 3133 2015 3209 togatorum
2066 3123 2377 3199 omnium,
2442 3121 2525 3203 Q.

470 3214 799 3281 Valerium
837 3213 1180 3294 Soranum,
1233 3216 1493 3282 lenitate
1528 3216 1702 3281 vocis
1740 3227 1927 3299 atque
1959 3216 2101 3302 ipso
2138 3214 2263 3280 oris
2299 3236 2531 3300 pressu

367 3305 436 3359 12
471 3318 536 3373 et
569 3330 729 3375 sono
761 3308 950 3375 facile
983 3310 1213 3376 vincat.
1285 3332 1415 3394 qua
1446 3332 1517 3375 re
1551 3330 1698 3375 cum
1735 3310 1816 3376 sit
1849 3310 2163 3393 quaedam
2196 3318 2369 3373 certa
2401 3331 2531 3376 vox

373 3378 746 3469 ⁴⁴'Romani
788 3402 1039 3489 generis
1091 3402 1394 3489 urbisque
1446 3402 1731 3491 propria,
1783 3404 1850 3468 in
1893 3426 2021 3488 qua
2070 3402 2227 3467 nihil
2270 3401 2529 3481 offendi,

469 3497 628 3563 nihil
680 3496 1042 3585 displicere,
1095 3498 1253 3563 nihil
1306 3498 1724 3565 animadverti
1775 3499 2007 3587 possit,
2064 3494 2250 3585 [nihil
2304 3520 2529 3563 sonare

471 3601 583 3655 aut
633 3592 803 3657 olere
838 3590 1303 3680 peregrinum,]
1359 3594 1526 3659 hanc
1563 3616 1901 3678 sequamur
1942 3615 2149 3678 neque
2186 3584 2390 3659 solum
2421 3614 2530 3656 ru-

472 3683 697 3750 sticam
751 3685 1184 3773 asperitatem,
1249 3688 1365 3753 sed
1418 3688 1609 3754 etiam
1666 3688 2069 3775 peregrinam
2127 3685 2524 3752 insolentiam

377 3802 432 3845 45
472 3778 696 3864 fugere
758 3778 1098 3846 discamus.
1205 3782 1500 3865 equidem
1552 3802 1699 3846 cum
1758 3781 1945 3847 audio
2009 3802 2261 3847 socrum
2317 3798 2521 3844 meam

470 3871 766 3937 Laeliam
797 3910 888 3922 —-
920 3875 1170 3941 facilius
1226 3876 1397 3941 enim
1447 3874 1744 3940 mulieres
1795 3875 2222 3962 incorruptam
2259 3871 2521 3956 antiqui-

472 3974 669 4028 tatem
704 3980 1109 4047 conservant,
1164 3970 1336 4054 quod
1371 3968 1714 4035 multorum
1767 3967 2075 4034 sermonis
2121 3977 2415 4054 expertes
2448 3986 2518 4029 ea

471 4066 687 4120 tenent
739 4080 1017 4144 semper,
1075 4084 1236 4145 quae
1287 4064 1494 4150 prima
1548 4063 1904 4128 didicerunt·
1939 4098 2029 4110 -—-
2072 4062 2187 4129 sed
2240 4082 2381 4127 eam
2432 4058 2519 4124 sic
