2784 4575
739 283 845 338 DE
878 279 1368 342 INVENTIONE
1406 279 1451 335 Ι.
1487 278 1727 335 41—45.
2136 269 2259 336 127

187 412 557 489 commode,
612 407 768 494 quid
811 418 1186 474 eventurum
1221 405 1331 484 sit,
1387 415 1535 472 ante
1580 403 1789 472 animo
1833 407 2067 496 conligi
2112 431 2263 495 pos..

193 511 308 588 sit,
371 507 529 592 quid
580 523 834 589 quaque
885 525 968 568 ex
1014 524 1086 567 re
1140 500 1346 568 soleat
1393 498 1676 578 evenire,
1734 501 2263 570 considerandum

190 616 327 683 est,
361 603 486 668 hoc
517 599 741 665 modo.
725 622 742 638 ·
787 618 868 662 ex
905 595 1277 684 adrogantia
1309 593 1555 672 odium,
1592 617 1675 660 ex
1707 594 2045 662 insolentia
2078 598 2263 664 adro-

331 694 440 762 tia.

191 721 570 873 ganQuarta
621 797 837 854 autem
885 807 1036 874 pars
1091 793 1192 850 est
1242 805 1326 848 ex
1375 782 1501 860 eis,
1554 803 1713 866 quas
1764 784 2039 872 negotiis
2094 786 2264 854 diee-

193 888 424 952 bamus
461 905 608 951 esse
643 881 1008 958 attributas,
1053 876 1437 946 consecutio.
1525 877 1595 942 in
1626 876 1748 942 hac
1782 901 1895 944 eae
1929 901 2033 946 res
2070 903 2265 965 quae-

194 991 452 1058 runtur,
505 1000 672 1062 quae
723 986 978 1064 gestum
1026 972 1352 1061 negotium
1406 984 1879 1055 consequuntur
1886 999 1907 1053 3
1966 972 2261 1061 primum,

197 1075 380 1160 quod
437 1073 677 1138 factum
727 1081 854 1149 est,
919 1091 1046 1154 quo
1096 1068 1166 1136 id
1213 1066 1471 1134 nomine
1534 1067 1841 1155 appellari
1899 1072 2261 1152 conveniat3

198 1166 439 1234 deinde
493 1165 628 1231 eius
677 1165 833 1232 facti
885 1163 994 1248 qui
1047 1162 1174 1228 sint
1223 1161 1541 1249 principes
1596 1171 1663 1226 et
1710 1160 2101 1243 inventores,
2156 1167 2265 1250 qui

193 1261 478 1346 denique
515 1258 902 1326 auctoritatis
939 1257 1075 1324 eius
1111 1266 1178 1322 et
1207 1253 1593 1322 inventionis
1620 1257 2133 1343 comprobatores
2170 1270 2266 1326 at-

161 1371 168 1376 ·
197 1377 328 1441 que
363 1353 624 1432 aemuli3
672 1353 900 1418 deinde
937 1371 1175 1435 ecquae
1211 1349 1292 1414 de
1336 1371 1415 1415 ea
1446 1371 1517 1414 re
1562 1359 1672 1416 aut
1704 1349 1841 1416 eius
1882 1351 1979 1416 rei
2022 1352 2106 1417 sit
2137 1354 2263 1432 lex,

197 1447 626 1525 consuetudo,
661 1447 900 1534 pactio,
935 1443 1265 1522 iudicium,
1303 1443 1595 1521 seientia,
1642 1442 1973 1510 artificium
1980 1470 1999 1524 3
2037 1444 2265 1512 deinde

199 1554 432 1610 natura
473 1541 642 1619 eius,
695 1539 947 1606 evenire
989 1538 1181 1626 volgo
1227 1537 1431 1603 soleat
1473 1561 1555 1602 an
1597 1537 1943 1605 insolenter
1983 1551 2050 1607 et
2090 1563 2263 1620 rare,
2246 1566 2263 1582 ·

197 1646 428 1724 postea
460 1634 750 1701 homines
785 1634 853 1698 id
887 1653 1006 1699 sua
1048 1629 1420 1699 auctoritate
1474 1632 1886 1718 comprobare
1938 1656 2022 1700 an
2063 1635 2267 1702 offen·
2358 1645 2363 1650 “

196 1731 352 1796 dere
395 1729 465 1794 in
507 1729 602 1794 eis
654 1727 1046 1804 consuerint3
1101 1735 1169 1792 et
1210 1735 1447 1803 cetera,
1503 1746 1669 1818 quae
1718 1724 1959 1792 factum
2010 1727 2268 1812 aliquod

201 1823 490 1890 similiter
550 1820 889 1888 confestim
948 1830 1060 1885 aut
1119 1842 1201 1884 ex
1259 1819 1595 1885 intervallo
1665 1817 1874 1885 solent
1942 1822 2264 1906 consequi.

197 1918 430 1984 deinde
462 1926 786 2004 postremo
833 1913 1286 1980 attendendum
1331 1924 1459 1992 est,
1502 1935 1658 1980 num
1702 1935 1865 1998 quae
1904 1935 2010 1980 res
2055 1936 2137 1981 ex
2172 1915 2265 1982 eis

196 2013 421 2092 rebus,
466 2033 630 2096 quae
663 2009 918 2097 positae
953 2019 1102 2074 sunt
1133 2007 1203 2073 in
1234 2007 1521 2096 partibus
1566 2007 1917 2076 honestatis
1954 2021 2065 2075 aut
2096 2011 2266 2076 utili-

199 2106 370 2184 tatis,
407 2114 902 2190 consequantur-3
941 2103 1021 2168 de
1059 2101 1284 2187 quibus
1311 2101 1381 2166 in
1417 2102 1827 2171 deliberativo
1855 2126 2089 2191 genere
2116 2126 2265 2170 eau-

199 2221 314 2265 sae
359 2197 720 2264 distinctius
763 2196 885 2264 erit
935 2195 1290 2262 dicendum.
1379 2217 1457 2260 ac
1504 2197 1777 2283 negotiis
1829 2197 2087 2281 quidem
2130 2199 2265 2264 fere

199 2316 310 2360 res
345 2293 530 2373 haec,
567 2316 725 2379 quas
763 2291 1424 2369 commemoravimus,
1464 2302 1614 2357 sunt
1647 2292 2005 2361 attributae.

328 2343 558 2453 Omnis
609 2386 1074 2475 argumentatio
1121 2396 1360 2465 autem,
1416 2408 1578 2471 quae
1614 2408 1697 2451 ex
1731 2386 1823 2453 eis
1868 2386 2055 2466 locis,
2102 2411 2261 2473 quos
2298 2386 2366 2440 29

201 2482 855 2559 commemoravimus,
893 2490 1195 2558 sumetur,
1234 2491 1346 2544 aut
1376 2480 1723 2566 probabilis
1760 2491 1872 2545 aut
1904 2458 2360 2547 neeessaria⁴⁴

197 2576 458 2643 debebit
515 2598 692 2653 esse;
753 2574 1017 2653 etenim,
1079 2583 1154 2639 ut
1211 2572 1489 2639 breviter
1549 2572 2012 2651 describamus,
2076 2597 2266 2661 argu-

198 2670 508 2735 mentatio
558 2669 812 2735 videtur
873 2690 1020 2734 esse
1067 2668 1399 2733 inventum
1448 2666 1661 2751 aliquo
1712 2690 1794 2732 ex
1844 2690 2077 2754 genere
2128 2690 2267 2733 rem

197 2764 482 2848 aliquam
543 2775 652 2831 aut
713 2762 1125 2851 probabiliter
1175 2760 1521 2827 ostendens
1576 2772 1687 2825 aut
1744 2762 2103 2827 necessarie
2156 2762 2269 2826 de-

196 2868 583 2925 monstrans.
667 2856 1027 2923 necessarie
1071 2854 1585 2921 demonstrantur
1629 2874 1733 2932 ea,
1780 2874 1943 2938 quae
1978 2854 2157 2921 aliter
2192 2875 2267 2920 ac

199 2952 500 3018 dicuntur
551 2974 672 3017 nec
709 2952 850 3019 fieri
902 2972 1024 3016 nec
1074 2948 1332 3038 probari
1379 2958 1680 3035 possunt,
1734 2947 1857 3015 hoc
1906 2948 2125 3015 modo:
2181 2948 2267 3013 ‘si
2378 3043 2385 3045 ν

197 3047 476 3135 peperit,
527 3069 677 3113 cum
710 3046 848 3113 viro
885 3043 1265 3112 concubuit?
1353 3044 1479 3110 hoe
1510 3064 1715 3131 genus
1760 3043 2265 3131 argumentandi,

198 3140 374 3226 quod
387 3141 456 3207 in
469 3141 834 3207 necessaria
851 3138 1386 3206 demonstratione
1416 3148 1724 3217 versatur,
1742 3138 2017 3204 maxime
2036 3148 2266 3205 tracta-

198 3246 302 3300 tur
335 3235 404 3301 in
447 3234 718 3301 dicendo
761 3246 873 3301 aut
913 3256 1028 3321 per
1071 3233 1575 3320 complexionem
1626 3244 1737 3300 aut
1777 3255 1895 3320 per
1938 3254 2267 3299 enumera-

199 3329 440 3394 tionem
473 3340 587 3395 aut
617 3351 734 3417 per
778 3328 1149 3415 simplicem·
1172 3326 1665 3393 conclusionem.
1752 3326 2107 3415 complexio
2141 3338 2259 3405 est,

198 3421 272 3486 in
305 3443 460 3505 qua,
504 3433 720 3488 utrum
763 3421 1185 3499 concesseris,
1236 3420 1748 3508 reprehenditur,
1802 3421 1887 3487 ad
1928 3420 2098 3486 hunc
2130 3442 2267 3487 mo-

199 3514 389 3581 dum:
434 3516 519 3581 ‘si
551 3516 878 3604 improbus
915 3526 1043 3594 est,
1088 3536 1201 3580 cur
1233 3515 1469 3580 uteris?
1523 3514 1581 3581 si
1621 3516 1888 3603 probus,
1934 3536 2047 3580 cur
2082 3534 2267 3577 accu-

202 3608 377 3675 sas?
424 3609 816 3677 enumeratio
851 3619 977 3689 est,
1022 3608 1090 3674 in
1128 3631 1252 3694 qua
1291 3608 1581 3696 pluribus
1616 3610 1807 3676 rebus
1852 3606 2157 3695 expositis
2202 3617 2268 3671 et

199 3703 447 3771 esteris·
465 3703 802 3770 infirmatis
835 3727 968 3770 una
999 3702 1246 3786 reliqua
1275 3702 1639 3769 necessario
1672 3702 2107 3778 confirmatur,
2143 3697 2266 3766 hoc

201 3808 418 3883 pacto:
465 3804 763 3876 fnecesse
799 3809 902 3865 est
947 3808 1056 3863 aut
1097 3796 1569 3863 inimicitiarum
1612 3819 1807 3863 causa
1839 3796 1923 3861 ab
1964 3794 2087 3860 hoc
2120 3815 2265 3859 esse

201 3890 486 3957 occisum
519 3903 633 3959 aut
664 3904 874 3959 metus
911 3904 1024 3959 aut
1055 3891 1195 3979 spei
1229 3903 1340 3959 aut
1373 3891 1637 3957 alicuius
1675 3890 1863 3956 amici
1895 3887 2100 3976 gratia
2130 3898 2263 3967 aut,

203 3983 262 4049 si
303 3982 530 4051 horum
571 3986 730 4053 nihil
773 3999 903 4066 est,
956 3988 1036 4053 ab
1072 3985 1196 4053 hoc
1229 4009 1360 4053 non
1394 4008 1539 4052 esse
1582 3985 1889 4063 occisum3
1942 4006 2093 4049 nam
2128 3982 2264 4049 sine

199 4098 400 4145 causa
451 4080 834 4149 maleficium
885 4090 1254 4167 susceptum
1293 4101 1425 4145 non
1475 4088 1689 4167 potest
1730 4100 1904 4145 esset
1958 4076 2015 4144 si
2056 4098 2265 4165 neque
