2784 4575
857 246 1176 305 ORATOR
1212 250 1389 305 170-
1405 248 1523 305 176.
2089 236 2221 304 319

147 373 450 442 curatius.
523 372 664 458 quis
697 394 850 461 ergo
884 371 1042 439 istos
1079 370 1271 450 ferat,
1307 371 1419 456 qui
1452 371 1571 437 hos
1602 382 1890 439 auctores
1917 394 2047 439 non
2071 397 2222 463 pro-

147 472 344 537 bent?
393 468 520 534 nisi
552 467 812 538 >omnino
862 466 1024 533 haec
1059 488 1205 533 esse
1251 466 1333 531 ab
1370 466 1471 532 his
1504 477 1849 553 praecepta
1896 466 2217 547 nesciunt3

150 564 325 649 quod
361 562 417 629 si
449 562 540 628 ita
575 572 701 639 ent,
754 582 876 627 nec
910 583 1060 628 vero
1099 560 1279 625 aliter
1314 558 1609 627 existimo
1619 584 1640 639 3
1694 560 1893 645 quid?
1926 560 2052 648 ipsi
2086 562 2218 628 suis
2257 590 2335 632 1⁷8

153 658 450 724 sensibus
486 679 618 723 non
658 656 1034 721 moventur?
1083 654 1324 720 nihilne
1370 653 1463 720 eis
1508 654 1697 720 inane
1732 654 2013 734 videtur,
2064 654 2224 721 nihil

149 752 572 829 inconditum,
629 748 789 815 nihil
825 760 1104 835 curtum,
1156 748 1316 813 nihil
1351 748 1747 828 claudicans,
1798 748 1957 815 nihil
1990 749 2226 815 redun-

151 846 356 912 dans?
415 844 485 911 in
527 866 720 910 versu
763 843 1020 928 quidem
1066 843 1316 909 theatra
1365 852 1503 909 tota
1554 843 1940 923 exclamant,
1995 843 2053 910 si
2102 842 2227 909 fuit

149 963 284 1005 una
320 938 570 1025 syllaba
601 946 714 1003 aut
745 937 1000 1005 brevior
1044 947 1154 1003 aut
1195 936 1475 1023 longior3
1529 958 1650 1003 nee
1692 960 1846 1004 vero
1887 937 2223 1005 multitudo

149 1035 352 1121 pedes
380 1032 560 1098 novit
581 1053 703 1097 neo
733 1032 901 1099 ullos
931 1054 1228 1097 numeros
1255 1042 1434 1098 tenet
1455 1052 1577 1097 nec
1600 1031 1779 1111 illud,
1816 1032 1988 1117 quod
2022 1032 2229 1098 offen-

155 1129 279 1205 dit,
333 1136 444 1195 aut
477 1147 590 1190 cur
625 1136 737 1191 aut
767 1125 836 1191 in
871 1148 996 1210 quo
1033 1125 1316 1192 offendat
1348 1125 1687 1213 intellegit3
1742 1136 1809 1192 et
1841 1138 2055 1192 tamen
2089 1148 2229 1192 om-

155 1223 336 1288 nium
368 1220 841 1308 longitudinum
869 1233 934 1287 et
966 1222 1350 1287 brevitatum
1383 1222 1453 1287 in
1488 1221 1662 1287 sonis
1700 1222 1864 1289 sicut
1898 1233 2229 1289 acutarum
2267 1224 2271 1228 ’

157 1315 578 1404 graviumque
632 1337 862 1381 vocum
906 1315 1215 1381 iudicium
1259 1315 1403 1401 ipsa
1445 1326 1673 1381 natura
1704 1316 1774 1381 in
1808 1315 2065 1382 auribus
2108 1338 2228 1383 no-

161 1410 308 1475 stris
347 1408 720 1475 conlocavit.

276 1503 481 1571 Visne
533 1502 756 1589 igitur,
815 1503 1049 1582 Brute,
1111 1513 1316 1569 totum
1369 1503 1540 1570 hunc
1590 1504 1801 1569 locum
1862 1504 2221 1571 adcuratius
2257 1499 2329 1554 52

157 1596 351 1663 etiam
385 1597 779 1683 explicemus
826 1619 1020 1682 quam
1061 1597 1215 1662 illi
1195 1598 1351 1685 1psi,
1407 1598 1517 1683 qui
1552 1608 1617 1663 et
1660 1598 1820 1664 haec
1854 1609 1919 1664 et
1954 1598 2079 1663 alia
2110 1621 2227 1663 no-
2258 1572 2341 1614 ¹⁷⁴

157 1692 258 1757 bis
294 1692 717 1769 tradiderunt,
771 1716 854 1758 an
889 1693 990 1758 his
1027 1693 1309 1759 contenti
1341 1716 1518 1772 esse,
1572 1715 1735 1779 quae
1780 1694 1861 1759 ab
1894 1694 2021 1759 illis
2056 1693 2227 1758 dicta

161 1797 336 1865 sunt,
387 1789 772 1874 possumus?
825 1787 942 1852 sed
987 1787 1142 1871 quid
1185 1810 1423 1872 quaero
1474 1788 1749 1866 velisne,
1804 1809 1949 1853 cum
1998 1786 2225 1853 litteris

161 1879 286 1945 tuis
339 1879 766 1945 eruditissime
828 1880 1080 1969 scriptis
1133 1892 1202 1947 te
1255 1881 1324 1946 id
1375 1882 1479 1947 vel
1530 1881 1807 1947 maxime
1866 1881 2029 1947 velle
2080 1904 2227 1969 per-

162 1974 516 2060 spexerim?
548 1974 827 2061 primum
864 1996 1017 2063 ergo
1053 1975 1254 2063 origo,
1293 1975 1523 2041 deinde
1560 1996 1771 2054 causa,
1806 1986 1957 2062 post
1979 1986 2228 2053 natura,

159 2084 298 2133 tum
331 2069 416 2134 ad
467 2080 823 2135 extremum
877 2092 1030 2135 usus
1082 2070 1226 2158 ipse
1279 2070 1631 2159 explicetur
1683 2070 1985 2136 orationis
2040 2081 2229 2206 aptae

162 2174 350 2247 atque
385 2185 786 2230 numerosae.

279 2256 346 2322 N
345 2278 449 2322 am
502 2258 612 2341 qui
661 2258 1015 2327 Isocratem
1064 2258 1342 2327 maxime
1394 2258 1732 2339 mirantur,
1794 2254 1987 2328 hoc
1966 2284 2036 2326 m
2089 2258 2227 2328 eius

163 2351 428 2418 summis
482 2352 776 2418 laudibus
831 2355 1073 2432 ferunt,
1135 2356 1310 2439 quod
1368 2354 1580 2421 verbis
1645 2310 1867 2420 solutis
1928 2369 2248 2422 numeros.

159 2445 407 2534 primus⁴
441 2445 826 2524 adiunxerit3
882 2468 1030 2512 cum
1063 2448 1235 2512 enim
1268 2447 1515 2512 videret
1548 2459 1829 2514 oratores
1866 2470 2012 2513 cum
2047 2470 2234 2513 seve-

159 2539 349 2605 ritate
393 2537 624 2616 audiri,
676 2545 900 2625 poe‘tas
948 2551 1159 2604 autem
1206 2561 1351 2604 cum
1404 2540 1759 2626 voluptate,
1814 2551 1950 2605 tum
2001 2539 2235 2608 dicitur

162 2655 462 2698 numeros
501 2643 788 2710 secutus,
825 2633 1056 2717 quibus
1094 2633 1286 2698 etiam
1317 2633 1386 2697 in
1422 2634 1704 2698 oratione
1738 2643 2047 2711 uteretur,
2084 2654 2230 2698 cum

161 2725 572 2792 iucunditatis
627 2748 825 2792 causa
875 2737 1012 2791 tum
1065 2738 1140 2792 ut
1189 2726 1467 2792 varietas
1517 2736 1875 2794 occurreret
1926 2726 2227 2805 satietati3

165 2821 340 2906 quod
381 2821 464 2888 ab
507 2821 602 2886 eis
645 2843 796 2888 vere
841 2821 1119 2906 quadam
1163 2843 1244 2886 ex
1288 2833 1499 2910 parte,
1552 2843 1683 2886 non
1724 2831 1929 2886 totum
1972 2820 2227 2887 dicitur:
2264 2853 2345 2894 1¹15

163 2938 317 2981 nam
363 2915 686 2982 neminem
729 2915 798 2982 in
833 2939 910 2982 eo
955 2938 1190 3003 genere
1236 2915 1536 2982 scientius
1590 2925 1913 2981 versatum
1945 2916 2230 2982 Isocrate

165 3011 597 3077 confitendum
649 3020 778 3090 est,
844 3011 962 3076 sed
1010 3010 1308 3098 princeps
1360 3009 1725 3076 inveniendi
1776 3009 1899 3075 fuit
1948 3010 2235 3096 Thrasy-

164 3105 462 3185 machus,
517 3105 701 3171 cuius
735 3105 948 3172 omnia
981 3104 1169 3170 nimis
1206 3104 1398 3170 etiam
1442 3113 1697 3170 exstant
1742 3103 1978 3190 scripta
2010 3125 2235 3169 nume-

163 3221 334 3265 rose.
422 3223 600 3279 nam,
653 3210 727 3265 ut
767 3201 960 3287 paulo
1005 3210 1151 3264 ante
1196 3198 1356 3277 dixi,
1410 3199 1591 3286 paria
1632 3197 1891 3284 paribus
1938 3197 2235 3262 adiuncta

167 3303 237 3357 et
281 3292 570 3359 similiter
622 3293 883 3359 definita
933 3294 1214 3379 itemque
1265 3292 1597 3359 contrariis
1649 3293 1851 3358 relata
1900 3290 2232 3370 contraria,

169 3407 337 3472 quae
373 3409 494 3452 sua
526 3397 779 3474 sponte,
817 3387 1069 3454 etiamsi
1101 3389 1168 3454 id
1202 3409 1349 3454 non·
1367 3411 1555 3476 agas,
1593 3387 1829 3453 cadunt
1860 3387 2235 3475 plerumque

169 3502 540 3559 numerose,
605 3479 884 3567 Gorgias
943 3481 1186 3570 primus
1247 3481 1521 3560 invenit,
1587 3482 1705 3547 sed
1764 3481 1857 3546 eis
1920 3490 2022 3546 est
2078 3501 2236 3546 usus

169 3575 681 3662 intemperatius3
735 3575 804 3641 id
845 3586 1061 3640 autem
1105 3586 1206 3642 est
1247 3597 1483 3664 genus,
1536 3585 1609 3641 ut
1642 3587 1789 3641 ante
1834 3573 2073 3640 dictum
2114 3583 2233 3652 est,

171 3693 258 3735 ex
291 3669 496 3734 tribus
529 3668 817 3758 partibus
855 3669 1308 3736 conlocationis
1343 3669 1631 3734 alterum.
1710 3668 1937 3735 horum
1970 3679 2235 3752 uterque
2272 3691 2350 3733 rm

171 3765 528 3830 Isocratem
561 3773 768 3830 aetate
802 3763 1180 3851 praecurrit,
1215 3773 1289 3829 ut
1323 3785 1433 3829 eos
1469 3762 1576 3828 ille
1610 3762 2071 3840 moderatione,
2106 3783 2239 3826 non

173 3857 539 3924 inventione
565 3857 814 3936 vicerit3
851 3869 952 3923 est
977 3857 1167 3936 enim,
1203 3868 1278 3923 ut
1309 3856 1380 3922 in
1414 3855 1869 3923 transferendis
1895 3854 2239 3922 faciendis-

171 3973 302 4035 que
353 3953 566 4020 verbis
627 3951 1047 4037 tranquillior,
1112 3951 1205 4018 sic
1254 3951 1323 4018 in
1373 3951 1533 4039 ipsis
1585 3948 1866 4018 numeris
1928 3949 2205 4018 sedatior
2212 3975 2231 4026 3

175 4045 454 4134 Gorgias
502 4058 714 4114 autem
765 4046 1009 4114 avidior
1053 4058 1154 4114 est
1203 4046 1459 4135 generis
1513 4045 1649 4113 eius
1686 4057 1751 4113 et
1794 4045 1887 4114 eis
1922 4043 2239 4112 festivita-
