<?xml version="1.0" encoding="UTF-8"?>
<!DOCTYPE html PUBLIC "-//W3C//DTD XHTML 1.0 Transitional//EN"
    "http://www.w3.org/TR/xhtml1/DTD/xhtml1-transitional.dtd">
<html xmlns="http://www.w3.org/1999/xhtml" xml:lang="en" lang="en">
 <head>
  <title>
</title>
<meta http-equiv="Content-Type" content="text/html;charset=utf-8" />
  <meta name='ocr-system' content='tesseract 3.04.00' />
  <meta name='ocr-capabilities' content='ocr_page ocr_carea ocr_par ocr_line ocrx_word'/>
</head>
<body>
  <div class='ocr_page' id='page_1' title='image "./mtulliiciceroni11unkngoog_0490.png"; bbox 0 0 2784 4575; ppageno 0'>
   <div class='ocr_carea' id='block_1_1' title="bbox 516 258 1964 324">
    <p class='ocr_par' dir='ltr' id='par_1_1' title="bbox 516 258 1964 324">
     <span class='ocr_line' id='line_1_1' title="bbox 516 258 1964 324; baseline -0.002 0"><span class='ocrx_word' id='word_1_1' title='bbox 516 258 649 324; x_wconf 78' lang='grc'>202</span> <span class='ocrx_word' id='word_1_2' title='bbox 1134 268 1215 322; x_wconf 71' lang='grc' dir='ltr'>Η.</span> <span class='ocrx_word' id='word_1_3' title='bbox 1250 266 1522 323; x_wconf 81' lang='lat' dir='ltr'>TULLII</span> <span class='ocrx_word' id='word_1_4' title='bbox 1557 265 1964 323; x_wconf 69' lang='lat' dir='ltr'>CICERONIS</span> 
     </span>
    </p>
   </div>
   <div class='ocr_carea' id='block_1_2' title="bbox 422 389 2544 4155">
    <p class='ocr_par' dir='ltr' id='par_1_2' title="bbox 518 389 2531 557">
     <span class='ocr_line' id='line_1_2' title="bbox 520 389 2531 481; baseline -0.002 -22"><span class='ocrx_word' id='word_1_5' title='bbox 520 392 829 481; x_wconf 75' lang='lat' dir='ltr'>agamus-⁹</span> <span class='ocrx_word' id='word_1_6' title='bbox 872 412 1021 457; x_wconf 87' lang='lat' dir='ltr'>cum</span> <span class='ocrx_word' id='word_1_7' title='bbox 1044 390 1215 456; x_wconf 87' lang='lat' dir='ltr'>idem</span> <span class='ocrx_word' id='word_1_8' title='bbox 1242 390 1590 478; x_wconf 72' lang='lat' dir='ltr'><strong>placuisset</strong></span> <span class='ocrx_word' id='word_1_9' title='bbox 1613 389 1760 467; x_wconf 88' lang='lat' dir='ltr'>illis,</span> <span class='ocrx_word' id='word_1_10' title='bbox 1789 400 1928 455; x_wconf 85' lang='lat' dir='ltr'>tum</span> <span class='ocrx_word' id='word_1_11' title='bbox 1951 389 2020 454; x_wconf 89' lang='lat' dir='ltr'>in</span> <span class='ocrx_word' id='word_1_12' title='bbox 2043 389 2286 477; x_wconf 85' lang='lat' dir='ltr'>pratulo</span> <span class='ocrx_word' id='word_1_13' title='bbox 2310 401 2531 477; x_wconf 86' lang='lat' dir='ltr'>propter</span> 
     </span>
     <span class='ocr_line' id='line_1_3' title="bbox 518 486 1586 557; baseline -0.006 0"><span class='ocrx_word' id='word_1_14' title='bbox 518 488 813 557; x_wconf 82' lang='lat' dir='ltr'>Platonis</span> <span class='ocrx_word' id='word_1_15' title='bbox 846 500 1125 553; x_wconf 75' lang='lat' dir='ltr'>stamam</span> <span class='ocrx_word' id='word_1_16' title='bbox 1158 486 1586 553; x_wconf 86' lang='lat' dir='ltr'>consedimus.</span> 
     </span>
    </p>

    <p class='ocr_par' dir='ltr' id='par_1_3' title="bbox 436 578 2539 1515">
     <span class='ocr_line' id='line_1_4' title="bbox 436 578 2530 671; baseline -0.005 -18"><span class='ocrx_word' id='word_1_17' title='bbox 436 613 495 653; x_wconf 65' lang='lat' dir='ltr'>n</span> <span class='ocrx_word' id='word_1_18' title='bbox 640 584 773 649; x_wconf 86' lang='lat' dir='ltr'>Hic</span> <span class='ocrx_word' id='word_1_19' title='bbox 814 604 969 671; x_wconf 83' lang='lat' dir='ltr'>ego.</span> <span class='ocrx_word' id='word_1_20' title='bbox 1022 582 1313 647; x_wconf 82' lang='lat' dir='ltr'>‘laudare</span> <span class='ocrx_word' id='word_1_21' title='bbox 1362 581 1560 668; x_wconf 87' lang='lat' dir='ltr'>igitur</span> <span class='ocrx_word' id='word_1_22' title='bbox 1609 580 2036 666; x_wconf 77' lang='lat' dir='ltr'>eloquentiam</span> <span class='ocrx_word' id='word_1_23' title='bbox 2075 592 2142 645; x_wconf 83' lang='lat' dir='ltr'>et</span> <span class='ocrx_word' id='word_1_24' title='bbox 2189 590 2412 665; x_wconf 74' lang='lat' dir='ltr'>quanta</span> <span class='ocrx_word' id='word_1_25' title='bbox 2455 578 2530 643; x_wconf 84' lang='lat' dir='ltr'>vis</span> 
     </span>
     <span class='ocr_line' id='line_1_5' title="bbox 520 674 2535 764; baseline -0.003 -19"><span class='ocrx_word' id='word_1_26' title='bbox 520 678 608 745; x_wconf 82' lang='lat' dir='ltr'>sit</span> <span class='ocrx_word' id='word_1_27' title='bbox 646 677 787 745; x_wconf 82' lang='lat' dir='ltr'>eius</span> <span class='ocrx_word' id='word_1_28' title='bbox 830 698 1147 764; x_wconf 80' lang='lat' dir='ltr'>exponere</span> <span class='ocrx_word' id='word_1_29' title='bbox 1194 688 1624 761; x_wconf 75' lang='lat' dir='ltr'>quantamque</span> <span class='ocrx_word' id='word_1_30' title='bbox 1665 675 1788 754; x_wconf 83' lang='lat' dir='ltr'>eis,</span> <span class='ocrx_word' id='word_1_31' title='bbox 1841 674 1954 759; x_wconf 89' lang='lat' dir='ltr'>qui</span> <span class='ocrx_word' id='word_1_32' title='bbox 1993 674 2122 740; x_wconf 86' lang='lat' dir='ltr'>sint</span> <span class='ocrx_word' id='word_1_33' title='bbox 2161 697 2300 739; x_wconf 79' lang='lat' dir='ltr'>eam</span> <span class='ocrx_word' id='word_1_34' title='bbox 2345 694 2535 739; x_wconf 85' lang='lat' dir='ltr'>eonse-</span> 
     </span>
     <span class='ocr_line' id='line_1_6' title="bbox 520 768 2536 859; baseline -0.005 -20"><span class='ocrx_word' id='word_1_35' title='bbox 520 772 681 851; x_wconf 79' lang='lat' dir='ltr'>cuti,</span> <span class='ocrx_word' id='word_1_36' title='bbox 742 772 1119 859; x_wconf 79' lang='lat' dir='ltr'>dignitatem</span> <span class='ocrx_word' id='word_1_37' title='bbox 1180 771 1458 848; x_wconf 79' lang='lat' dir='ltr'>adferat,</span> <span class='ocrx_word' id='word_1_38' title='bbox 1519 791 1730 854; x_wconf 89' lang='lat' dir='ltr'>neque</span> <span class='ocrx_word' id='word_1_39' title='bbox 1787 769 2184 857; x_wconf 83' lang='lat' dir='ltr'>propositum</span> <span class='ocrx_word' id='word_1_40' title='bbox 2237 768 2412 835; x_wconf 88' lang='lat' dir='ltr'>nobis</span> <span class='ocrx_word' id='word_1_41' title='bbox 2455 778 2536 832; x_wconf 88' lang='lat' dir='ltr'>est</span> 
     </span>
     <span class='ocr_line' id='line_1_7' title="bbox 522 859 2537 951; baseline -0.004 -18"><span class='ocrx_word' id='word_1_42' title='bbox 522 866 647 933; x_wconf 89' lang='lat' dir='ltr'>hoc</span> <span class='ocrx_word' id='word_1_43' title='bbox 678 866 821 933; x_wconf 85' lang='lat' dir='ltr'>loco</span> <span class='ocrx_word' id='word_1_44' title='bbox 862 887 1071 951; x_wconf 85' lang='lat' dir='ltr'>neque</span> <span class='ocrx_word' id='word_1_45' title='bbox 1112 864 1546 929; x_wconf 82' lang='lat' dir='ltr'>necessarium</span> <span class='ocrx_word' id='word_1_46' title='bbox 1553 888 1574 941; x_wconf 73' lang='grc' dir='ltr'>ς</span> <span class='ocrx_word' id='word_1_47' title='bbox 1627 864 1754 929; x_wconf 88' lang='lat' dir='ltr'>hoc</span> <span class='ocrx_word' id='word_1_48' title='bbox 1793 886 1946 929; x_wconf 82' lang='lat' dir='ltr'>vero</span> <span class='ocrx_word' id='word_1_49' title='bbox 1989 863 2128 929; x_wconf 86' lang='lat' dir='ltr'>sine</span> <span class='ocrx_word' id='word_1_50' title='bbox 2159 862 2288 929; x_wconf 85' lang='lat' dir='ltr'>ulla</span> <span class='ocrx_word' id='word_1_51' title='bbox 2325 859 2537 927; x_wconf 56' lang='lat' dir='ltr'>dubia</span> 
     </span>
     <span class='ocr_line' id='line_1_8' title="bbox 523 957 2536 1047; baseline -0.004 -19"><span class='ocrx_word' id='word_1_52' title='bbox 523 961 695 1029; x_wconf 81' lang='lat' dir='ltr'>tione</span> <span class='ocrx_word' id='word_1_53' title='bbox 745 960 1277 1038; x_wconf 81' lang='lat' dir='ltr'>confirmaverim,</span> <span class='ocrx_word' id='word_1_54' title='bbox 1332 959 1469 1025; x_wconf 83' lang='lat' dir='ltr'>sive</span> <span class='ocrx_word' id='word_1_55' title='bbox 1519 959 1634 1024; x_wconf 80' lang='lat' dir='ltr'>illa</span> <span class='ocrx_word' id='word_1_56' title='bbox 1675 970 1810 1025; x_wconf 85' lang='lat' dir='ltr'>arte</span> <span class='ocrx_word' id='word_1_57' title='bbox 1859 958 2142 1047; x_wconf 75' lang='lat' dir='ltr'>pariatur</span> <span class='ocrx_word' id='word_1_58' title='bbox 2191 959 2393 1043; x_wconf 82' lang='lat' dir='ltr'>aliqua</span> <span class='ocrx_word' id='word_1_59' title='bbox 2427 957 2536 1021; x_wconf 87' lang='lat' dir='ltr'>sive</span> 
     </span>
     <span class='ocr_line' id='line_1_9' title="bbox 522 1050 2536 1140; baseline -0.003 -19"><span class='ocrx_word' id='word_1_60' title='bbox 522 1054 971 1121; x_wconf 72' lang='lat' dir='ltr'>exercitatione</span> <span class='ocrx_word' id='word_1_61' title='bbox 1006 1054 1283 1139; x_wconf 85' lang='lat' dir='ltr'>quadam</span> <span class='ocrx_word' id='word_1_62' title='bbox 1320 1050 1488 1139; x_wconf 77' lang='lat' dir='ltr'>[sive</span> <span class='ocrx_word' id='word_1_63' title='bbox 1531 1050 1820 1140; x_wconf 79' lang='lat' dir='ltr'>natura],</span> <span class='ocrx_word' id='word_1_64' title='bbox 1869 1076 2010 1119; x_wconf 90' lang='lat' dir='ltr'>rem</span> <span class='ocrx_word' id='word_1_65' title='bbox 2039 1076 2234 1118; x_wconf 87' lang='lat' dir='ltr'>unam</span> <span class='ocrx_word' id='word_1_66' title='bbox 2265 1074 2400 1117; x_wconf 72' lang='lat' dir='ltr'>esse</span> <span class='ocrx_word' id='word_1_67' title='bbox 2427 1072 2536 1116; x_wconf 89' lang='lat' dir='ltr'>om-</span> 
     </span>
     <span class='ocr_line' id='line_1_10' title="bbox 522 1146 2539 1232; baseline -0.004 -17"><span class='ocrx_word' id='word_1_68' title='bbox 522 1150 701 1215; x_wconf 88' lang='lat' dir='ltr'>nium</span> <span class='ocrx_word' id='word_1_69' title='bbox 752 1148 1219 1227; x_wconf 83' lang='lat' dir='ltr'>difficillimam3</span> <span class='ocrx_word' id='word_1_70' title='bbox 1274 1147 1504 1232; x_wconf 85' lang='lat' dir='ltr'>quibus</span> <span class='ocrx_word' id='word_1_71' title='bbox 1547 1147 1718 1213; x_wconf 89' lang='lat' dir='ltr'>enim</span> <span class='ocrx_word' id='word_1_72' title='bbox 1751 1170 1837 1212; x_wconf 85' lang='lat' dir='ltr'>ex</span> <span class='ocrx_word' id='word_1_73' title='bbox 1877 1148 2156 1231; x_wconf 88' lang='lat' dir='ltr'>quinque</span> <span class='ocrx_word' id='word_1_74' title='bbox 2205 1146 2386 1213; x_wconf 85' lang='lat' dir='ltr'>rebus</span> <span class='ocrx_word' id='word_1_75' title='bbox 2417 1166 2539 1209; x_wconf 83' lang='lat' dir='ltr'>eon-</span> 
     </span>
     <span class='ocr_line' id='line_1_11' title="bbox 524 1241 2538 1328; baseline -0.004 -19"><span class='ocrx_word' id='word_1_76' title='bbox 524 1254 695 1309; x_wconf 79' lang='lat' dir='ltr'>stare</span> <span class='ocrx_word' id='word_1_77' title='bbox 748 1242 1006 1320; x_wconf 87' lang='lat' dir='ltr'>dicitur,</span> <span class='ocrx_word' id='word_1_78' title='bbox 1058 1264 1278 1307; x_wconf 68' lang='lat' dir='ltr'>casum</span> <span class='ocrx_word' id='word_1_79' title='bbox 1326 1264 1458 1306; x_wconf 88' lang='lat' dir='ltr'>una</span> <span class='ocrx_word' id='word_1_80' title='bbox 1507 1263 1797 1327; x_wconf 87' lang='lat' dir='ltr'>quaeque</span> <span class='ocrx_word' id='word_1_81' title='bbox 1847 1252 1952 1307; x_wconf 86' lang='lat' dir='ltr'>est</span> <span class='ocrx_word' id='word_1_82' title='bbox 2001 1266 2106 1308; x_wconf 88' lang='lat' dir='ltr'>ars</span> <span class='ocrx_word' id='word_1_83' title='bbox 2157 1241 2298 1328; x_wconf 79' lang='lat' dir='ltr'>ipsa</span> <span class='ocrx_word' id='word_1_84' title='bbox 2341 1260 2538 1325; x_wconf 81' lang='lat' dir='ltr'>magua</span> 
     </span>
     <span class='ocr_line' id='line_1_12' title="bbox 520 1334 2536 1425; baseline -0.003 -24"><span class='ocrx_word' id='word_1_85' title='bbox 520 1359 637 1425; x_wconf 87' lang='lat' dir='ltr'>per</span> <span class='ocrx_word' id='word_1_86' title='bbox 672 1358 843 1401; x_wconf 85' lang='lat' dir='ltr'>sese:</span> <span class='ocrx_word' id='word_1_87' title='bbox 897 1357 1163 1419; x_wconf 77' lang='lat' dir='ltr'>quarum</span> <span class='ocrx_word' id='word_1_88' title='bbox 1198 1335 1477 1420; x_wconf 83' lang='lat' dir='ltr'>quinque</span> <span class='ocrx_word' id='word_1_89' title='bbox 1521 1335 1750 1400; x_wconf 88' lang='lat' dir='ltr'>artium</span> <span class='ocrx_word' id='word_1_90' title='bbox 1785 1357 2131 1401; x_wconf 86' lang='lat' dir='ltr'>concursus</span> <span class='ocrx_word' id='word_1_91' title='bbox 2165 1334 2536 1401; x_wconf 84' lang='lat' dir='ltr'>maximarum</span> 
     </span>
     <span class='ocr_line' id='line_1_13' title="bbox 524 1425 2537 1515; baseline -0.002 -20"><span class='ocrx_word' id='word_1_92' title='bbox 524 1440 827 1515; x_wconf 85' lang='lat' dir='ltr'>quantam</span> <span class='ocrx_word' id='word_1_93' title='bbox 884 1430 1017 1495; x_wconf 81' lang='lat' dir='ltr'>vim</span> <span class='ocrx_word' id='word_1_94' title='bbox 1066 1441 1497 1514; x_wconf 77' lang='lat' dir='ltr'>quantamque</span> <span class='ocrx_word' id='word_1_95' title='bbox 1559 1430 1997 1497; x_wconf 84' lang='lat' dir='ltr'>difficultatem</span> <span class='ocrx_word' id='word_1_96' title='bbox 2045 1430 2303 1507; x_wconf 85' lang='lat' dir='ltr'>habeat,</span> <span class='ocrx_word' id='word_1_97' title='bbox 2357 1425 2537 1493; x_wconf 82' lang='lat' dir='ltr'>existi-</span> 
     </span>
    </p>

    <p class='ocr_par' dir='ltr' id='par_1_4' title="bbox 454 1521 2534 1611">
     <span class='ocr_line' id='line_1_14' title="bbox 454 1521 2534 1611; baseline -0.002 -22"><span class='ocrx_word' id='word_1_98' title='bbox 454 1522 489 1574; x_wconf 80' lang='grc'><strong>7</strong></span> <span class='ocrx_word' id='word_1_99' title='bbox 526 1524 685 1589; x_wconf 85' lang='lat' dir='ltr'>mari</span> <span class='ocrx_word' id='word_1_100' title='bbox 726 1534 957 1611; x_wconf 85' lang='lat' dir='ltr'>potest.</span> <span class='ocrx_word' id='word_1_101' title='bbox 1043 1523 1225 1589; x_wconf 85' lang='lat' dir='ltr'>testis</span> <span class='ocrx_word' id='word_1_102' title='bbox 1266 1536 1369 1589; x_wconf 86' lang='lat' dir='ltr'>est</span> <span class='ocrx_word' id='word_1_103' title='bbox 1415 1522 1717 1602; x_wconf 78' lang='lat' dir='ltr'>Graecia,</span> <span class='ocrx_word' id='word_1_104' title='bbox 1771 1546 1936 1609; x_wconf 81' lang='lat' dir='ltr'>quae</span> <span class='ocrx_word' id='word_1_105' title='bbox 1987 1546 2138 1589; x_wconf 89' lang='lat' dir='ltr'>cum</span> <span class='ocrx_word' id='word_1_106' title='bbox 2187 1521 2534 1607; x_wconf 78' lang='lat' dir='ltr'>eloquentiae</span> 
     </span>
    </p>

    <p class='ocr_par' dir='ltr' id='par_1_5' title="bbox 442 1594 2536 1705">
     <span class='ocr_line' id='line_1_15' title="bbox 442 1594 2536 1705; baseline -0.003 -22"><span class='ocrx_word' id='word_1_107' title='bbox 442 1594 499 1635; x_wconf 72' lang='lat'>²⁶</span> <span class='ocrx_word' id='word_1_108' title='bbox 526 1618 735 1685; x_wconf 85' lang='lat' dir='ltr'>studio</span> <span class='ocrx_word' id='word_1_109' title='bbox 781 1618 865 1684; x_wconf 90' lang='lat' dir='ltr'>sit</span> <span class='ocrx_word' id='word_1_110' title='bbox 916 1618 1181 1683; x_wconf 77' lang='lat' dir='ltr'>incensa</span> <span class='ocrx_word' id='word_1_111' title='bbox 1228 1618 1594 1702; x_wconf 74' lang='lat' dir='ltr'>iamdiuque</span> <span class='ocrx_word' id='word_1_112' title='bbox 1645 1618 1918 1684; x_wconf 83' lang='lat' dir='ltr'>excellat</span> <span class='ocrx_word' id='word_1_113' title='bbox 1947 1618 2017 1682; x_wconf 90' lang='lat' dir='ltr'>in</span> <span class='ocrx_word' id='word_1_114' title='bbox 2051 1642 2134 1685; x_wconf 83' lang='lat' dir='ltr'>ea</span> <span class='ocrx_word' id='word_1_115' title='bbox 2181 1627 2536 1705; x_wconf 71' lang='lat' dir='ltr'>praestetque</span> 
     </span>
    </p>

    <p class='ocr_par' dir='ltr' id='par_1_6' title="bbox 430 1709 2544 3496">
     <span class='ocr_line' id='line_1_16' title="bbox 523 1709 2536 1793; baseline -0.004 -13"><span class='ocrx_word' id='word_1_116' title='bbox 523 1714 779 1793; x_wconf 86' lang='lat' dir='ltr'>ceteris,</span> <span class='ocrx_word' id='word_1_117' title='bbox 842 1724 1057 1779; x_wconf 86' lang='lat' dir='ltr'>tamen</span> <span class='ocrx_word' id='word_1_118' title='bbox 1106 1712 1313 1779; x_wconf 89' lang='lat' dir='ltr'>omnis</span> <span class='ocrx_word' id='word_1_119' title='bbox 1367 1713 1522 1779; x_wconf 83' lang='lat' dir='ltr'>artis</span> <span class='ocrx_word' id='word_1_120' title='bbox 1586 1712 1964 1779; x_wconf 82' lang='lat' dir='ltr'>vetustiores</span> <span class='ocrx_word' id='word_1_121' title='bbox 2025 1712 2224 1779; x_wconf 85' lang='lat' dir='ltr'>habet</span> <span class='ocrx_word' id='word_1_122' title='bbox 2268 1724 2332 1778; x_wconf 88' lang='lat' dir='ltr'>et</span> <span class='ocrx_word' id='word_1_123' title='bbox 2375 1709 2536 1781; x_wconf 82' lang='lat' dir='ltr'>multo</span> 
     </span>
     <span class='ocr_line' id='line_1_17' title="bbox 523 1807 2537 1895; baseline -0.003 -22"><span class='ocrx_word' id='word_1_124' title='bbox 523 1819 671 1875; x_wconf 81' lang='lat' dir='ltr'>ante</span> <span class='ocrx_word' id='word_1_125' title='bbox 724 1831 855 1875; x_wconf 90' lang='lat' dir='ltr'>non</span> <span class='ocrx_word' id='word_1_126' title='bbox 912 1808 1207 1873; x_wconf 83' lang='lat' dir='ltr'>inventas</span> <span class='ocrx_word' id='word_1_127' title='bbox 1270 1807 1510 1886; x_wconf 88' lang='lat' dir='ltr'>solum,</span> <span class='ocrx_word' id='word_1_128' title='bbox 1573 1807 1691 1873; x_wconf 89' lang='lat' dir='ltr'>sed</span> <span class='ocrx_word' id='word_1_129' title='bbox 1740 1808 1931 1873; x_wconf 89' lang='lat' dir='ltr'>etiam</span> <span class='ocrx_word' id='word_1_130' title='bbox 1981 1809 2328 1895; x_wconf 80' lang='lat' dir='ltr'>perfectas,</span> <span class='ocrx_word' id='word_1_131' title='bbox 2383 1824 2537 1889; x_wconf 80' lang='lat' dir='ltr'>quam</span> 
     </span>
     <span class='ocr_line' id='line_1_18' title="bbox 520 1897 2535 1989; baseline 0.002 -22"><span class='ocrx_word' id='word_1_132' title='bbox 520 1903 680 1969; x_wconf 87' lang='lat' dir='ltr'>haec</span> <span class='ocrx_word' id='word_1_133' title='bbox 714 1914 815 1971; x_wconf 88' lang='lat' dir='ltr'>est</span> <span class='ocrx_word' id='word_1_134' title='bbox 850 1898 921 1989; x_wconf 86' lang='lat' dir='ltr'>[a</span> <span class='ocrx_word' id='word_1_135' title='bbox 956 1899 1253 1989; x_wconf 79' lang='lat' dir='ltr'>Graecis]</span> <span class='ocrx_word' id='word_1_136' title='bbox 1308 1902 1634 1968; x_wconf 81' lang='lat' dir='ltr'>elaborata</span> <span class='ocrx_word' id='word_1_137' title='bbox 1681 1902 1934 1967; x_wconf 89' lang='lat' dir='ltr'>dicendi</span> <span class='ocrx_word' id='word_1_138' title='bbox 1977 1902 2076 1967; x_wconf 81' lang='lat' dir='ltr'>vis</span> <span class='ocrx_word' id='word_1_139' title='bbox 2131 1915 2318 1987; x_wconf 85' lang='lat' dir='ltr'>atque</span> <span class='ocrx_word' id='word_1_140' title='bbox 2363 1897 2535 1985; x_wconf 63' lang='lat' dir='ltr'>copim</span> 
     </span>
     <span class='ocr_line' id='line_1_19' title="bbox 518 1994 2537 2081; baseline -0.004 -20"><span class='ocrx_word' id='word_1_141' title='bbox 518 1996 587 2061; x_wconf 91' lang='lat' dir='ltr'>in</span> <span class='ocrx_word' id='word_1_142' title='bbox 621 2019 815 2081; x_wconf 90' lang='lat' dir='ltr'>quam</span> <span class='ocrx_word' id='word_1_143' title='bbox 848 2017 996 2059; x_wconf 90' lang='lat' dir='ltr'>cum</span> <span class='ocrx_word' id='word_1_144' title='bbox 1028 1995 1305 2073; x_wconf 87' lang='lat' dir='ltr'>intueor,</span> <span class='ocrx_word' id='word_1_145' title='bbox 1339 1995 1617 2061; x_wconf 87' lang='lat' dir='ltr'>maxime</span> <span class='ocrx_word' id='word_1_146' title='bbox 1651 1995 1810 2060; x_wconf 88' lang='lat' dir='ltr'>mihi</span> <span class='ocrx_word' id='word_1_147' title='bbox 1841 2008 2202 2074; x_wconf 71' lang='lat' dir='ltr'>occurrunt,</span> <span class='ocrx_word' id='word_1_148' title='bbox 2237 1994 2457 2069; x_wconf 85' lang='lat' dir='ltr'>Attice,</span> <span class='ocrx_word' id='word_1_149' title='bbox 2485 2000 2537 2053; x_wconf 89' lang='lat' dir='ltr'>et</span> 
     </span>
     <span class='ocr_line' id='line_1_20' title="bbox 522 2087 2537 2176; baseline -0.003 -23"><span class='ocrx_word' id='word_1_150' title='bbox 522 2089 703 2172; x_wconf 90' lang='lat' dir='ltr'>quasi</span> <span class='ocrx_word' id='word_1_151' title='bbox 736 2088 953 2152; x_wconf 87' lang='lat' dir='ltr'>lucent</span> <span class='ocrx_word' id='word_1_152' title='bbox 984 2087 1281 2153; x_wconf 81' lang='lat' dir='ltr'>Athenae</span> <span class='ocrx_word' id='word_1_153' title='bbox 1324 2100 1502 2168; x_wconf 87' lang='lat' dir='ltr'>tuae,</span> <span class='ocrx_word' id='word_1_154' title='bbox 1555 2111 1683 2173; x_wconf 88' lang='lat' dir='ltr'>qua</span> <span class='ocrx_word' id='word_1_155' title='bbox 1713 2089 1782 2153; x_wconf 88' lang='lat' dir='ltr'>in</span> <span class='ocrx_word' id='word_1_156' title='bbox 1823 2091 1980 2154; x_wconf 89' lang='lat' dir='ltr'>urbe</span> <span class='ocrx_word' id='word_1_157' title='bbox 2023 2090 2300 2176; x_wconf 89' lang='lat' dir='ltr'>primum</span> <span class='ocrx_word' id='word_1_158' title='bbox 2331 2110 2395 2153; x_wconf 86' lang='lat' dir='ltr'>se</span> <span class='ocrx_word' id='word_1_159' title='bbox 2423 2106 2537 2151; x_wconf 85' lang='lat' dir='ltr'>ora-</span> 
     </span>
     <span class='ocr_line' id='line_1_21' title="bbox 522 2181 2536 2269; baseline 0 -23"><span class='ocrx_word' id='word_1_160' title='bbox 522 2192 621 2246; x_wconf 80' lang='lat' dir='ltr'>tor</span> <span class='ocrx_word' id='word_1_161' title='bbox 654 2182 879 2247; x_wconf 86' lang='lat' dir='ltr'>extulit</span> <span class='ocrx_word' id='word_1_162' title='bbox 926 2181 1326 2269; x_wconf 89' lang='lat' dir='ltr'>primumque</span> <span class='ocrx_word' id='word_1_163' title='bbox 1378 2184 1572 2250; x_wconf 87' lang='lat' dir='ltr'>etiam</span> <span class='ocrx_word' id='word_1_164' title='bbox 1610 2185 2034 2251; x_wconf 79' lang='lat' dir='ltr'>monumentis</span> <span class='ocrx_word' id='word_1_165' title='bbox 2070 2196 2140 2250; x_wconf 90' lang='lat' dir='ltr'>et</span> <span class='ocrx_word' id='word_1_166' title='bbox 2175 2184 2384 2250; x_wconf 84' lang='lat' dir='ltr'>litteris</span> <span class='ocrx_word' id='word_1_167' title='bbox 2419 2200 2536 2245; x_wconf 65' lang='lat' dir='ltr'>orae</span> 
     </span>
     <span class='ocr_line' id='line_1_22' title="bbox 436 2273 2539 2363; baseline 0 -23"><span class='ocrx_word' id='word_1_168' title='bbox 436 2301 491 2341; x_wconf 62' lang='grc' dir='ltr'>ετ</span> <span class='ocrx_word' id='word_1_169' title='bbox 520 2274 607 2340; x_wconf 92' lang='lat' dir='ltr'>tio</span> <span class='ocrx_word' id='word_1_170' title='bbox 636 2286 737 2342; x_wconf 83' lang='lat' dir='ltr'>est</span> <span class='ocrx_word' id='word_1_171' title='bbox 760 2289 986 2363; x_wconf 83' lang='lat' dir='ltr'>coepta</span> <span class='ocrx_word' id='word_1_172' title='bbox 1012 2277 1326 2344; x_wconf 80' lang='lat' dir='ltr'>mandari:</span> <span class='ocrx_word' id='word_1_173' title='bbox 1362 2290 1577 2345; x_wconf 89' lang='lat' dir='ltr'>tamen</span> <span class='ocrx_word' id='word_1_174' title='bbox 1604 2291 1750 2346; x_wconf 87' lang='lat' dir='ltr'>ante</span> <span class='ocrx_word' id='word_1_175' title='bbox 1773 2278 2110 2358; x_wconf 82' lang='lat' dir='ltr'>Periclem,</span> <span class='ocrx_word' id='word_1_176' title='bbox 2140 2279 2320 2346; x_wconf 87' lang='lat' dir='ltr'>cuius</span> <span class='ocrx_word' id='word_1_177' title='bbox 2343 2273 2539 2360; x_wconf 80' lang='lat' dir='ltr'>scripta</span> 
     </span>
     <span class='ocr_line' id='line_1_23' title="bbox 519 2368 2536 2459; baseline 0 -25"><span class='ocrx_word' id='word_1_178' title='bbox 519 2370 833 2455; x_wconf 87' lang='lat' dir='ltr'>quaedam</span> <span class='ocrx_word' id='word_1_179' title='bbox 866 2371 1182 2452; x_wconf 86' lang='lat' dir='ltr'>feruntur,</span> <span class='ocrx_word' id='word_1_180' title='bbox 1236 2384 1303 2438; x_wconf 89' lang='lat' dir='ltr'>et</span> <span class='ocrx_word' id='word_1_181' title='bbox 1334 2373 1809 2459; x_wconf 84' lang='lat' dir='ltr'>Thucydidem,</span> <span class='ocrx_word' id='word_1_182' title='bbox 1863 2373 1972 2458; x_wconf 89' lang='lat' dir='ltr'>qui</span> <span class='ocrx_word' id='word_1_183' title='bbox 2003 2396 2136 2440; x_wconf 90' lang='lat' dir='ltr'>non</span> <span class='ocrx_word' id='word_1_184' title='bbox 2173 2368 2536 2439; x_wconf 83' lang='lat' dir='ltr'>nascentibus</span> 
     </span>
     <span class='ocr_line' id='line_1_24' title="bbox 518 2464 2540 2546; baseline 0 -16"><span class='ocrx_word' id='word_1_185' title='bbox 518 2464 825 2544; x_wconf 76' lang='lat' dir='ltr'>Athenis,</span> <span class='ocrx_word' id='word_1_186' title='bbox 883 2464 1000 2530; x_wconf 89' lang='lat' dir='ltr'>sed</span> <span class='ocrx_word' id='word_1_187' title='bbox 1031 2465 1160 2531; x_wconf 89' lang='lat' dir='ltr'>iam</span> <span class='ocrx_word' id='word_1_188' title='bbox 1196 2465 1430 2532; x_wconf 88' lang='lat' dir='ltr'>adultis</span> <span class='ocrx_word' id='word_1_189' title='bbox 1466 2467 1751 2546; x_wconf 81' lang='lat' dir='ltr'>fuerunt,</span> <span class='ocrx_word' id='word_1_190' title='bbox 1795 2467 2006 2546; x_wconf 71' lang='lat' dir='ltr'>littera</span> <span class='ocrx_word' id='word_1_191' title='bbox 2035 2469 2218 2535; x_wconf 87' lang='lat' dir='ltr'>nulla</span> <span class='ocrx_word' id='word_1_192' title='bbox 2249 2479 2367 2544; x_wconf 87' lang='lat' dir='ltr'>est,</span> <span class='ocrx_word' id='word_1_193' title='bbox 2405 2481 2540 2546; x_wconf 77' lang='lat' dir='ltr'>quae</span> 
     </span>
     <span class='ocr_line' id='line_1_25' title="bbox 520 2555 2541 2645; baseline 0 -23"><span class='ocrx_word' id='word_1_194' title='bbox 520 2555 778 2642; x_wconf 84' lang='lat' dir='ltr'>quidem</span> <span class='ocrx_word' id='word_1_195' title='bbox 829 2568 1121 2626; x_wconf 85' lang='lat' dir='ltr'>ornatum</span> <span class='ocrx_word' id='word_1_196' title='bbox 1174 2561 1450 2645; x_wconf 80' lang='lat' dir='ltr'>aliquem</span> <span class='ocrx_word' id='word_1_197' title='bbox 1502 2561 1738 2627; x_wconf 87' lang='lat' dir='ltr'>habeat</span> <span class='ocrx_word' id='word_1_198' title='bbox 1769 2573 1836 2628; x_wconf 85' lang='lat' dir='ltr'>et</span> <span class='ocrx_word' id='word_1_199' title='bbox 1867 2561 2134 2628; x_wconf 84' lang='lat' dir='ltr'>oratoris</span> <span class='ocrx_word' id='word_1_200' title='bbox 2190 2585 2330 2628; x_wconf 89' lang='lat' dir='ltr'>esse</span> <span class='ocrx_word' id='word_1_201' title='bbox 2361 2557 2541 2622; x_wconf 80' lang='lat' dir='ltr'>videa-</span> 
     </span>
     <span class='ocr_line' id='line_1_26' title="bbox 518 2654 2540 2742; baseline -0.001 -25"><span class='ocrx_word' id='word_1_202' title='bbox 518 2663 621 2717; x_wconf 88' lang='lat' dir='ltr'>tur</span> <span class='ocrx_word' id='word_1_203' title='bbox 628 2677 649 2731; x_wconf 83' lang='lat'>3</span> <span class='ocrx_word' id='word_1_204' title='bbox 696 2675 1084 2738; x_wconf 89' lang='lat' dir='ltr'>quamquam</span> <span class='ocrx_word' id='word_1_205' title='bbox 1117 2654 1351 2742; x_wconf 55' lang='lat' dir='ltr'>opinio»</span> <span class='ocrx_word' id='word_1_206' title='bbox 1366 2664 1466 2720; x_wconf 86' lang='lat' dir='ltr'>est</span> <span class='ocrx_word' id='word_1_207' title='bbox 1499 2666 1567 2720; x_wconf 91' lang='lat' dir='ltr'>et</span> <span class='ocrx_word' id='word_1_208' title='bbox 1598 2677 1774 2734; x_wconf 90' lang='lat' dir='ltr'>eum,</span> <span class='ocrx_word' id='word_1_209' title='bbox 1820 2655 1930 2740; x_wconf 91' lang='lat' dir='ltr'>qui</span> <span class='ocrx_word' id='word_1_210' title='bbox 1963 2655 2181 2721; x_wconf 88' lang='lat' dir='ltr'>multis</span> <span class='ocrx_word' id='word_1_211' title='bbox 2219 2654 2390 2720; x_wconf 86' lang='lat' dir='ltr'>annis</span> <span class='ocrx_word' id='word_1_212' title='bbox 2423 2659 2540 2715; x_wconf 82' lang='lat' dir='ltr'>ante</span> 
     </span>
     <span class='ocr_line' id='line_1_27' title="bbox 518 2745 2540 2836; baseline -0.001 -27"><span class='ocrx_word' id='word_1_213' title='bbox 518 2745 637 2813; x_wconf 90' lang='lat' dir='ltr'>hos</span> <span class='ocrx_word' id='word_1_214' title='bbox 674 2746 891 2827; x_wconf 86' lang='lat' dir='ltr'>fuerit,</span> <span class='ocrx_word' id='word_1_215' title='bbox 926 2747 1335 2814; x_wconf 80' lang='lat' dir='ltr'>Pisistratum</span> <span class='ocrx_word' id='word_1_216' title='bbox 1369 2759 1437 2814; x_wconf 85' lang='lat' dir='ltr'>et</span> <span class='ocrx_word' id='word_1_217' title='bbox 1470 2749 1661 2836; x_wconf 88' lang='lat' dir='ltr'>paulo</span> <span class='ocrx_word' id='word_1_218' title='bbox 1699 2749 2012 2816; x_wconf 88' lang='lat' dir='ltr'>seniorem</span> <span class='ocrx_word' id='word_1_219' title='bbox 2047 2751 2242 2816; x_wconf 87' lang='lat' dir='ltr'>etiam</span> <span class='ocrx_word' id='word_1_220' title='bbox 2277 2747 2540 2814; x_wconf 86' lang='lat' dir='ltr'>Solonem</span> 
     </span>
     <span class='ocr_line' id='line_1_28' title="bbox 518 2839 2542 2932; baseline 0.001 -27"><span class='ocrx_word' id='word_1_221' title='bbox 518 2851 865 2926; x_wconf 80' lang='lat' dir='ltr'>posteaque</span> <span class='ocrx_word' id='word_1_222' title='bbox 914 2839 1312 2908; x_wconf 86' lang='lat' dir='ltr'>Clisthenem</span> <span class='ocrx_word' id='word_1_223' title='bbox 1356 2844 1656 2924; x_wconf 90' lang='lat' dir='ltr'>multum,</span> <span class='ocrx_word' id='word_1_224' title='bbox 1709 2857 1783 2912; x_wconf 87' lang='lat' dir='ltr'>ut</span> <span class='ocrx_word' id='word_1_225' title='bbox 1827 2845 2218 2932; x_wconf 79' lang='lat' dir='ltr'>temporibus</span> <span class='ocrx_word' id='word_1_226' title='bbox 2263 2844 2408 2920; x_wconf 86' lang='lat' dir='ltr'>illis,</span> <span class='ocrx_word' id='word_1_227' title='bbox 2453 2861 2542 2902; x_wconf 80' lang='lat' dir='ltr'>va-</span> 
     </span>
     <span class='ocr_line' id='line_1_29' title="bbox 430 2933 2541 3024; baseline 0 -24"><span class='ocrx_word' id='word_1_228' title='bbox 430 2959 488 3000; x_wconf 63' lang='lat' dir='ltr'>es</span> <span class='ocrx_word' id='word_1_229' title='bbox 513 2933 709 3000; x_wconf 81' lang='lat' dir='ltr'>luisse</span> <span class='ocrx_word' id='word_1_230' title='bbox 746 2936 1032 3004; x_wconf 87' lang='lat' dir='ltr'>dicendo.</span> <span class='ocrx_word' id='word_1_231' title='bbox 1120 2948 1269 3024; x_wconf 91' lang='lat' dir='ltr'>post</span> <span class='ocrx_word' id='word_1_232' title='bbox 1302 2937 1469 3004; x_wconf 85' lang='lat' dir='ltr'>hanc</span> <span class='ocrx_word' id='word_1_233' title='bbox 1513 2950 1786 3005; x_wconf 87' lang='lat' dir='ltr'>aetatem</span> <span class='ocrx_word' id='word_1_234' title='bbox 1838 2941 2078 3023; x_wconf 81' lang='lat' dir='ltr'>aliquot</span> <span class='ocrx_word' id='word_1_235' title='bbox 2119 2940 2352 3016; x_wconf 84' lang='lat' dir='ltr'>annis,</span> <span class='ocrx_word' id='word_1_236' title='bbox 2387 2945 2452 3000; x_wconf 87' lang='lat' dir='ltr'>ut</span> <span class='ocrx_word' id='word_1_237' title='bbox 2477 2953 2541 2996; x_wconf 82' lang='lat' dir='ltr'>ex</span> 
     </span>
     <span class='ocr_line' id='line_1_30' title="bbox 513 3026 2539 3122; baseline 0.002 -27"><span class='ocrx_word' id='word_1_238' title='bbox 513 3029 746 3096; x_wconf 85' lang='lat' dir='ltr'>Atticis</span> <span class='ocrx_word' id='word_1_239' title='bbox 798 3032 1224 3099; x_wconf 82' lang='lat' dir='ltr'>monumentis</span> <span class='ocrx_word' id='word_1_240' title='bbox 1285 3045 1502 3119; x_wconf 88' lang='lat' dir='ltr'>potest</span> <span class='ocrx_word' id='word_1_241' title='bbox 1547 3036 1851 3122; x_wconf 88' lang='lat' dir='ltr'>perspici,</span> <span class='ocrx_word' id='word_1_242' title='bbox 1911 3035 2372 3101; x_wconf 87' lang='lat' dir='ltr'>Themistocles</span> <span class='ocrx_word' id='word_1_243' title='bbox 2427 3026 2539 3100; x_wconf 65' lang='lat' dir='ltr'>fuit,</span> 
     </span>
     <span class='ocr_line' id='line_1_31' title="bbox 509 3119 2542 3230; baseline -0.002 -41"><span class='ocrx_word' id='word_1_244' title='bbox 509 3144 699 3208; x_wconf 90' lang='lat' dir='ltr'>quem</span> <span class='ocrx_word' id='word_1_245' title='bbox 727 3137 975 3192; x_wconf 87' lang='lat' dir='ltr'>constat</span> <span class='ocrx_word' id='word_1_246' title='bbox 1001 3148 1144 3192; x_wconf 91' lang='lat' dir='ltr'>cum</span> <span class='ocrx_word' id='word_1_247' title='bbox 1168 3128 1507 3214; x_wconf 88' lang='lat' dir='ltr'>prudentia</span> <span class='ocrx_word' id='word_1_248' title='bbox 1533 3140 1669 3195; x_wconf 89' lang='lat' dir='ltr'>tum</span> <span class='ocrx_word' id='word_1_249' title='bbox 1695 3130 1885 3195; x_wconf 88' lang='lat' dir='ltr'>etiam</span> <span class='ocrx_word' id='word_1_250' title='bbox 1922 3129 2280 3214; x_wconf 84' lang='lat' dir='ltr'>eloquentia</span> <span class='ocrx_word' id='word_1_251' title='bbox 2310 3119 2542 3230; x_wconf 83' lang='lat' dir='ltr'>praesti·</span> 
     </span>
     <span class='ocr_line' id='line_1_32' title="bbox 508 3214 2542 3310; baseline 0.002 -29"><span class='ocrx_word' id='word_1_252' title='bbox 508 3217 692 3299; x_wconf 82' lang='lat' dir='ltr'>tisse3</span> <span class='ocrx_word' id='word_1_253' title='bbox 745 3231 894 3306; x_wconf 85' lang='lat' dir='ltr'>post</span> <span class='ocrx_word' id='word_1_254' title='bbox 925 3220 1239 3300; x_wconf 88' lang='lat' dir='ltr'>Pericles,</span> <span class='ocrx_word' id='word_1_255' title='bbox 1296 3222 1405 3306; x_wconf 90' lang='lat' dir='ltr'>qui</span> <span class='ocrx_word' id='word_1_256' title='bbox 1451 3245 1596 3287; x_wconf 87' lang='lat' dir='ltr'>cum</span> <span class='ocrx_word' id='word_1_257' title='bbox 1646 3223 1899 3290; x_wconf 86' lang='lat' dir='ltr'>floreret</span> <span class='ocrx_word' id='word_1_258' title='bbox 1950 3223 2124 3289; x_wconf 90' lang='lat' dir='ltr'>omni</span> <span class='ocrx_word' id='word_1_259' title='bbox 2185 3242 2410 3310; x_wconf 87' lang='lat' dir='ltr'>genere</span> <span class='ocrx_word' id='word_1_260' title='bbox 2441 3214 2542 3280; x_wconf 58' lang='lat' dir='ltr'>vir*</span> 
     </span>
     <span class='ocr_line' id='line_1_33' title="bbox 508 3310 2540 3396; baseline -0.001 -19"><span class='ocrx_word' id='word_1_261' title='bbox 508 3311 689 3393; x_wconf 84' lang='lat' dir='ltr'>tutis,</span> <span class='ocrx_word' id='word_1_262' title='bbox 742 3314 862 3380; x_wconf 89' lang='lat' dir='ltr'>hac</span> <span class='ocrx_word' id='word_1_263' title='bbox 907 3325 1119 3381; x_wconf 87' lang='lat' dir='ltr'>tamen</span> <span class='ocrx_word' id='word_1_264' title='bbox 1162 3316 1283 3382; x_wconf 84' lang='lat' dir='ltr'>fuit</span> <span class='ocrx_word' id='word_1_265' title='bbox 1316 3317 1505 3382; x_wconf 83' lang='lat' dir='ltr'>laude</span> <span class='ocrx_word' id='word_1_266' title='bbox 1543 3317 1960 3396; x_wconf 84' lang='lat' dir='ltr'>clarissimus3</span> <span class='ocrx_word' id='word_1_267' title='bbox 2022 3315 2332 3384; x_wconf 86' lang='lat' dir='ltr'>Cleonem</span> <span class='ocrx_word' id='word_1_268' title='bbox 2383 3310 2540 3378; x_wconf 85' lang='lat' dir='ltr'>etiam</span> 
     </span>
     <span class='ocr_line' id='line_1_34' title="bbox 507 3367 2544 3496; baseline 0.001 -24"><span class='ocrx_word' id='word_1_269' title='bbox 507 3408 897 3495; x_wconf 87' lang='lat' dir='ltr'>temporibus</span> <span class='ocrx_word' id='word_1_270' title='bbox 950 3407 1076 3476; x_wconf 89' lang='lat' dir='ltr'>illis</span> <span class='ocrx_word' id='word_1_271' title='bbox 1140 3410 1572 3476; x_wconf 86' lang='lat' dir='ltr'>turbulentum</span> <span class='ocrx_word' id='word_1_272' title='bbox 1619 3411 1802 3476; x_wconf 90' lang='lat' dir='ltr'>illum</span> <span class='ocrx_word' id='word_1_273' title='bbox 1853 3367 2111 3496; x_wconf 80' lang='lat' dir='ltr'>quidem</span> <span class='ocrx_word' id='word_1_274' title='bbox 2171 3411 2402 3486; x_wconf 85' lang='lat' dir='ltr'>civem,</span> <span class='ocrx_word' id='word_1_275' title='bbox 2451 3398 2544 3468; x_wconf 73' lang='lat' dir='ltr'>sed</span> 
     </span>
    </p>

    <p class='ocr_par' dir='ltr' id='par_1_7' title="bbox 422 3503 2543 3968">
     <span class='ocr_line' id='line_1_35' title="bbox 422 3503 2540 3590; baseline -0 -25"><span class='ocrx_word' id='word_1_276' title='bbox 422 3525 480 3566; x_wconf 74' lang='lat'>29</span> <span class='ocrx_word' id='word_1_277' title='bbox 506 3512 719 3569; x_wconf 88' lang='lat' dir='ltr'>tamen</span> <span class='ocrx_word' id='word_1_278' title='bbox 769 3503 1171 3588; x_wconf 85' lang='lat' dir='ltr'>eloquentem</span> <span class='ocrx_word' id='word_1_279' title='bbox 1224 3517 1474 3572; x_wconf 88' lang='lat' dir='ltr'>constat</span> <span class='ocrx_word' id='word_1_280' title='bbox 1523 3505 1742 3572; x_wconf 88' lang='lat' dir='ltr'>fuisse.</span> <span class='ocrx_word' id='word_1_281' title='bbox 1839 3506 1988 3572; x_wconf 85' lang='lat' dir='ltr'>huic</span> <span class='ocrx_word' id='word_1_282' title='bbox 2032 3505 2223 3572; x_wconf 87' lang='lat' dir='ltr'>aetati</span> <span class='ocrx_word' id='word_1_283' title='bbox 2267 3516 2540 3590; x_wconf 75' lang='lat' dir='ltr'>suppares</span> 
     </span>
     <span class='ocr_line' id='line_1_36' title="bbox 504 3587 2543 3687; baseline 0 -26"><span class='ocrx_word' id='word_1_284' title='bbox 504 3595 895 3678; x_wconf 79' lang='lat' dir='ltr'>Alcibiades,</span> <span class='ocrx_word' id='word_1_285' title='bbox 926 3596 1183 3678; x_wconf 84' lang='lat' dir='ltr'>Critias,</span> <span class='ocrx_word' id='word_1_286' title='bbox 1213 3599 1676 3680; x_wconf 86' lang='lat' dir='ltr'>Theramenes,</span> <span class='ocrx_word' id='word_1_287' title='bbox 1712 3601 1942 3686; x_wconf 89' lang='lat' dir='ltr'>quibus</span> <span class='ocrx_word' id='word_1_288' title='bbox 1985 3599 2374 3687; x_wconf 85' lang='lat' dir='ltr'>temporibus</span> <span class='ocrx_word' id='word_1_289' title='bbox 2400 3587 2543 3678; x_wconf 77' lang='lat' dir='ltr'>quod</span> 
     </span>
     <span class='ocr_line' id='line_1_37' title="bbox 506 3687 2542 3781; baseline 0 -26"><span class='ocrx_word' id='word_1_290' title='bbox 506 3688 756 3756; x_wconf 87' lang='lat' dir='ltr'>dicendi</span> <span class='ocrx_word' id='word_1_291' title='bbox 808 3715 1011 3779; x_wconf 88' lang='lat' dir='ltr'>genus</span> <span class='ocrx_word' id='word_1_292' title='bbox 1065 3692 1340 3779; x_wconf 84' lang='lat' dir='ltr'>viguerit</span> <span class='ocrx_word' id='word_1_293' title='bbox 1390 3716 1474 3758; x_wconf 83' lang='lat' dir='ltr'>ex</span> <span class='ocrx_word' id='word_1_294' title='bbox 1515 3693 1880 3780; x_wconf 83' lang='lat' dir='ltr'>Thucydidi</span> <span class='ocrx_word' id='word_1_295' title='bbox 1942 3695 2219 3781; x_wconf 88' lang='lat' dir='ltr'>scriptis,</span> <span class='ocrx_word' id='word_1_296' title='bbox 2273 3689 2382 3776; x_wconf 89' lang='lat' dir='ltr'>qui</span> <span class='ocrx_word' id='word_1_297' title='bbox 2426 3687 2542 3772; x_wconf 72' lang='lat' dir='ltr'>ipse</span> 
     </span>
     <span class='ocr_line' id='line_1_38' title="bbox 505 3775 2541 3898; baseline -0.002 -49"><span class='ocrx_word' id='word_1_298' title='bbox 505 3794 641 3850; x_wconf 89' lang='lat' dir='ltr'>tum</span> <span class='ocrx_word' id='word_1_299' title='bbox 674 3784 823 3864; x_wconf 82' lang='lat' dir='ltr'>fuit,</span> <span class='ocrx_word' id='word_1_300' title='bbox 875 3785 1159 3898; x_wconf 75' lang='lat' dir='ltr'>intellegi</span> <span class='ocrx_word' id='word_1_301' title='bbox 1192 3787 1469 3852; x_wconf 82' lang='lat' dir='ltr'>maxime</span> <span class='ocrx_word' id='word_1_302' title='bbox 1501 3799 1743 3875; x_wconf 77' lang='lat' dir='ltr'>potest.</span> <span class='ocrx_word' id='word_1_303' title='bbox 1804 3789 2080 3875; x_wconf 87' lang='lat' dir='ltr'>grandes</span> <span class='ocrx_word' id='word_1_304' title='bbox 2125 3796 2305 3853; x_wconf 85' lang='lat' dir='ltr'>erant</span> <span class='ocrx_word' id='word_1_305' title='bbox 2335 3775 2541 3851; x_wconf 84' lang='lat' dir='ltr'>verbis,</span> 
     </span>
     <span class='ocr_line' id='line_1_39' title="bbox 506 3878 2542 3968; baseline -0.002 -27"><span class='ocrx_word' id='word_1_306' title='bbox 506 3878 709 3942; x_wconf 86' lang='lat' dir='ltr'>crebri</span> <span class='ocrx_word' id='word_1_307' title='bbox 746 3880 1104 3961; x_wconf 85' lang='lat' dir='ltr'>sententiis,</span> <span class='ocrx_word' id='word_1_308' title='bbox 1161 3882 1634 3968; x_wconf 89' lang='lat' dir='ltr'>compressione</span> <span class='ocrx_word' id='word_1_309' title='bbox 1685 3906 1898 3949; x_wconf 89' lang='lat' dir='ltr'>rerum</span> <span class='ocrx_word' id='word_1_310' title='bbox 1946 3884 2176 3949; x_wconf 84' lang='lat' dir='ltr'>breves</span> <span class='ocrx_word' id='word_1_311' title='bbox 2211 3891 2277 3945; x_wconf 86' lang='lat' dir='ltr'>et</span> <span class='ocrx_word' id='word_1_312' title='bbox 2310 3878 2390 3943; x_wconf 92' lang='lat' dir='ltr'>ob</span> <span class='ocrx_word' id='word_1_313' title='bbox 2423 3892 2542 3939; x_wconf 86' lang='lat' dir='ltr'>eam</span> 
     </span>
    </p>

    <p class='ocr_par' dir='ltr' id='par_1_8' title="bbox 436 3965 2542 4155">
     <span class='ocr_line' id='line_1_40' title="bbox 436 3965 2542 4071; baseline 0 -39"><span class='ocrx_word' id='word_1_314' title='bbox 426 3965 713 4071; x_wconf 71' lang='lat' dir='ltr'>801psam</span> <span class='ocrx_word' id='word_1_315' title='bbox 754 3991 1013 4038; x_wconf 88' lang='lat' dir='ltr'>causam</span> <span class='ocrx_word' id='word_1_316' title='bbox 1056 3974 1375 4040; x_wconf 85' lang='lat' dir='ltr'>interdum</span> <span class='ocrx_word' id='word_1_317' title='bbox 1429 3977 1822 4043; x_wconf 88' lang='lat' dir='ltr'>subobscuri.</span> <span class='ocrx_word' id='word_1_318' title='bbox 1921 3978 2039 4043; x_wconf 88' lang='lat' dir='ltr'>sed</span> <span class='ocrx_word' id='word_1_319' title='bbox 2072 3988 2145 4041; x_wconf 86' lang='lat' dir='ltr'>ut</span> <span class='ocrx_word' id='word_1_320' title='bbox 2181 3971 2542 4038; x_wconf 86' lang='lat' dir='ltr'>intellectum</span> 
     </span>
     <span class='ocr_line' id='line_1_41' title="bbox 426 4031 2542 4155; baseline 0.004 -35.372"><span class='ocrx_word' id='word_1_321' title='bbox 426 4031 606 4122; x_wconf 75' lang='lat' dir='ltr'>⁸⁰est</span> <span class='ocrx_word' id='word_1_322' title='bbox 642 4071 941 4141; x_wconf 86' lang='lat' dir='ltr'>quantam</span> <span class='ocrx_word' id='word_1_323' title='bbox 974 4065 1105 4131; x_wconf 88' lang='lat' dir='ltr'>vim</span> <span class='ocrx_word' id='word_1_324' title='bbox 1136 4067 1401 4135; x_wconf 87' lang='lat' dir='ltr'>haberet</span> <span class='ocrx_word' id='word_1_325' title='bbox 1425 4070 1728 4135; x_wconf 71' lang='lat' dir='ltr'>adem-ata</span> <span class='ocrx_word' id='word_1_326' title='bbox 1761 4083 1826 4136; x_wconf 88' lang='lat' dir='ltr'>et</span> <span class='ocrx_word' id='word_1_327' title='bbox 1865 4072 2036 4137; x_wconf 86' lang='lat' dir='ltr'>facta</span> <span class='ocrx_word' id='word_1_328' title='bbox 2071 4067 2344 4155; x_wconf 86' lang='lat' dir='ltr'>quodam</span> <span class='ocrx_word' id='word_1_329' title='bbox 2375 4060 2542 4132; x_wconf 83' lang='lat' dir='ltr'>modo</span> 
     </span>
    </p>
   </div>
  </div>
 </body>
</html>
