2784 4575
707 273 813 330 AD
853 273 1427 331 c..HERENN1UM
1454 274 1565 330 111.
1603 275 1773 332 4-8,
2176 261 2259 330 41

217 401 390 466 adire
442 398 790 486 periculum
839 407 906 462 et
956 396 1301 480 quemlibet
1352 397 1672 482 suscipere
1724 399 2027 464 laborem.
2129 421 2267 466 mo-

217 493 460 560 destiae
491 492 776 578 pat-tibus
811 501 1089 568 utemur,
1144 489 1199 554 si
1232 489 1458 554 nimias
1495 490 1787 556 libidines
1823 490 2108 570 honoris,
2154 514 2265 578 pe-

219 587 461 664 cuniae,
501 585 800 652 similium
831 605 1044 650 rer-um
1073 582 1571 670 vituperabimus
1582 608 1600 662 3
1640 583 1695 648 si
1729 607 1925 649 unam
1949 605 2265 669 quamque

217 679 356 746 rem
389 690 561 745 certo
596 689 860 744 naturae
894 675 1160 743 termino
1196 675 1568 742 definiemus
1580 701 1599 754 ;
1656 677 1738 754 si,
1784 678 1995 761 quoad
2040 678 2265 762 cuique

219 774 372 840 satis
427 774 537 851 sit,
592 771 1027 848 ostendemus3
1080 769 1344 834 nimium
1394 770 1694 856 progredi
1728 770 2235 836 dissuadebimus
2247 795 2265 849 3

217 868 479 934 modum
511 865 624 931 uni
660 865 886 949 cuique
920 863 1014 929 rei
1051 874 1421 931 statuemus.

336 961 554 1026 Huius
605 959 780 1026 modi
827 969 1041 1044 partes
1095 969 1245 1024 sunt
1304 957 1551 1023 virtutis
1563 983 1582 1035 ;
1646 958 2147 1044 amplificandae,
2213 958 2269 1024 si
2301 975 2328 1016 ⁸
2396 1021 2405 1028 .

220 1053 657 1130 suadebimus,
713 1052 1004 1119 omnibus
1049 1050 1260 1118 verbis
1306 1052 1754 1130 attenuandae,
1811 1053 1869 1118 si
1909 1053 1990 1118 ab
2031 1052 2125 1118 eis
2160 1052 2271 1118 de-

220 1147 640 1225 hortabimur‚
701 1159 774 1222 ut
823 1147 982 1212 haec
1045 1156 1472 1224 attenuentur,
1535 1168 1697 1231 quae
1760 1171 1953 1235 supra
2012 1147 2273 1214 demon-

221 1241 436 1308 stravi.
523 1263 675 1306 nam
716 1263 906 1309 nemo
950 1241 1095 1317 erit,
1150 1239 1260 1323 qui
1312 1250 1570 1306 censeat
1612 1263 1651 1306 a
1692 1240 1923 1308 virtute
1974 1241 2273 1307 receden-

219 1333 373 1398 dum
383 1359 402 1411 ;
468 1357 690 1400 verum
743 1346 852 1398 aut
900 1356 1004 1398 res
1052 1355 1184 1398 non
1244 1333 1379 1398 eius
1433 1333 1607 1398 modi
1668 1334 1911 1400 dicatur
1970 1357 2142 1414 esse,
2202 1346 2275 1400 ut

220 1425 520 1491 virtutem
568 1426 888 1512 possimus
947 1425 1270 1510 egregiam
1321 1425 1619 1511 experiri,
1674 1439 1784 1492 aut
1825 1427 1892 1490 in
1944 1427 2271 1494 contrariis

219 1518 432 1604 potius
468 1519 658 1583 rebus
696 1539 887 1601 quam
920 1517 988 1582 in
1023 1517 1114 1582 eis
1151 1517 1350 1582 virtus
1399 1529 1706 1596 constare,
1746 1541 1907 1602 quae
1936 1522 2275 1586 ostendan-

222 1624 324 1677 tur
332 1637 352 1690 3
405 1611 523 1690 ita,
582 1611 637 1676 si
680 1633 806 1694 quo
857 1621 1045 1697 pacto
1086 1609 1467 1696 poterimus,
1521 1631 1712 1693 quam
1762 1612 1849 1689 is,
1903 1612 2012 1695 qui
2056 1625 2277 1678 contra

223 1703 419 1783 dicet,
471 1703 778 1770 iustitiam
831 1703 1112 1782 vocabit,
1165 1727 1282 1770 nos
1329 1703 1900 1770 demonstrabimus
1952 1704 2273 1791 ignaviam

221 1820 368 1864 esse
417 1796 512 1884 [et
560 1796 879 1884 inertiam]
935 1820 1012 1863 ac
1061 1821 1326 1885 pravam
1365 1796 1806 1864 liberalitatem
1813 1823 1831 1876 3
1887 1821 2079 1882 quam
2126 1822 2277 1886 pru-

222 1891 502 1958 dentiam
529 1892 879 1978 appellarit,
913 1892 1194 1979 ineptam
1221 1903 1286 1957 et
1309 1892 1631 1978 garrulam
1665 1904 1729 1958 et
1762 1892 2049 1959 odiosam
2074 1893 2279 1960 scien-

223 1985 378 2052 tiam
413 2007 557 2052 esse
593 1985 907 2063 dicemus;
946 2008 1137 2070 quam
1169 1986 1277 2051 ille
1311 1985 1691 2052 modestiam
1726 1986 1893 2052 dicet
1926 2009 2099 2064 esse,
2136 2009 2278 2054 eam

221 2101 342 2144 nos
383 2079 676 2146 inertiam
719 2090 784 2144 et
829 2079 1204 2146 dissolutam
1252 2080 1725 2166 neglegentiam
1768 2101 1911 2146 esse
1964 2081 2244 2148 dicemus
2256 2106 2275 2159 3

223 2195 416 2258 quam
449 2173 556 2237 ille
590 2172 1026 2239 fortitudinem
1065 2173 1433 2252 nominarit,
1488 2196 1630 2238 eam
1675 2197 1793 2240 nos
1838 2173 2279 2260 gladiatoriam

223 2277 290 2332 et
320 2266 852 2335 inconsideratam
883 2267 1346 2355 appellabimus
1383 2268 1819 2335 temeritatem.

341 2359 701 2427 Laudabile
736 2372 864 2439 est,
912 2362 1084 2445 quod
1119 2362 1370 2427 conficit
1413 2361 1747 2429 honestam
1783 2374 1845 2428 et
1876 2375 2339 2473 praesentem
2310 2362 2347 2416 4

224 2464 291 2520 et
324 2464 818 2539 consequentem
845 2456 1525 2521 commemorationem.
1596 2456 1719 2522 hoc
1741 2478 1883 2523 non
1910 2479 1987 2522 eo
2024 2434 2339 2541 separa-⁷

224 2548 463 2625 vimus,
525 2548 698 2631 quod
747 2558 992 2633 partes,
1055 2571 1218 2633 quae
1281 2549 1676 2614 subiciuntur
1728 2549 1848 2614 sub
1900 2550 2281 2615 vocabulum

223 2641 410 2719 recti,
473 2642 642 2705 hanc
691 2641 1026 2707 honestam
1078 2642 1739 2706 commemorationem
1789 2664 1919 2707 non
1973 2643 2125 2707 dare
2178 2664 2281 2707 so-

223 2735 424 2810 leant,
473 2734 588 2798 sed
623 2733 796 2819 quod
833 2755 978 2799 cum
1013 2756 1095 2798 ex
1127 2744 1301 2799 recto
1343 2734 1661 2801 laudabile
1696 2744 2021 2812 nascatur,
2068 2746 2281 2800 tamen

223 2827 294 2892 in
338 2826 606 2893 dicendo
653 2850 942 2893 seorsum
993 2827 1392 2893 tractandum
1444 2838 1545 2893 est
1594 2826 1717 2893 hoc
1758 2827 1841 2892 ab
1882 2826 2019 2893 illo:
2070 2850 2280 2912 neque

225 2921 397 2987 enim
431 2921 638 2987 solum
669 2921 877 2987 laudis
905 2942 1099 2987 causa
1131 2931 1307 2987 recta
1331 2921 1515 3005 sequi
1550 2920 1863 2999 convenit,
1902 2922 2018 2987 sed
2050 2921 2107 2987 si
2140 2923 2279 2987 laus

227 3015 662 3099 consequitur,
718 3015 1075 3103 duplicatur
1124 3014 1281 3081 recti
1333 3016 1675 3103 appetendi
1726 3016 2039 3083 voluntas.
2138 3037 2284 3082 cum

225 3109 418 3195 igitur
453 3110 573 3174 erit
607 3110 1108 3177 demonstratum
1140 3119 1385 3177 rectum
1422 3133 1594 3189 esse,
1639 3110 1955 3177 laudabile
1993 3133 2135 3177 esse
2172 3111 2282 3177 de-

225 3204 719 3270 monstrabimus
774 3215 884 3270 aut
927 3207 1008 3271 ab
1051 3204 1296 3273 idoneis
1349 3204 1741 3283 hominibus,
1794 3216 1867 3270 ut
1910 3204 1965 3270 si
2006 3228 2135 3289 qua
2176 3227 2279 3269 res

227 3295 574 3363 honestiori
608 3297 813 3363 ordini
846 3298 1124 3384 placeat,
1170 3318 1334 3382 quae
1369 3322 1411 3363 a
1444 3298 1753 3365 deteriore
1782 3298 2019 3369 ,ordine
2050 3298 2285 3386 impro-

227 3389 439 3466 betur;
493 3399 604 3455 aut
638 3390 952 3475 aliquibus
1000 3391 1188 3457 sociis
1235 3402 1347 3455 aut
1381 3392 1674 3457 omnibus
1721 3392 1993 3471 civibus,
2049 3389 2281 3456 exteris

225 3481 588 3547 nationibus
623 3484 1022 3569 posterisque
1057 3484 1312 3551 nostris.

351 3574 522 3641 Cum
555 3575 743 3641 huius
789 3578 964 3643 modi
999 3577 1226 3643 divisio
1263 3577 1347 3643 sit
1381 3577 1667 3645 locorum
1698 3578 1769 3643 in
1802 3575 2279 3653 consultatione,

225 3670 503 3737 breviter
555 3669 898 3757 aperienda
947 3682 1045 3737 est
1091 3671 1284 3737 totius
1329 3670 1619 3738 tractatio
1672 3692 1923 3737 causae.
2011 3668 2285 3735 exordiri

227 3763 442 3829 licebit
475 3764 578 3829 vel
615 3786 654 3829 a
686 3763 994 3851 principio
1030 3764 1133 3829 vel
1169 3765 1250 3831 ab
1283 3764 1709 3837 insinuatione
1748 3762 1907 3851 [vel]
1944 3763 2150 3829 isdem
2182 3785 2286 3827 ra-

229 3856 536 3936 tionibus,
581 3857 812 3943 quibus
855 3857 1216 3923 iudicialem
1260 3879 1539 3925 causam.
1628 3858 1686 3923 si
1720 3857 1899 3923 cuius
1942 3858 2037 3922 rei
2071 3878 2287 3921 narra-

231 3947 320 4013 tio
354 3950 616 4029 incidet,
655 3952 881 4017 eadem
913 3951 1157 4018 ratione
1192 3952 1437 4019 narrari
1474 3951 1804 4039 oportebit.
1888 3950 2185 4035 quoniam
2217 3951 2285 4014 in
2318 3976 2345 4016 s

228 4040 418 4109 huius
451 4046 625 4111 modi
669 4046 878 4113 causis
921 4046 1066 4113 finis
1113 4057 1214 4113 est
1246 4046 1485 4111 utilitas
1533 4056 1597 4113 et
1630 4068 1709 4111 ea
1753 4044 2050 4111 dividitur
2082 4044 2151 4109 in
2180 4068 2286 4109 ra-
