2784 4575
800 293 904 348 DE
941 292 1429 350 INVENTIONE
1464 293 1511 348 Ι.
1548 292 1787 348 20-22,
2206 281 2331 348 115

265 421 444 486 dium
487 417 555 484 in
599 417 756 483 duas
800 415 1000 502 partis
1055 415 1384 494 dividitur,
1438 415 1507 481 in
1538 415 1917 502 principium
1960 427 2025 482 et
2066 418 2133 480 in
2174 416 2329 482 insi-

267 514 650 580 nuationem.
738 510 1120 599 principium
1161 521 1263 576 est
1304 510 1506 577 oratio
1549 511 1890 597 perspicua
1930 522 1995 576 et
2037 512 2324 599 protinus

265 607 606 674 conficiens
653 607 1004 672 auditorem
1054 605 1437 670 benevolum
1490 615 1601 670 aut
1652 605 1922 671 docilem
1966 616 2076 670 aut
2120 616 2324 672 atten-

266 713 396 768 tum
408 726 429 780 ;
480 701 822 766 insinuatio
857 709 958 765 est
991 698 1189 765 oratio
1243 699 1521 782 quadam
1570 697 2072 775 dissimulatione
2108 709 2173 763 et
2205 700 2324 766 cir-

263 795 536 862 cuitione
573 795 846 866 obscura
879 793 1139 859 subiens
1176 793 1481 858 auditoris
1518 793 1819 858 animum.

266 933 272 940 -
381 890 465 956 In
517 887 872 954 admirabili
921 909 1156 975 genere
1210 908 1471 965 causae,
1528 887 1583 951 si
1634 909 1764 952 non
1808 887 2067 955 omnino
2109 889 2325 956 infesti
2365 914 2417 957 ιιι

261 985 584 1052 auditores
621 994 832 1062 erunt,
879 982 1188 1071 principio
1221 981 1733 1049 benevolentiam
1776 1005 2141 1071 comparare
2175 985 2326 1052 lice-

261 1077 384 1155 bit3
441 1077 541 1142 sin
575 1086 762 1142 erunt
794 1076 1202 1142 vehementer
1237 1075 1605 1154 abalienati,
1660 1077 2005 1164 confugere
2056 1100 2321 1145 necesse

262 1171 385 1236 erit
419 1171 503 1235 ad
534 1169 1053 1249 insinuationem,
1107 1193 1258 1236 nam
1293 1170 1374 1236 ab
1418 1170 1597 1236 iratis
1632 1169 1689 1235 si
1721 1171 2056 1258 perspicue
2098 1197 2226 1260 pax
2261 1185 2327 1239 et

261 1264 704 1331 benevolentia
755 1265 1016 1352 petitur,
1079 1287 1208 1330 non
1257 1264 1450 1330 modo
1504 1287 1583 1330 ea
1630 1287 1761 1330 non
1811 1265 2155 1346 invenitur,
2212 1269 2328 1334 sed

263 1369 532 1445 augetur
568 1370 757 1443 atque
792 1359 1218 1424 inflammatur
1263 1358 1500 1424 odium.
1588 1358 1657 1422 in
1690 1358 1913 1425 humili
1956 1373 2170 1428 autem
2212 1385 2325 1451 ge·-

260 1473 413 1516 nere
467 1473 699 1517 causae
753 1451 1238 1538 contemptionis
1293 1452 1610 1518 tollendae
1664 1472 1859 1518 causa
1908 1475 2173 1521 necesse
2226 1468 2326 1522 est

261 1553 572 1610 attentum
607 1545 859 1610 efficere
895 1545 1266 1610 auditorem.
1339 1566 1573 1632 anceps
1609 1567 1813 1632 genus
1852 1568 2079 1613 causae
2118 1549 2178 1615 si,
2209 1551 2326 1614 du-

261 1636 434 1704 biam
467 1636 915 1703 iudicationem
947 1637 1236 1716 habebit,
1286 1639 1368 1703 ab
1402 1638 1551 1724 ipsa·
1575 1637 1957 1704 iudicatione
1994 1643 2326 1708 exordien-

260 1733 417 1799 dum
435 1742 552 1810 est,
591 1731 692 1798 sin
719 1741 932 1797 autem
955 1741 1204 1820 partem
1227 1731 1655 1818 turpitudinis,
1691 1743 1939 1819 partem
1973 1733 2323 1801 honestatis

263 1826 552 1905 habebit,
607 1825 1118 1892 benevolentiam
1169 1836 1429 1913 captare
1481 1825 1823 1914 oportebit,
1877 1837 1952 1892 ut
2000 1827 2069 1894 in
2119 1850 2323 1914 genus

261 1920 601 1986 honestum
637 1942 833 1986 causa
865 1920 1176 1986 translata
1217 1920 1529 1988 videatur.
1617 1942 1763 1986 cum
1808 1931 2023 1988 autem
2057 1923 2176 1988 erit
2209 1921 2325 1989 ho-

259 2025 512 2082 nestum
557 2036 790 2082 causae
842 2037 1076 2102 genus,
1131 2014 1234 2081 vel
1283 2015 1615 2103 praeteriri
1663 2015 2042 2102 principium
2091 2016 2324 2104 poterit

260 2108 392 2188 vel,
449 2109 507 2178 si
557 2108 963 2176 commodum
1014 2109 1233 2188 filerit,
1289 2119 1402 2174 aut
1452 2105 1491 2175 a
1538 2110 1897 2177 narratione
1948 2111 2319 2198 incipiemus

259 2213 370 2267 aut
395 2204 602 2291 alege
640 2215 750 2269 aut
784 2205 866 2270 ab
907 2205 1119 2291 aliqua
1143 2204 1508 2271 firmissima
1531 2205 1775 2272 ratione
1810 2216 2065 2272 nostrae
2102 2206 2327 2284 dictio-⁴
2424 2247 2428 2252 -

257 2296 388 2375 nis3
417 2298 518 2363 sin
543 2299 636 2364 uti
661 2299 970 2387 principio
995 2298 1292 2386 placebit,
1318 2300 1799 2367 benevolentiae
1825 2300 2113 2388 partibus
2138 2313 2323 2367 uten-

259 2393 414 2458 dum
449 2404 576 2471 est,
619 2407 692 2459 ut
734 2394 828 2473 id,
875 2396 1048 2480 quod
1080 2406 1207 2473 est,
1255 2404 1583 2482 augeatur.
1670 2395 1738 2459 in
1774 2396 2045 2462 obscuro
2090 2417 2322 2461 causae
2358 2411 2425 2465 16

217 2506 221 2511 ’
257 2510 491 2574 genere
525 2512 640 2575 per
673 2489 1055 2576 principium
1089 2489 1310 2555 docilis
1342 2489 1661 2556 auditores
1698 2490 1951 2555 efficere
1986 2492 2321 2575 oportebit.

256 2604 428 2648 nunc
463 2582 763 2667 quoniam
799 2606 958 2666 quas
993 2606 1098 2648 res
1135 2582 1394 2649 exordio
1426 2582 1735 2648 conficere
1760 2593 2051 2670 oporteat
2085 2582 2324 2648 dietum

253 2686 386 2753 est,
423 2676 740 2759 reliquum
775 2686 901 2754 est,
934 2686 1010 2740 ut
1043 2676 1435 2754 ostendatur,
1457 2674 1703 2759 'quibus
1740 2696 2029 2760 quaeque
2063 2676 2322 2741 rationi-

259 2769 382 2835 bus
417 2790 523 2833 res
561 2767 786 2833 confici
818 2768 1043 2855 possit.

377 2861 841 2929 Benevolentia
867 2871 1165 2946 quattuor
1201 2883 1284 2927 ex
1315 2860 1473 2927 locis
1500 2870 1928 2948 comparatur:
1966 2861 2047 2927 ab
2082 2871 2317 2939 nostra,
2364 2890 2415 2929 22

256 2956 340 3023 ab
377 2956 912 3034 adversariorum,
949 2956 1032 3023 ab
1066 2954 1348 3021 iudicum
1381 2978 1685 3043 persona,
1724 2979 1763 3021 a
1796 2977 2010 3021 causa.
2090 2955 2172 3020 ab
2206 2978 2323 3021 no-

257 3060 391 3121 stra
421 3073 699 3139 persona
735 3050 790 3116 si
826 3052 906 3116 de
933 3050 1169 3117 nostris
1206 3050 1392 3116 factis
1430 3060 1496 3115 et
1529 3048 1757 3117 officiis
1786 3048 1923 3115 sine
1950 3049 2323 3136 adrogantia

255 3143 591 3225 dicemus,
617 3147 673 3211 si
709 3145 975 3211 crimina
1007 3145 1207 3211 inlata
1241 3156 1306 3211 et
1341 3145 1585 3231 aliquas
1621 3145 1830 3210 minus
1875 3144 2177 3211 honestas
2216 3168 2322 3209 su-
2356 3188 2361 3191 -

255 3238 562 3325 spitiones
615 3239 882 3306 iniectas
937 3238 1252 3306 diluemus
1262 3264 1283 3318 3
1338 3239 1424 3317 si,
1462 3240 1651 3323 ‘quae
1702 3237 2107 3305 incommoda
2158 3238 2323 3303 acci-

256 3330 466 3397 derint
496 3342 610 3418 'aut
644 3355 806 3416 quae
841 3333 1082 3399 instent
1115 3332 1543 3411 difficultates,
1580 3333 2005 3419 proferemus3
2044 3331 2100 3397 si
2133 3354 2322 3419 prece

255 3434 324 3488 et
357 3424 794 3493 obsecratione
835 3427 1059 3492 humili
1103 3450 1178 3493 ac
1223 3426 1496 3514 supplici
1536 3437 1807 3493 utemur.
1898 3426 1979 3491 ab
2024 3426 2322 3491 adversa-

254 3518 497 3585 riorum
531 3529 770 3599 autem,
826 3522 884 3587 si
916 3544 1028 3587 eos
1065 3534 1176 3588 aut
1225 3522 1293 3587 in
1343 3521 1561 3589 odium
1606 3532 1714 3586 aut
1755 3520 1823 3585 in
1864 3520 2171 3585 invidiam
2213 3516 2321 3583 aut

255 3616 328 3680 in
381 3613 914 3700 contemptionem
969 3615 1378 3681 adducemus.
1482 3616 1552 3680 in
1602 3614 1819 3680 odium
1872 3614 2209 3688 ducentur,
2266 3610 2321 3675 si

255 3710 434 3795 quod
467 3730 688 3775 eorum
731 3730 988 3796 spurce,
1043 3711 1346 3797 superbe,
1399 3708 1712 3776 malitiose
1756 3708 1997 3773 factum
2037 3704 2321 3792 profere-

257 3816 389 3883 tur3
423 3804 492 3869 in
525 3804 858 3882 invidiam,
895 3803 954 3869 si
984 3804 1083 3871 vis
1119 3826 1368 3883 eorum,
1404 3804 1717 3891 potentia,
1762 3801 2047 3878 divitiae,
2085 3820 2321 3885 cogna-

257 3898 378 3976 ti0,
428 3898 736 3985 pecuniae
771 3898 1170 3985 proferentur
1215 3909 1406 3983 atque
1442 3920 1662 3964 eorum
1692 3918 1849 3961 usus
1896 3894 2210 3980 adrogans
2255 3902 2321 3959 et

259 3993 701 4073 intolerabilis,
755 4005 830 4060 ut
862 3992 963 4060 his
997 3996 1189 4060 rebus
1233 3992 1441 4081 magis
1478 3992 1810 4059 videantur
1853 4011 2045 4073 quam
2089 4008 2318 4055 causae

260 4110 418 4175 suae
453 4088 768 4157 confidere
778 4114 799 4168 3
851 4088 920 4155 in
953 4088 1490 4177 contemptionem
1533 4085 1953 4162 adducentur,
2007 4084 2062 4150 si
2098 4106 2319 4151 eorum

1901 4190 1933 4241 8
1946 4186 1973 4217 Q
