2784 4575
511 271 639 338 348
1120 275 1196 332 Μ.
1236 273 1511 334 TULLII
1547 269 1950 342 CICERONIS

514 406 703 472 etiam
738 403 861 470 hoc
893 401 1034 468 loco
1068 398 1253 466 nobis
1290 409 1389 464 est
1421 395 1606 485 ipsis,
1645 397 1797 482 quid
1831 417 2028 461 causa
2058 393 2356 484 postulet,
2412 391 2594 459 iudi-

443 501 479 554 7
515 500 804 566 candum.
894 495 974 563 C.
1018 496 1095 560 F.
1131 494 1444 578 reliquum
1479 503 1577 559 est
1601 491 1808 579 igitur,
1838 500 1911 554 ut
1943 489 2120 555 dicas
2149 489 2228 554 de
2263 509 2593 554 conversa

432 573 488 613 ²⁸
516 592 797 661 oratione
827 601 1013 676 atque
1040 598 1301 653 mutata.
1358 585 1440 654 C.
1474 587 1554 652 P.
1592 597 1691 652 est
1724 585 1792 649 id
1817 605 2020 671 genus
2057 593 2260 650 totum
2290 583 2494 648 situm
2521 583 2592 647 in

516 686 1003 755 commutatione
1030 684 1385 760 verborum,
1407 703 1569 766 quae
1589 679 2028 767 simplicibus
2007 701 2076 742 m
2103 676 2313 742 verbis
2339 677 2433 742 ita
2455 689 2592 742 tra-

516 793 737 861 ctatur,
773 792 845 846 ut
872 790 979 845 aut
996 801 1077 844 ex
1094 779 1289 843 verbo
1316 776 1612 842 dilatetur
1645 784 1755 840 aut
1777 774 1846 838 in
1870 773 2136 838 verbum
2169 771 2590 837 contrahatur

513 877 746 944 oratio·
806 897 888 942 ex
936 873 1134 940 verbo
1188 894 1333 937 cum
1384 881 1496 936 aut
1543 867 1870 958 proprium
1921 865 2063 954 [aut
2109 867 2280 932 idem
2334 865 2592 952 signifi-

518 968 701 1058 cans]
740 981 849 1035 aut
872 969 1113 1034 factum
1144 967 1411 1032 verbum
1451 965 1520 1029 in
1543 964 1729 1052 plura
1762 963 1968 1029 verba
2011 984 2165 1048 quae
2187 963 2349 1028 idem
2385 963 2589 1047 siqni-

510 1067 701 1150 ficant
734 1062 1077 1140 diducitur,
1133 1083 1215 1126 ex
1249 1059 1560 1137 oratione,
1615 1079 1762 1124 cum
1795 1067 1907 1122 aut
1946 1055 2225 1124 definitio
2262 1055 2346 1120 ad
2380 1077 2587 1119 unum

517 1160 783 1224 verbum
806 1165 1141 1222 revocatur
1166 1165 1276 1220 aut
1300 1155 1637 1240 adsumpta
1672 1154 1868 1219 verba
1881 1161 2286 1218 removentur
2321 1160 2433 1215 aut
2461 1151 2586 1216 cir-

521 1253 725 1317 cuitus
780 1251 1137 1337 diriguntur
1188 1258 1297 1314 aut
1347 1248 1788 1314 coniunctione
1837 1247 1912 1312 fit
1941 1269 2144 1310 unum
2186 1245 2456 1311 verbum
2503 1267 2584 1311 ex

441 1375 498 1416 24
523 1346 798 1412 duobus.
903 1345 971 1409 in
1030 1342 1377 1410 coniunctis
1442 1352 1654 1408 autem
1717 1339 1926 1407 verbis
1996 1339 2228 1428 triplex
2291 1339 2582 1406 adhiberi

522 1437 927 1506 commutatio
960 1447 1199 1524 potest,
1252 1459 1382 1502 non
1417 1436 1782 1514 verborum,
1819 1435 1936 1500 sed
1968 1445 2214 1500 tantum
2247 1434 2442 1500 modo
2481 1457 2584 1499 or-

522 1533 714 1610 dinis,
750 1541 823 1596 ut
857 1543 1002 1596 cu'm
1038 1530 1235 1596 semel
1270 1531 1508 1596 dictum
1545 1529 1628 1595 sit
1661 1529 1925 1608 directe,
1981 1529 2145 1594 sicut
2177 1539 2406 1593 natura
2437 1529 2585 1616 ipsa

520 1626 761 1705 tulerit,
804 1625 1153 1690 invertatur
1184 1625 1343 1692 ordo
1379 1636 1444 1690 et
1475 1625 1647 1690 idem
1682 1623 1865 1708 quasi
1901 1645 2153 1688 sursum
2187 1645 2446 1688 versum
2479 1645 2584 1688 re-

520 1732 743 1806 troque
796 1720 1067 1798 dicatur,
1131 1719 1358 1784 deinde
1419 1719 1591 1784 idem
1649 1717 1943 1784 intercise
2003 1727 2193 1802 atque
2243 1717 2580 1804 permixte.

522 1815 857 1899 eloquendi
892 1826 1103 1881 autem
1154 1815 1518 1880 exercitatio
1571 1813 1858 1880 maxime
1880 1813 1947 1878 in
1980 1812 2104 1878 hoc
2137 1823 2270 1879 toto
2315 1833 2582 1878 conver-

522 1909 697 1974 tendi
732 1932 965 1996 genere
1000 1919 1307 1974 versatur.

442 2029 495 2070 25
642 2001 721 2070 C.
756 2004 835 2069 F.
871 2003 1064 2068 Actio
1099 2001 1293 2088 igitur
1328 2001 1628 2086 sequitur,
1665 2012 1737 2066 ut
1771 1999 2012 2088 opinor.
2095 1997 2173 2066 O.
2205 1989 2279 2064 P.
2317 2010 2414 2064 est
2445 1999 2580 2064 ita:

524 2118 684 2180 quae
720 2095 976 2179 quidem
1008 2095 1243 2161 oratori
1276 2105 1342 2161 et
1376 2118 1522 2160 cum
1554 2117 1768 2160 rerum
1802 2105 1867 2159 et
1901 2115 2047 2158 cum
2072 2081 2392 2158 verborum
2425 2113 2580 2156 mo-

520 2189 749 2254 mentis
802 2188 1251 2255 commutanda
1299 2190 1574 2255 maxime
1627 2199 1727 2254 est
1734 2214 1754 2267 3
1815 2187 1971 2253 facit
2022 2187 2185 2252 enim
2233 2195 2298 2250 et
2347 2185 2585 2250 diluci-

523 2283 671 2348 dam
726 2282 1076 2349 orationem
1130 2295 1195 2350 et
1244 2282 1578 2351 inlustrem
1631 2293 1696 2349 et
1754 2281 2149 2371 probabilem
2200 2292 2264 2348 et
2313 2302 2582 2347 suavem

520 2398 651 2442 non
701 2376 941 2457 verbis,
996 2378 1113 2445 sed
1165 2380 1469 2445 varietate
1502 2377 1679 2445 vocis
1698 2426 1715 2456 ,
1777 2386 1956 2443 motu
2007 2376 2317 2463 corporis,
2375 2374 2580 2454 voltu,

521 2492 684 2556 quae
735 2471 1075 2559 plurimum
1126 2473 1455 2551 valebunt,
1513 2472 1570 2537 si
1619 2492 1765 2537 cum
1799 2471 2098 2539 orationis
2151 2492 2384 2558 genere
2430 2492 2582 2537 con-

524 2565 798 2631 sentient
832 2578 897 2632 et
938 2566 1073 2635 eius
1118 2567 1249 2633 vim
1285 2589 1362 2633 ac
1397 2566 1765 2633 varietatem
1812 2566 2297 2650 subsequentur.
2387 2564 2466 2631 C.
2501 2566 2581 2630 F.

521 2684 676 2727 num
720 2661 1021 2747 quidnam
1062 2661 1178 2728 tibi
1222 2664 1302 2728 de
1346 2672 1594 2727 oratore
1643 2662 1785 2750 ipso
1837 2670 2036 2727 restat
2089 2659 2298 2725 aliud?
2383 2657 2464 2723 C.
2500 2658 2581 2724 P.

442 2800 497 2840 26
522 2756 679 2821 nihil
713 2778 868 2821 sane
902 2765 1153 2843 praeter
1182 2755 1581 2835 memoriam,
1636 2777 1798 2840 quae
1842 2765 1942 2820 est
1975 2753 2230 2841 gemina
2271 2753 2584 2819 litteratu-

521 2872 631 2915 rae
666 2850 943 2933 quodam
976 2850 1167 2916 modo
1202 2862 1268 2917 et
1298 2851 1368 2915 in
1403 2849 1695 2917 dissimili
1740 2870 1972 2938 genere
2005 2848 2375 2936 persimilis;
2431 2871 2582 2913 nam

522 2954 594 3007 ut
626 2943 737 3008 illa
788 2956 1038 3011 constat
1071 2967 1151 3011 ex
1192 2945 1361 3011 notis
1414 2944 1766 3011 litterarum
1799 2954 1863 3011 et
1908 2966 1988 3009 ex
2023 2966 2127 3024 eo,
2181 2942 2250 3008 in
2284 2966 2411 3029 quo
2463 2942 2583 3007 im-

520 3036 876 3125 primuntur
916 3038 1061 3104 illae
1112 3050 1330 3117 notae,
1397 3037 1490 3105 sic
1534 3038 1844 3106 confectio
1879 3037 2220 3106 memoriae
2255 3048 2582 3122 tamquam

523 3153 669 3195 cera
700 3131 857 3197 locis
893 3133 1087 3198 utitur
1123 3145 1187 3199 et
1219 3134 1287 3197 in
1321 3131 1422 3199 his
1457 3134 1767 3221 imagines
1803 3143 1876 3198 ut
1908 3131 2147 3199 litteras
2185 3132 2493 3198 conlocat.

451 3223 489 3275 8
646 3222 723 3292 C.
758 3226 836 3292 F.
874 3224 1195 3309 Quoniam
1227 3226 1424 3315 igitur
1457 3228 1556 3293 vis
1593 3227 1857 3293 oratoris
1893 3226 2098 3292 omnis
2135 3225 2426 3313 exposita
2461 3236 2578 3303 est,

444 3294 495 3333 ²⁷
522 3317 676 3404 quid
710 3319 907 3387 habes
946 3320 1023 3385 de
1061 3320 1361 3387 orationis
1394 3321 1751 3409 praeceptis
1779 3321 2026 3387 dicere?
2062 3318 2140 3387 O.
2168 3320 2248 3385 P.
2285 3330 2580 3405 quattuor

524 3412 660 3478 eius
696 3413 895 3501 partis
948 3434 1122 3493 esse,
1177 3437 1446 3500 quarum
1497 3415 1704 3505 prima
1756 3425 1821 3482 et
1852 3424 2177 3501 postrema
2211 3414 2294 3478 ad
2336 3423 2581 3479 motum

524 3506 716 3573 animi
777 3506 947 3573 valet
953 3533 973 3586 3
1023 3508 1081 3574 is
1134 3509 1305 3575 enim
1357 3520 1459 3575 est
1508 3509 1702 3575 initiis
1756 3519 1820 3575 et
1869 3506 2372 3595 perorationibus
2427 3528 2583 3573 con-

522 3600 843 3680 citandus3
880 3602 1189 3681 secunda,
1224 3604 1530 3683 narratio,
1585 3615 1649 3670 et
1682 3603 1894 3682 tertia,
1931 3602 2352 3680 confirmatio,
2386 3600 2581 3666 fidem

521 3694 677 3761 facit
726 3696 1015 3767 orationi.
1121 3698 1239 3763 sed
1290 3696 1694 3785 amplificatio
1755 3718 2139 3782 quamquam
2189 3695 2383 3761 habet
2433 3716 2581 3782 pro-

520 3789 729 3876 prium
779 3790 1009 3871 locum,
1057 3814 1249 3880 saepe
1300 3793 1493 3859 etiam
1540 3792 1842 3881 primum,
1894 3802 2288 3880 postremum
2323 3788 2580 3874 quidem

522 3883 657 3949 fere
694 3906 971 3971 semper,
1018 3896 1233 3951 tamen
1264 3886 1509 3971 reliquo
1544 3888 1612 3951 in
1647 3908 1836 3953 cursu
1879 3886 2180 3952 orationis
2219 3883 2582 3950 adhibenda

522 3986 622 4037 est
670 3976 1096 4061 maximeque,
1160 4000 1306 4044 cum
1360 3980 1598 4064 aliquid
1649 3992 1758 4046 aut
1819 3980 2256 4045 confirmatum
2317 3988 2418 4043 est
2467 3985 2582 4040 aut

522 4066 994 4148 reprehensum.
1102 4071 1315 4155 itaque
1371 4073 1453 4137 ad
1513 4073 1704 4139 fidem
1768 4094 2018 4159 quoque
2074 4073 2175 4139 vel
2233 4070 2580 4159 plurimum
