2784 4575
465 225 554 290 84
959 235 1378 294 CORNIFICII
1411 231 2063 292 RHETORICORUM*

459 358 900 436 retinebimus,
954 358 1202 446 imperii
1244 357 1747 444 magnitudinem
1800 356 1953 422 solis
1996 365 2139 421 ortu
2183 367 2372 441 atque
2417 342 2531 424 oc-

465 473 618 518 casu
667 452 1037 520 metiemur?
1145 474 1290 516 cum
1342 451 1810 539 comparatione
1864 461 1973 515 aut
2024 473 2064 514 a
2114 450 2531 520 similitudine

463 558 576 613 aut
607 569 648 612 a
679 547 1070 633 praestantia
1111 545 1455 632 superlatio
1502 545 1789 610 sumitur.
1879 569 1919 610 a
1954 545 2361 612 similitudine
2398 547 2523 613 sict

463 650 754 732 ‘corpore
789 645 1048 710 niveum
1083 643 1450 719 candorem,
1492 651 1755 728 aspectu
1786 640 2048 728 igneum
2084 641 2375 706 ardorem
2408 643 2525 706 ad-

458 738 882 826 sequebatur?
971 761 1011 804 a
1051 737 1441 824 praestantia
1482 736 1605 802 hoc
1638 736 1858 802 modo:
1912 735 2121 800 ‘cuius
2166 757 2275 800 ore
2312 757 2522 802 sermo

457 833 646 900 melle
698 833 944 898 *dulcior
1003 829 1397 917 profluebat!
1506 852 1588 894 ex
1639 829 1864 914 eodem
1925 851 2158 916 genere
2206 839 2311 894 est
2366 828 2520 896 hoc:

461 933 704 992 ‘tannis
741 937 876 991 erat
917 926 986 989 in
1029 925 1220 989 armis
1268 923 1595 1009 splendor,
1646 934 1722 988 ut
1764 923 1916 989 solis
1962 922 2175 1010 fulgor
2210 923 2523 988 obscurus

459 1019 820 1085 videretur!

579 1111 935 1178 Intellectio
972 1121 1098 1188 est,
1136 1131 1284 1174 cum
1315 1131 1422 1174 res
1458 1119 1594 1175 tota
1612 1131 1827 1196 parva
1860 1109 1939 1173 de
1974 1118 2155 1194 parte
2190 1108 2527 1196 cognosci-

457 1215 561 1270 tur
605 1216 716 1268 aut
767 1205 847 1268 de
899 1213 1032 1268 toto
1083 1226 1232 1289 pars
1287 1215 1397 1268 aut
1450 1205 1531 1268 ab
1582 1227 1705 1268 nmo
1748 1205 1941 1289 plura
1992 1215 2101 1268 aut
2150 1225 2191 1266 a
2229 1205 2523 1289 plau-ibus

457 1321 666 1362 unum.
772 1297 852 1362 de
903 1307 1083 1384 parte
1141 1307 1347 1362 totum
1410 1296 1503 1362 sic
1562 1295 1977 1382 intellegitur:
2042 1297 2201 1360 ‘non
2256 1296 2404 1362 illae
2456 1307 2525 1360 te

455 1392 771 1478 nuptiales
809 1391 1001 1457 tibiae
1037 1392 1176 1458 eius
1206 1390 1593 1457 matrimonii
1627 1387 2175 1456 commonebant?
2228 1413 2379 1454 nam
2414 1388 2519 1454 hic

458 1487 664 1551 omnis
703 1486 1116 1553 sanctimonia
1150 1487 1516 1574 nuptiarum
1558 1507 1689 1551 uno
1727 1486 1910 1572 signo
1943 1484 2242 1550 tibiarum
2274 1483 2524 1549 intelle-

455 1580 653 1668 gitur3
709 1583 790 1647 de
833 1593 964 1648 toto
1009 1605 1187 1668 pars,
1240 1594 1312 1647 ut
1357 1581 1414 1646 si
1458 1580 1599 1665 quis
1644 1579 1733 1658 ei,
1786 1579 1896 1664 qui
1938 1580 2239 1645 vestitum
2274 1589 2383 1644 aut
2416 1601 2523 1644 or-

449 1686 678 1742 natum
705 1686 1148 1763 sumptuosum
1175 1685 1469 1752 ostentet,
1506 1674 1704 1739 dicat.
1742 1680 2051 1740 ‘ostentas
2080 1673 2237 1738 mihi
2264 1673 2519 1738 divitias

360 1791 414 1835 45
455 1781 521 1834 et
555 1771 887 1857 locupletis
925 1770 1141 1855 copias
1195 1769 1438 1834 iactas?
1529 1767 1626 1831 ab
1644 1789 1771 1832 uno
1802 1769 1991 1853 plura
2040 1767 2163 1833 hoc
2194 1767 2441 1832 modo
2421 1791 2523 1833 m-

455 1863 862 1949 tellegentur:
921 1865 1170 1928 “Poeno
1214 1862 1336 1926 fuit
1367 1862 1701 1946 Hispanus
1748 1862 2010 1939 auxilio,
2068 1861 2189 1926 fuit
2221 1861 2518 1926 immanis

454 1956 561 2020 ille
599 1955 1082 2041 Transalpinus,
1117 1955 1186 2017 in
1213 1954 1411 2018 ‘Italia
1440 1975 1693 2038 quoque
1726 1953 1857 2019 noti
1890 1977 2077 2021 nemo
2114 1956 2313 2021 sensit
2344 1955 2516 2020 idem

456 2049 755 2133 togatus.'
829 2069 885 2112 ,a
908 2049 1204 2134 *pluribus
1249 2069 1449 2113 unum
1485 2049 1577 2114 sic
1618 2049 2045 2136 intellegetur:
2101 2057 2313 2116 ‘atrox
2348 2051 2519 2115 cala·

455 2140 644 2206 mitas
679 2152 942 2226 pectora
973 2157 1257 2208 maerore
1291 2142 1618 2229 pulsabat3
1662 2143 1877 2227 itaque
1914 2143 2217 2208 anhelans
2254 2166 2335 2208 ex
2368 2143 2516 2210 imis

451 2235 856 2323 pulmonibus
898 2257 1053 2322 >prae
1097 2257 1249 2301 cura
1301 2235 1592 2325 spiritum
1616 2236 1944 2303 ducebat?
2030 2261 2180 2302 nam
2212 2237 2280 2303 in
2324 2259 2516 2325 supe-

450 2330 616 2395 riore
676 2330 890 2416 plures
942 2330 1222 2416 Hispani
1274 2343 1339 2396 et
1393 2330 1563 2397 Galli
1619 2343 1683 2397 et
1742 2331 1973 2418 togati,
2032 2342 2100 2396 et
2150 2332 2257 2396 hic
2312 2353 2514 2397 unum

449 2434 674 2511 pectus
711 2434 776 2488 et
807 2446 974 2487 unus
1009 2424 1228 2509 pulmo
1263 2425 1675 2512 intellegitur,
1732 2435 1799 2490 et
1820 2425 1952 2489 erit
1984 2424 2112 2489 illic
2148 2426 2512 2492 deminutus

451 2536 750 2583 numerus
786 2516 1178 2596 festivitatis,
1213 2518 1318 2582 hic
1351 2520 1658 2585 adauctus
1694 2518 2025 2605 gravitatis
2062 2519 2284 2604 gratia.

568 2612 822 2678 Abusio
859 2621 985 2689 est,
1041 2634 1203 2695 quae
1229 2614 1436 2678 verbo
1473 2612 1659 2677 simili
1694 2622 1761 2677 et
1781 2612 2148 2698 propinquo
2182 2636 2299 2700 pro
2336 2624 2515 2679 certo

450 2716 516 2771 et
551 2706 820 2792 proprio
875 2705 1179 2784 abutitur,
1245 2706 1370 2771 hoc
1418 2706 1639 2772 modo:
1707 2706 1901 2771 ‘vires
1955 2706 2227 2771 hominis
2278 2707 2505 2773 breves

452 2798 646 2875 sunt3’
685 2809 821 2863 aut:
863 2805 1090 2885 ‘parva
1125 2799 1427 2877 stauira3'
1467 2809 1604 2864 aut:
1642 2799 1934 2886 ‘longum
1966 2800 2034 2864 in
2070 2799 2323 2865 homine
2358 2822 2511 2865 con-

453 2889 662 2955 silium
672 2890 719 2968 ;'
776 2901 912 2954 aut:
969 2893 1198 2957 ‘oratio
1233 2892 1527 2979 magna3'
1582 2903 1717 2957 aut:
1774 2893 1898 2957 ‘uti
1931 2915 2137 2979 pauco
2174 2894 2507 2959 sermone.'

448 3004 600 3046 nam
634 2982 740 3046 hic
771 2983 958 3047 facile
1004 2994 1105 3047 est
1145 2984 1471 3051 intellectu
1520 2986 1787 3051 finitima
1828 2988 2027 3053 verba
2066 3010 2278 3051 rerum
2321 2987 2513 3053 dissi·-

447 3074 694 3139 milium
725 3075 968 3141 ratione
1005 3077 1329 3144 abusionis
1365 3100 1510 3145 esse
1546 3080 1853 3145 traducta.

345 3180 417 3235 34
569 3166 932 3233 Translatio
977 3180 1104 3247 est,
1159 3188 1307 3237 oum
1338 3174 1606 3238 verbum
1646 3172 1715 3236 in
1750 3172 2068 3256 quandam
2111 3196 2247 3239 rem
2300 3183 2513 3238 trans-

449 3260 648 3325 fertur
683 3280 765 3325 ex
799 3261 922 3327 alia
953 3286 1050 3341 re,
1106 3266 1280 3347 quod
1309 3275 1583 3352 propter⁴
1616 3265 2091 3331 similitudinem
2122 3278 2294 3331 recte
2328 3267 2507 3333 vide-

448 3352 618 3419 bitur
649 3376 841 3441 posse
876 3356 1222 3422 transferri.
1312 3381 1390 3423 ea
1426 3358 1656 3432 utimur
1700 3358 1791 3423 rei
1828 3369 1973 3425 ante
2011 3361 2226 3425 oculos
2260 3382 2510 3448 ponen-

447 3448 568 3515 dae
605 3470 818 3527 causa,
857 3450 976 3516 sic:
1015 3457 1035 3487 ‘
1047 3451 1150 3515 hic
1176 3452 1429 3517 Italiam
1463 3452 1768 3517 tumultus
1805 3454 2233 3541 expergefecit
2268 3466 2511 3521 terrore-

451 3542 686 3623 subit03
700 3544 716 3571 '
760 3544 1088 3609 brevitatis
1125 3566 1347 3623 causa,
1386 3546 1507 3610 sic·
1556 3552 1805 3611 ‘recens
1840 3546 2151 3613 adventus
2189 3548 2502 3613 exercitus

448 3637 751 3702 exstinxit
785 3638 994 3705 subito
1047 3638 1425 3716 civitatem?
1479 3640 1885 3706 obscenitatis
1936 3642 2233 3707 vitandae
2284 3660 2499 3718 causa,

451 3730 570 3795 sic.
627 3732 833 3795 ‘cuius
877 3742 1078 3795 mater
1113 3731 1443 3796 cotidianis
1495 3734 1731 3819 nuptiis
1769 3734 2170 3811 delectatur?
2224 3733 2499 3818 augendi

451 3844 673 3902 causa,
713 3824 833 3888 sic:
883 3824 1144 3889 ‘nullius
1179 3825 1477 3891 universe
1513 3828 1835 3893 calamitas
1870 3829 2054 3893 istius
2090 3824 2399 3912 explere
2380 3826 2500 3891 mi-

445 3915 713 3981 micitias
767 3928 831 3981 et
881 3917 1188 3981 nefariam
1239 3918 1675 3986 crudelitatem
1728 3932 2008 3987 saturare
2058 3920 2318 4006 potuit3'
2382 3920 2505 3985 mi-

442 4011 682 4075 nuendi
733 4032 954 4089 causa,
1009 4010 1130 4076 sic:
1186 4016 1448 4098 ‘magno
1494 4038 1563 4080 se
1614 4016 1935 4103 praedicat
1989 4014 2223 4081 auxilio
2275 4016 2504 4095 fuisse,
