2784 4575
21 3683 27 3728 ”“
21 3201 40 3636 Ὗ-ᾑὟ-““·““’”“’”’“’
21 3147 24 3152 ”
21 3097 23 3112 ”
21 3039 24 3054 ““
21 2929 24 3004 ’”’““’
21 2799 24 2906 “““’””“

820 290 925 343 DE
963 286 1328 344 ORATORE
1364 288 1440 343 ΙΙ.
1475 288 1782 345 285-292.
2208 276 2334 343 125

266 414 511 481 ratione
564 422 630 479 et
680 412 744 477 vi
796 410 1223 489 continentur,
1286 422 1460 477 certa
1508 411 1642 477 fere
1708 432 1785 476 ac
1837 412 2096 479 definita
2149 424 2296 479 sunt
2308 439 2328 492 3

268 530 433 593 quae
466 508 867 595 plerumque,
903 516 976 571 ut
1012 515 1159 571 an‘te
1194 504 1353 584 dixi,
1390 504 1638 570 laudari
1669 505 1876 591 magis
1913 528 2108 591 quam
2137 506 2331 574 rideri

268 603 505 681 solent3
561 602 719 667 haec
770 610 1010 677 autem,
1066 622 1228 685 quae
1264 610 1414 666 sunt
1455 600 1523 664 in
1571 622 1642 665 re
1685 610 1752 665 et
1798 600 1942 687 ipsa
1995 600 2326 679 sententia,
2364 630 2444 671 2oe

268 696 553 783 partibus
592 706 741 761 sunt
772 694 1283 772 innumerabilia,
1336 694 1678 782 generibus
1712 714 1920 780 pauca
1925 720 1948 773 3
2001 705 2333 781 exspecta-

273 789 551 856 tionibus
596 788 767 855 enim
820 787 1211 875 decipiendis
1254 798 1321 856 et
1364 788 1608 854 naturis
1663 788 1930 853 aliorum
1979 788 2329 855 inridendis

272 882 587 971 [ipsorum
634 882 899 949 ridicule
949 881 1304 948 indicandis
1342 882 1436 970 et]
1476 882 1884 947 similitudine
1937 882 2232 969 turpioris
2269 894 2334 948 et

184 984 192 993 '
270 978 772 1043 dissimulatione
809 987 873 1043 et
908 977 1307 1042 subabsurda
1343 976 1612 1043 dicendo
1649 986 1714 1041 et
1749 977 1944 1041 stulta
1990 977 2332 1063 reprehen-

272 1071 479 1137 dendo
540 1072 709 1137 risus
769 1082 1133 1150 moventur,
1195 1071 1410 1157 itaque
1470 1070 1850 1137 imbuendus
1913 1082 2012 1137 est
2071 1070 2158 1147 is,
2221 1070 2332 1154 qui

270 1166 485 1231 iocose
522 1164 695 1231 volet
749 1165 988 1243 dicere,
1044 1163 1229 1249 quasi
1270 1174 1500 1231 natura
1551 1166 1828 1250 quadam
1871 1175 2022 1251 apta
2055 1166 2138 1229 ad
2172 1163 2332 1229 haec

266 1281 509 1346 genera
542 1256 609 1324 et
640 1258 954 1337 moribus,
1008 1268 1082 1323 ut
1113 1259 1199 1323 ad
1242 1258 1550 1343 cuiusque
1601 1258 1778 1324 modi
1828 1281 2032 1345 genus
2083 1257 2333 1323 ridiculi

269 1354 479 1419 voltus
536 1354 729 1420 etiam
792 1352 1309 1420 adcommodetur
1320 1379 1341 1433 3
1405 1354 1516 1437 qui
1567 1353 1824 1438 quidem
1875 1376 2000 1438 quo
2054 1352 2334 1419 severior

273 1458 373 1513 est
406 1458 471 1514 et
506 1448 770 1528 tristior,
826 1459 900 1513 ut
932 1448 1000 1512 in
1035 1459 1127 1527 te‘,
1172 1445 1440 1526 Crasse,
1479 1448 1603 1515 hoc
1635 1448 1772 1526 illa,
1819 1470 1982 1533 quae
2018 1448 2330 1527 dicuntur,

268 1541 539 1608 salsiora
572 1543 773 1607 videri
808 1542 1034 1608 solent.
1124 1542 1241 1607 sed
1283 1542 1414 1607 iam
1447 1553 1546 1620 tu,
1598 1542 1872 1622 Antoni,
1925 1542 2035 1628 qui
2075 1542 2200 1610 hoc
2236 1543 2332 1607 di·-
2363 1566 2444 1607 290

269 1634 553 1700 versor-io
580 1636 889 1702 sermonis
918 1635 1045 1701 mei
1071 1636 1343 1702 libenter
1370 1637 1806 1720 acquieturum
1833 1647 1896 1703 te
1925 1658 2068 1703 esse
2095 1636 2330 1714 dixisti,

271 1740 597 1814 tamquam
630 1730 699 1795 in
730 1730 1146 1817 Pomptinum
1182 1730 1546 1808 diverteris,
1603 1753 1812 1816 neque
1849 1752 2188 1797 amoenum
2220 1752 2336 1794 ne-

271 1846 393 1907 que
441 1823 762 1889 salubrem
803 1825 1043 1904 locum,
1096 1846 1357 1903 censeo,
1411 1834 1486 1889 ut
1537 1825 1694 1889 satis
1739 1824 1852 1890 diu
1903 1835 1966 1890 te
2008 1833 2196 1911 putes
2230 1846 2333 1889 re-

268 1916 521 2001 quiesse
558 1928 621 1982 et
656 1918 775 1984 iter
807 1919 1121 2004 reliquum
1157 1919 1466 1985 conficere
1499 1918 1773 2006 pergas?

391 2011 563 2099 ‘Ego
585 2034 753 2091 vere,
776 2022 965 2097 atque
983 2012 1183 2079 hilare
1209 2013 1466 2097 quidem
1485 2036 1524 2078 a
1549 2024 1612 2079 te
1640 2014 1980 2099 acceptus,'
2007 2013 2212 2097 inquit
2239 2018 2334 2077 ‘et

266 2127 413 2169 eum
440 2106 681 2173 doctior
697 2128 813 2193 per
840 2117 923 2185 te,
952 2118 1087 2173 tum
1105 2106 1296 2173 etiam
1323 2107 1622 2172 audacior
1648 2107 1854 2173 factus
1873 2106 2002 2171 iam
2017 2108 2104 2171 ad
2118 2107 2334 2172 iocan-

267 2200 421 2263 dum
429 2225 448 2277 3
485 2223 614 2266 non
643 2201 813 2266 enim
841 2223 1061 2267 vereor
1096 2224 1177 2267 ne
1214 2202 1353 2285 quis
1383 2223 1486 2266 me
1523 2200 1593 2265 in
1617 2202 1742 2267 isto
1769 2223 2003 2289 genere
2029 2201 2335 2267 leviorem

267 2291 396 2358 iam
428 2304 627 2380 putet,
664 2295 963 2379 quoniam
998 2296 1254 2380 quidem
1287 2305 1358 2360 tu
1382 2295 1712 2362 Fabricios
1749 2297 1905 2361 mihi
1939 2307 2228 2365 auctores
2267 2307 2330 2362 et

268 2386 640 2464 Africanos,
691 2389 1046 2466 Maximos,
1094 2388 1408 2467 Catones,
1464 2389 1752 2476 Lepidos
1785 2389 2123 2477 protulisti.
2213 2391 2330 2454 sed
2364 2413 2442 2452 291

268 2479 515 2546 habetis
554 2503 658 2557 ea,
704 2503 865 2564 quae
902 2482 1090 2546 voltis
1128 2504 1211 2547 ex
1245 2505 1347 2548 me
1386 2481 1634 2558 audire,
1690 2483 1770 2548 de
1809 2483 2036 2565 quibus
2073 2482 2332 2565 quidem

270 2573 631 2640 adcuratius
688 2573 1026 2640 dicendum
1061 2586 1125 2640 et
1159 2575 1570 2661 cogitandum
1603 2574 1724 2639 fuit
1731 2600 1752 2652 ;
1805 2599 1958 2641 nam
1991 2585 2202 2640 cetera
2233 2575 2332 2639 fas

266 2667 487 2734 ciliora
522 2677 671 2732 sunt
704 2678 893 2751 atque
928 2690 1009 2734 ex
1037 2668 1150 2745 eis,
1188 2689 1350 2750 quae
1379 2668 1548 2733 dicta
1576 2677 1744 2745 sunt,
1779 2668 2024 2753 reliqua
2056 2689 2332 2734 nascun-

269 2773 373 2826 tur
426 2761 655 2826 omnia.
746 2783 868 2848 ego
921 2761 1091 2826 enim
1144 2783 1290 2827 cum
1344 2762 1428 2826 ad
1481 2782 1743 2828 causam
1796 2783 1939 2826 sum
1983 2762 2328 2848 adgressus
2366 2774 2436 2828 72

268 2867 459 2940 atque
496 2854 709 2920 omnia
744 2855 1111 2942 cogitando,
1166 2856 1377 2940 quoad
1413 2856 1623 2922 facere
1675 2855 1881 2942 potui,
1934 2867 2328 2941 persecutus,

268 2973 417 3014 cum
451 2961 517 3015 et
550 2961 925 3037 argumenta
959 2972 1191 3016 causae
1228 2961 1292 3014 et
1328 2973 1440 3017 eos
1475 2948 1683 3028 locos,
1737 2950 1968 3034 quibus
2006 2949 2201 3016 animi
2234 2951 2332 3015 iu-

269 3045 483 3110 dicum
540 3045 983 3124 conciliantur,
1039 3056 1105 3110 et
1153 3046 1327 3124 illos,
1382 3045 1615 3130 quibus
1668 3055 2147 3131 permoventur,
2200 3045 2334 3109 vidi

269 3149 461 3224 atque
512 3139 817 3226 cognovi,
870 3150 1007 3204 tum
1058 3139 1373 3207 constituo
1413 3139 1567 3224 quid
1616 3139 1850 3206 habeat
1893 3161 2088 3206 causa
2139 3159 2334 3224 quae-

268 3255 393 3318 que
426 3235 598 3312 boni,
634 3235 789 3320 quid
820 3235 972 3300 mali
980 3261 999 3314 3
1036 3235 1211 3302 nulla
1236 3235 1406 3302 enim
1441 3234 1574 3300 fere
1599 3244 1812 3320 potest
1834 3257 1938 3300 res
1971 3233 2044 3298 in
2075 3232 2330 3300 dicendi

268 3329 793 3413 disceptationem
828 3340 939 3394 aut
991 3330 1492 3396 controversiam
1545 3328 1789 3408 vocari,
1844 3350 2006 3413 quae
2049 3351 2180 3394 non
2214 3327 2330 3391 ha·-

270 3421 421 3488 beat
467 3431 835 3505 utrumque,
896 3423 1041 3501 sed,
1106 3435 1416 3510 quantum
1465 3423 1724 3500 habeat,
1786 3423 1855 3488 id
1902 3423 2100 3488 refert
2107 3447 2126 3501 3
2189 3443 2334 3490 mea
2366 3447 2446 3488 292

272 3523 485 3579 autem
536 3514 699 3578 ratio
753 3514 913 3580 haec
966 3538 1109 3582 esse
1162 3517 1230 3580 in
1266 3516 1534 3582 dicendo
1571 3517 1761 3594 solet,
1814 3526 1912 3595 ut,
1965 3514 2119 3581 boni
2162 3515 2334 3599 quod

270 3607 533 3686 habeat,
586 3606 655 3672 id
690 3607 1060 3694 amplectar,
1116 3605 1445 3688 exornem,
1483 3633 1892 3696 exaggerem,
1928 3609 2020 3675 ibi
2053 3631 2332 3676 commo-

268 3724 401 3781 rer,
454 3700 544 3766 ibi
598 3700 907 3780 habitem,
961 3701 1053 3767 ibi
1103 3703 1429 3782 haeream3
1485 3727 1526 3770 a
1564 3705 1736 3770 malo
1787 3715 1999 3770 autem
2050 3703 2330 3787 vitioque

270 3817 505 3862 causae
540 3796 631 3861 ita
661 3797 988 3875 recedam,
1040 3819 1170 3862 non
1205 3809 1278 3862 ut
1309 3797 1378 3864 id
1411 3822 1514 3864 me
1559 3799 1784 3886 fugere
1827 3807 2159 3885 appareat,
2215 3797 2332 3863 sed

272 3900 346 3954 ut
397 3899 599 3955 totum
652 3891 822 3958 bono
881 3891 993 3958 illo
1052 3893 1338 3959 ornando
1390 3903 1459 3962 et
1509 3893 1804 3980 augendo
1865 3891 2331 3958 dissimulatum

272 3981 605 4063 obruatur3
670 3996 762 4063 et,
826 3984 883 4051 si
943 4007 1139 4052 causa
1198 3998 1302 4053 est
1355 3985 1426 4052 in
1486 3985 1904 4074 argumentis,
1961 3985 2330 4058 firmissima

272 4097 561 4162 quaeque
622 4079 895 4150 maxime
957 4091 1167 4163 tueor,
1230 4081 1366 4149 sive
1427 4078 1614 4168 plura
1673 4090 1821 4147 sunt
1873 4080 2008 4146 sive
2071 4079 2331 4166 aliquod
