2784 4575
760 250 870 306 AD
909 250 969 307 0.
1006 251 1473 309 HERENNIUM
1508 252 1581 305 11.
1620 253 1789 307 6—9.
2224 239 2308 305 17

252 376 360 451 sit,
419 394 689 459 quocum
733 374 909 439 visus
957 374 1066 450 sit,
1123 396 1278 438 num
1322 374 1475 457 quid
1518 374 1863 460 appararit,
1916 398 2073 441 num
2114 398 2305 462 quem

253 468 634 545 convenerit,
670 490 826 531 ,1111111
863 468 1014 549 quid
1052 466 1298 544 dixerit,
1335 489 1490 531 num
1526 468 1678 551 quid
1712 468 2004 534 habuerit
2040 472 2119 536 de
2156 493 2305 541 con-

253 563 426 639 sciis,
481 562 560 627 de
596 561 986 627 adiutoribus
1037 558 1147 645 [de
1184 559 1625 647 adiumentis];
1679 581 1833 627 num
1884 583 2011 647 quo
2053 565 2121 631 in
2164 564 2303 631 1000

248 666 498 743 praeter
533 655 1054 721 consuetudinem
1099 655 1290 719 fuerit
1325 667 1435 720 aut
1470 656 1675 721 alieno
1718 668 2020 741 tempore.
2107 660 2176 723 in
2208 661 2306 723 in·-

252 750 443 815 stanti
487 761 770 835 tempore
815 760 1180 833 quaeretur,
1235 772 1392 814 num
1433 750 1610 815 visus
1656 750 1766 829 sit,
1822 770 1969 816 cum
2009 752 2303 831 faciebat,

249 868 402 909 num
446 845 556 928 qui
601 844 930 931 strepitus,
983 844 1254 921 clamor,
1309 844 1586 931 crepitus
1640 845 1975 911 exauditus
2030 846 2143 923 sit,
2197 858 2307 911 aut

251 940 522 1023 denique
565 960 722 1003 num
764 938 917 1021 quid
962 937 1172 1023 aliquo
1227 960 1423 1003 sensu
1472 950 1841 1025 perceptum
1888 940 1971 1005 sit
2022 952 2303 1027 aspectu,

253 1034 498 1111 auditu,
536 1042 736 1108 tactu,
783 1032 1006 1109 odore,
1053 1042 1342 1117 gustatu3
1386 1056 1537 1097 nam
1572 1033 1779 1116 quivis
1816 1033 2042 1099 horum
2078 1057 2303 1099 sensus

251 1136 462 1212 potest
521 1126 794 1191 conflare
867 1125 1300 1212 suspitionem.
1414 1128 1483 1190 in
1544 1128 1956 1211 consequenti
2024 1140 2307 1217 tempore

253 1219 667 1305 spectabitur,
703 1242 858 1284 num
893 1220 1047 1303 quid
1077 1242 1148 1285 re
1183 1230 1506 1293 transacta
1536 1221 1825 1287 relictum
1860 1221 1970 1300 sit,
2009 1222 2185 1306 quod
2212 1222 2309 1286 in-

253 1313 418 1379 dicet
453 1323 566 1379 aut
597 1314 840 1380 factum
875 1336 1018 1380 esse
1061 1314 1472 1393 maleficium,
1527 1327 1634 1380 aut
1679 1340 1717 1381 a
1752 1335 1877 1399 quo
1920 1317 2163 1383 factum
2206 1318 2307 1385 sit.

251 1407 492 1473 factum
526 1430 672 1473 esse
708 1408 832 1473 hoc
864 1408 1084 1473 modo:
1123 1408 1180 1473 si
1214 1418 1461 1475 tumore
1485 1413 1839 1495 praeditum
1866 1421 1932 1476 et
1963 1412 2163 1477 livore
2198 1412 2309 1477 de·-

253 1500 601 1565 coloratum
635 1520 865 1587 corpus
920 1512 1020 1565 est
1061 1502 1320 1578 mortui,
1360 1502 1677 1587 significat
1736 1524 1883 1567 eum
1915 1524 2165 1572 veneno
2196 1528 2312 1571 ne-

253 1604 482 1659 catum.
555 1617 596 1659 a
621 1616 747 1677 quo
775 1595 1016 1659 factum
1046 1594 1149 1671 sit,
1175 1594 1297 1659 hoc
1322 1596 1543 1661 modo:
1576 1596 1631 1661 si
1647 1595 1866 1673 telum,
1896 1598 1953 1661 si
1968 1601 2312 1665 vestimen-

256 1699 408 1765 tum,
447 1687 503 1751 si
531 1687 684 1771 quid
711 1686 846 1752 eius
872 1686 1045 1752 modi
1071 1686 1358 1751 relictum
1387 1700 1499 1753 aut
1527 1688 1583 1753 si
1615 1690 1957 1777 vestigium
1990 1703 2311 1777 repertum

255 1784 363 1861 sit,
411 1783 466 1848 si
511 1804 694 1848 cruor
728 1782 795 1847 in
836 1782 1262 1861 vestimentis,
1309 1784 1364 1847 si
1398 1784 1468 1849 in
1502 1806 1579 1850 eo
1621 1785 1769 1850 loco
1816 1786 2308 1872 comprehensus

255 1889 362 1942 aut
395 1878 572 1943 visus
611 1887 926 1942 transacto
961 1877 1240 1964 negotio,
1277 1898 1403 1961 quo
1437 1879 1507 1943 in
1538 1878 1679 1944 loco
1712 1902 1815 1945 res
1846 1892 2029 1966 gesta
2064 1879 2310 1945 dicitur.

375 1970 762 2037 Consecutio
807 1981 934 2048 est,
993 1992 1138 2035 cum
1185 1972 1532 2055 quaeritur,
1588 1994 1754 2057 quae
1799 1974 1983 2061 signa
2023 1974 2309 2039 nocentis

254 2078 318 2132 et
357 2065 712 2131 innocentis
759 2065 1064 2149 consequi
1119 2066 1383 2131 soleant.
1475 2078 1803 2133 accusator
1848 2069 2041 2147 dicet,
2100 2068 2155 2133 si
2196 2092 2311 2154 po-

251 2161 422 2237 terit,
473 2159 934 2237 adversarium,
991 2182 1137 2225 cum
1171 2161 1256 2225 ad
1289 2184 1437 2225 eum
1480 2172 1741 2227 ventum
1794 2162 1903 2239 sit,
1960 2162 2309 2239 erubuisse,

253 2254 664 2341 expalluisse,
719 2254 1056 2332 titubasse,
1119 2254 1549 2322 inconstanter
1600 2256 1882 2324 locutum
1936 2280 2106 2335 esse,
2162 2278 2311 2322 con·
2360 2291 2368 2296 ·

253 2350 512 2426 cidisse,
565 2348 918 2435 pollicitum
954 2371 1098 2414 esse
1145 2349 1411 2434 aliquid:
1467 2373 1629 2435 quae
1668 2351 1853 2437 signa
1886 2351 2311 2416 conscientiae

254 2444 380 2510 sint
389 2468 406 2521 3
464 2443 519 2508 si
567 2465 716 2507 reus
769 2443 995 2508 horum
1047 2442 1204 2506 nihil
1257 2445 1507 2522 fecerit,
1562 2455 1892 2510 accusator
1946 2444 2113 2509 dicet
2165 2467 2312 2510 eum

252 2559 455 2621 usque
511 2537 669 2601 adeo
721 2537 1254 2622 praemeditatum
1305 2537 1535 2614 fuisse,
1592 2539 1747 2620 quid
1798 2539 1918 2606 sibi
1972 2549 2145 2602 esset
2188 2561 2312 2602 usu

254 2641 610 2706 venturum,
640 2642 712 2692 ut
739 2630 1274 2695 confidentissime
1299 2631 1645 2707 resisteret,
1672 2632 2111 2716 responderet:
2150 2653 2311 2714 quae

257 2724 444 2808 signa
493 2722 938 2798 confidentiae,
993 2745 1123 2786 non
1173 2722 1571 2788 innocentiae
1626 2724 1769 2788 sint.
1877 2724 2201 2802 defensor,
2257 2725 2313 2789 si

252 2814 664 2904 pertimuerit,
702 2815 1138 2902 magnitudine
1165 2815 1449 2901 periculi,
1488 2838 1618 2882 non
1652 2817 2037 2882 conscientia
2068 2817 2314 2903 peccati

257 2935 325 2976 se
363 2919 749 2976 commotum
777 2931 922 2974 esse
949 2910 1142 2988 dicet3
1183 2909 1239 2975 si
1272 2933 1403 2976 non
1426 2910 1836 2996 pertimuerit,
1875 2911 2108 2976 fretum
2132 2911 2313 2977 inno-

255 3005 464 3072 centia
495 3005 760 3092 negabit
793 3023 936 3070 esse
973 3014 1376 3070 commotum.

373 3100 774 3211 Approbatio
813 3111 938 3177 est,
985 3121 1112 3184 qua
1145 3101 1379 3164 utimur
1426 3102 1507 3166 ad
1550 3111 1903 3167 extremum
1948 3103 2315 3170 confirmata
2348 3101 2383 3154 6

257 3196 628 3282 suspitione.
739 3219 818 3261 ea
868 3195 1063 3260 habet
1113 3195 1288 3261 locos
1341 3197 1631 3283 proprios
1698 3207 1887 3280 atque
1940 3199 2311 3264 communis.

252 3289 492 3376 proprii
528 3302 706 3367 sunt,
763 3291 992 3374 quibus
1005 3338 1024 3368 ,
1061 3290 1186 3354 nisi
1223 3301 1582 3369 accusator,
1618 3315 1804 3357 nemo
1840 3302 2054 3378 potest
2086 3292 2205 3370 uti,
2252 3305 2316 3358 et

255 3383 484 3466 quibus
519 3385 644 3448 nisi
675 3385 1006 3462 defensor,
1053 3407 1241 3450 nemo
1283 3394 1499 3471 potest
1530 3385 1643 3450 uti.
1732 3407 2098 3452 communes
2146 3397 2312 3463 sunt,

257 3476 365 3562 qui
401 3477 524 3541 alia
557 3479 626 3543 in
671 3499 866 3544 causa
911 3481 992 3544 ab
1033 3503 1172 3558 reo,
1231 3479 1356 3544 alia
1397 3479 1478 3546 ab
1524 3493 1892 3547 accusatore
1944 3492 2311 3546 tractantur.

252 3573 320 3636 in
358 3593 552 3636 causa
586 3572 992 3637 coniecturali
1025 3574 1318 3660 proprius
1355 3574 1533 3639 locus
1570 3575 1955 3641 accusatoris
1990 3585 2117 3650 est,
2168 3593 2314 3636 cum

257 3666 408 3731 dicit
431 3665 746 3730 malorum
768 3665 1054 3730 misereri
1090 3691 1219 3734 non
1248 3678 1539 3755 oportere
1566 3679 1632 3734 et
1666 3689 1811 3734 cum
1846 3678 2038 3753 auget
2068 3666 2315 3752 peccati

258 3761 678 3838 atrocitatem3
731 3759 1086 3825 defensoris
1128 3761 1425 3848 proprius
1475 3761 1657 3828 locus
1702 3773 1826 3838 est,
1882 3781 2027 3824 cum
2069 3759 2314 3824 miseri·
2377 3798 2381 3804 -

259 3855 536 3921 cordiam
581 3863 794 3939 captat
841 3863 904 3918 et
950 3873 1095 3918 cum
1139 3867 1577 3921 accusatorem
1610 3854 1978 3920 calumniari
2023 3852 2313 3918 crimina-

259 3958 377 4014 tur.
449 3969 813 4014 communes
848 3947 974 4012 loci
1011 3959 1159 4014 sunt
1194 3971 1338 4014 cum
1375 3949 1757 4015 accusatoris
1794 3960 1930 4012 tum
1956 3946 2309 4014 defensoris

259 4043 340 4107 ab
375 4042 641 4108 testibus
681 4052 900 4108 contra
944 4043 1124 4109 testis
1137 4091 1156 4122 ,
1195 4044 1310 4110 abs
1349 4042 1825 4130 quaestionibus
1864 4053 2085 4108 contra
2120 4053 2315 4128 quae-

364 4141 586 4186 Gicerom's
603 4143 689 4187 vol.
709 4142 746 4185 1.
1940 4149 1970 4195 2
