2784 4575
473 231 560 297 34
966 243 1387 301 CORNIFICII
1422 242 2038 300 RHETORICORUM

475 391 601 453 quo
653 366 790 434 eius
843 367 1017 433 modi
1067 366 1220 433 vitio
1271 366 1560 431 laedatur
1612 366 1915 431 auditoris
1970 366 2283 432 voluntas.
2370 368 2534 435 item
2743 420 2745 423 >

467 461 775 527 ‘vitiosum
817 472 916 527 est
963 483 1093 526 non
1136 461 1340 525 omnis
1386 483 1491 525 res
1546 460 1946 537 confirmare,
2001 482 2160 543 quas
2205 461 2530 546 pollicitus

475 554 562 619 sis
605 555 674 619 in
725 554 1136 641 expositione.
1226 554 1380 620 item
1432 555 1780 619 verendum
1832 564 1957 631 est,
2010 576 2093 619 ne
2144 554 2226 619 de
2280 556 2403 621 alia
2453 580 2530 621 re
2743 548 2745 551 ’

473 647 736 727 dicatur,
773 670 918 715 cum
954 649 1078 714 alia
1113 650 1194 714 de
1225 670 1296 713 re
1332 649 1761 714 controversia
1808 648 1916 725 sit,
1952 649 2142 732 inque
2179 649 2314 714 eius
2351 652 2531 715 modi

471 742 624 807 vitio
677 742 1206 808 considerandum
1259 752 1386 819 est,
1440 764 1522 806 ne
1576 752 1686 807 aut
1738 742 1821 806 ad
1870 764 2006 806 rem
2052 742 2319 807 addatur
2370 744 2531 827 quid

472 846 582 899 aut
615 836 941 922 quippiam
983 836 1063 901 de
1097 858 1168 900 re
1203 835 1570 901 detrahatur
1625 846 1736 899 aut
1778 846 1912 901 tota
1955 855 2149 900 causa
2180 848 2423 901 mutata
2454 837 2559 903 in·

469 929 660 994 aliam
695 950 954 995 causam
989 930 1334 995 derivetur:
1379 929 1473 993 uti
1509 930 1678 1016 apud
1711 930 2065 995 Pacuvium
2100 930 2340 995 Zethus
2376 954 2525 995 cum

468 1023 863 1109 Amphione,
918 1044 1186 1106 quorum
1227 1023 1657 1089 controversia
1693 1024 1771 1088 de
1818 1022 2062 1088 musica
2103 1023 2361 1088 inducta
2402 1036 2525 1100 est,

469 1115 814 1201 disputatio
865 1115 932 1179 in
993 1115 1340 1203 sapientiae
1400 1116 1709 1181 rationem
1763 1126 1827 1181 et
1878 1117 2125 1181 virtutis
2186 1117 2527 1182 utilitatem

471 1208 880 1272 consumitur.
967 1208 1121 1273 item
1163 1210 1693 1275 considerandum
1744 1220 1871 1287 est,
1923 1232 2005 1275 ne
2049 1210 2221 1274 aliud
2264 1232 2527 1275 accusa-

471 1302 625 1367 toris
661 1302 1010 1368 criminatio
1048 1303 1393 1382 contineat,
1450 1304 1623 1368 aliud
1657 1303 2009 1369 defensoris
2045 1305 2339 1391 purgatio
2371 1328 2527 1391 pur-

469 1406 607 1481 get,
653 1396 824 1479 quod
859 1419 1049 1483 saepe
1087 1398 1376 1463 consulto
1411 1397 1592 1462 multi
1628 1399 1709 1463 ab
1742 1420 1851 1463 reo
1886 1396 2154 1476 faciunt,
2210 1398 2521 1483 angustiis

470 1510 700 1555 causae
747 1491 974 1569 coacti3
1029 1502 1102 1555 ut
1153 1492 1417 1574 siquis,
1472 1514 1617 1557 cum
1671 1503 2001 1557 accus-etur
2036 1492 2275 1557 ambitu
2318 1493 2525 1579 magi-

471 1594 738 1649 stratum
768 1586 1035 1671 petisse,
1091 1587 1174 1651 ab
1225 1586 1711 1673 imperatoribus
1755 1609 1817 1651 se
1854 1608 2307 1671 saepenumero
2352 1586 2523 1651 dicat
2747 1598 2748 1635 i

469 1680 641 1765 apud
673 1680 1020 1745 exercitum
1054 1680 1356 1746 donatum
1400 1702 1563 1745 esse.
1650 1680 1775 1745 hoc
1810 1680 1867 1744 si
1901 1680 2235 1765 diligenter
2278 1680 2345 1743 in
2380 1702 2525 1745 ora-

470 1772 639 1839 tione
675 1770 1181 1840 adversariorum
1216 1773 1795 1851 observaverimus,
1852 1796 2044 1859 saepe
2090 1774 2523 1861 deprehende-
2747 1788 2748 1823 ἒ

371 1886 426 1925 44
467 1889 610 1932 mus
647 1890 758 1933 eos
796 1870 875 1933 de
911 1892 988 1933 ea
1028 1891 1100 1933 re
1144 1868 1315 1951 quod
1353 1868 1593 1945 dicant,
1637 1890 1767 1932 non
1810 1867 2063 1933 habere.
2136 1868 2302 1932 'item
2338 1867 2521 1957 vitio-
2612 1878 2629 1888 “

469 1984 612 2025 sum
673 1971 772 2025 est
833 1972 1033 2026 artem
1103 1972 1212 2025 aut
1273 1960 1601 2025 scientiam
1662 1971 1771 2024 aut
1832 1960 2110 2025 studium
2179 1960 2519 2046 quodpiam

471 2054 826 2138 vituperare
868 2064 1126 2140 propter
1177 2076 1399 2119 eorum
1441 2053 1621 2131 vitia,
1676 2054 1785 2137 qui
1834 2053 1902 2117 in
1946 2076 2023 2119 eo
2078 2053 2286 2118 studio
2340 2064 2517 2117 sunt:

410 2194 416 2199 »
467 2146 664 2209 veluti
699 2145 808 2229 qui
841 2146 1221 2211 rhetoricam
1253 2147 1616 2233 vituperant
1656 2158 1915 2233 propter
1950 2147 2213 2212 alicuius
2249 2146 2515 2212 oratoris

467 2238 948 2324 vituperandam
982 2240 1196 2306 vitam.
1284 2240 1439 2306 item
1471 2240 1771 2308 vitiosum
1804 2252 1905 2306 est
1938 2264 2019 2306 ex
2053 2263 2158 2320 eo,
2195 2239 2343 2324 quia
2376 2260 2519 2326 per-

466 2355 685 2419 peram
727 2333 968 2399 factum
1019 2347 1269 2401 constat
1309 2358 1483 2414 esse,
1537 2348 1761 2424 putare
1815 2337 2065 2403 ostendi
2110 2359 2149 2401 a
2192 2346 2361 2401 certo
2405 2336 2519 2400 ho·-

467 2427 634 2492 mine
687 2427 925 2494 factum
977 2452 1148 2508 esse,
1211 2431 1334 2498 hoc
1386 2431 1605 2497 modoz
1668 2438 2015 2496 ‘mortuum
2078 2430 2514 2505 deformatum,

467 2531 710 2588 tumore
743 2523 1119 2610 praeditum,
1158 2526 1340 2591 livore
1367 2523 1797 2592 decoloratum
1824 2535 2073 2589 constat
2099 2523 2327 2588 fuisse:
2364 2543 2515 2608 ergo

465 2637 718 2682 veneno
745 2630 1007 2683 necat-us
1055 2619 1206 2696 est3’
1263 2619 1522 2698 deinde,
1578 2619 1635 2684 si
1670 2619 1753 2684 sit
1793 2640 1997 2702 usque
2031 2617 2100 2682 in
2136 2639 2212 2683 eo
2249 2637 2515 2700 occupa-

465 2720 597 2788 tus,
650 2722 723 2776 ut
774 2712 957 2777 multi
1009 2712 1277 2791 faciunt,
1333 2735 1649 2780 venenum
1702 2713 1948 2789 datum,
2002 2711 2155 2776 vitio
2207 2733 2336 2774 non
2385 2730 2518 2773 me-

465 2803 662 2869 diocri
721 2807 1138 2885 conflictetur3
1201 2831 1331 2874 non
1396 2807 1564 2872 enim
1624 2806 1945 2872 factumne
2008 2805 2116 2882 sit,
2179 2803 2514 2888 quaeritur,

361 2895 430 2949 28
466 2898 582 2962 sed
616 2922 656 2962 a
689 2921 813 2982 quo
850 2902 1089 2965 factum
1132 2902 1231 2966 sit.
1320 2899 1475 2964 item
1508 2898 1808 2964 vitiosum
1844 2909 1943 2963 est
1974 2899 2041 2961 in
2076 2897 2513 2982 comparandis

368 2966 420 3006 ⁴⁵
462 2992 654 3054 rebus
701 2992 964 3057 alteram
1005 3017 1140 3058 rem
1185 2995 1440 3069 efferre,
1487 2993 1566 3057 de
1609 3013 1678 3056 re
1725 2990 1921 3055 altera
1963 2989 2348 3055 mentionem
2388 3013 2516 3055 non
2746 3019 2748 3042 τ

463 3084 673 3149 facere
711 3096 820 3149 aut
860 3084 1300 3172 neglegentius
1355 3085 1706 3170 disputare:
1763 3094 1833 3147 ut
1876 3084 1959 3161 si,
2013 3104 2157 3146 cum
2192 3103 2516 3167 compare-

464 3187 592 3254 tur,
646 3188 859 3244 utrum
912 3179 1108 3244 satius
1163 3179 1248 3242 sit
1297 3179 1606 3264 populum
1659 3177 2043 3242 frumentum
2097 3175 2379 3262 accipere
2434 3199 2513 3240 an

462 3293 592 3337 non
643 3272 954 3358 accipere,
1018 3295 1179 3357 quae
1235 3272 1569 3338 commoda
1622 3283 1773 3336 sunt
1822 3272 1891 3336 in
1943 3271 2140 3336 altera
2187 3293 2285 3350 re,
2340 3281 2513 3336 curet

463 3387 858 3444 enumerare,
915 3387 1076 3450 quae
1119 3365 1186 3430 in
1239 3367 1437 3430 altera
1492 3363 1878 3452 [commoda]
1936 3376 2110 3443 sunt,
2164 3377 2275 3430 aut
2326 3365 2512 3452 plane

463 3459 637 3526 velut
688 3461 992 3548 depressa
1043 3470 1427 3547 praetereat,
1492 3469 1602 3524 aut
1654 3482 1757 3538 ea,
1820 3481 1981 3544 quae
2032 3459 2295 3524 minima
2346 3467 2510 3534 sunt,

461 3554 648 3620 dicat.
735 3555 890 3622 item
933 3555 1231 3621 vitiosum
1276 3565 1376 3619 est
1417 3554 1486 3618 in
1529 3555 1719 3620 rebus
1768 3553 2207 3639 comparandis
2251 3573 2513 3616 necesse

460 3661 684 3737 putare
711 3648 974 3717 alteram
997 3673 1134 3715 rem
1169 3647 1559 3734 vituperare,
1596 3669 1742 3712 cum
1770 3648 2030 3713 alteram
2063 3647 2305 3721 laudes,
2343 3642 2514 3725 quod

461 3766 692 3829 genus,
750 3743 832 3822 si,
888 3767 1022 3810 cum
1073 3752 1438 3828 quaeratur,
1492 3742 1651 3806 utris
1694 3742 1894 3807 maior
1936 3741 2139 3807 honor
2182 3735 2510 3802 habendus

463 3839 571 3914 sit,
624 3838 1018 3904 Albensibus
1065 3862 1148 3903 an
1189 3836 1479 3906 Vestinis
1523 3835 1983 3912 Pinnensibus,
2040 3832 2211 3916 quod
2261 3828 2354 3894 rei
2396 3850 2512 3914 pu-

460 3929 664 3996 blicae
706 3932 926 4018 populi
960 3932 1233 3998 Romani
1275 3928 1657 4018 profuerint,
1704 3931 1783 3994 de
1828 3928 1927 3992 his
1973 3927 2081 4010 qui
2117 3925 2312 4002 dicat,
2360 3921 2514 3987 alte-
2746 3967 2748 3996 1

459 4044 568 4088 ros
611 4023 851 4090 laedat:
905 4047 1034 4092 non
1079 4027 1247 4092 enim
1289 4045 1555 4090 necesse
1592 4034 1715 4102 est,
1772 4022 1825 4087 'si
1862 4021 2091 4084 alteros
2136 4037 2510 4104 praeponas,
2747 4095 2748 4100 ἵ
