2784 4575
468 270 555 337 48
1084 280 1165 337 M.
1204 280 1480 339 TULLII
1515 279 1921 337 CICERONIS

472 404 739 473 suadere
774 402 954 483 velit,
1008 404 1314 491 cogitent,
1370 404 1673 483 sentiant,
1717 403 2080 491 opinentur,
2127 414 2536 492 exspectent3

364 510 436 567 52
470 510 683 567 teneat
724 508 975 587 oportet
1024 521 1222 564 venas
1274 498 1580 583 cuiusque
1623 498 1906 585 generis,
1959 497 2214 577 aetatis,
2269 498 2536 577 ordinis,

468 603 535 659 et
566 614 806 671 eorum,
842 591 1017 681 apud
1042 614 1203 677 quos
1238 591 1479 677 aliquid
1513 602 1666 679 aget
1697 601 1807 656 aut
1841 590 1960 656 erit
1985 602 2262 671 acturus,
2297 593 2536 659 mentis

356 711 437 753 su
472 708 825 771 sensusque
860 686 1183 775 degustet3
1218 686 1744 775 philosophorum
1769 695 1984 752 autem
2014 685 2212 753 libros
2247 699 2540 753 reservet

468 780 593 848 sibi
626 782 709 847 ad
743 780 1007 847 huiusce
1042 780 1216 847 modi
1244 780 1596 847 Tusculani
1627 780 1912 865 requiem
1947 790 2136 866 atque
2169 780 2393 861 otium,
2428 804 2536 860 ne,

470 876 527 942 si
562 874 821 961 quando·
860 874 919 941 ei
954 874 1292 941 dicendum
1334 875 1456 941 erit
1497 875 1578 940 de
1611 872 1854 940 iustitia
1895 883 1962 939 et
1999 874 2157 953 fide,
2208 884 2537 941 mutuetur

468 991 510 1035 a
540 967 839 1048 Platone;
876 968 1006 1053 qui,
1040 990 1188 1035 cum
1220 968 1383 1035 haec
1409 968 1822 1055 exprimenda
1853 967 2065 1035 verbis
2101 968 2533 1046 arbitraretur,

466 1085 701 1131 novam
755 1062 1075 1149 quandam
1107 1063 1292 1129 finxit
1323 1063 1391 1129 in
1423 1061 1602 1129 libris
1647 1062 1968 1127 civitatem
1975 1086 1996 1140 ς
2047 1084 2253 1146 usque
2287 1084 2368 1129 eo
2399 1062 2532 1142 illa,

469 1179 634 1243 quae
685 1156 956 1223 dicenda
1006 1157 1086 1223 de
1129 1155 1373 1223 iustitia
1421 1156 1716 1243 putabat,
1769 1179 1810 1222 a
1852 1155 2021 1222 vitae
2072 1156 2534 1223 consuetudine

355 1274 435 1317 ω
470 1262 535 1317 et
568 1274 610 1316 a
641 1249 970 1317 civitatum
1002 1251 1285 1317 moribus
1320 1250 1774 1317 abhorrebant:
1811 1249 2042 1335 quodsi
2076 1272 2153 1315 ea
2181 1249 2534 1336 probaren-

470 1356 573 1411 tur
604 1343 673 1409 in
704 1344 957 1431 populis
995 1356 1185 1429 atque
1216 1344 1287 1411 in
1320 1344 1704 1423 civitatibus,
1739 1344 1882 1430 quis
1909 1343 2046 1422 tibi,
2083 1342 2332 1421 Crasse,
2367 1364 2534 1409 eon-

469 1436 799 1517 cessisset,
854 1438 1205 1507 clarissimo
1256 1438 1394 1507 viro
1429 1450 1494 1505 et
1527 1437 1921 1526 amplissimo
1957 1447 2024 1503 et
2053 1436 2322 1525 principi
2373 1437 2534 1501 civi-

470 1529 647 1609 tatis,
699 1542 773 1597 ut
803 1531 916 1598 illa
948 1531 1191 1599 diceres
1226 1532 1295 1599 in
1327 1532 1608 1599 maxima
1659 1530 1950 1599 contione
1986 1541 2239 1597 tuorum
2273 1530 2528 1609 civium,

468 1647 635 1709 quae
670 1625 923 1691 dixisti?
969 1626 1219 1715 ‘eripite
1252 1650 1373 1693 nos
1409 1650 1493 1693 ex
1524 1626 1826 1705 miseriis,
1862 1624 2084 1713 eripite
2117 1647 2200 1691 ex
2215 1624 2528 1690 ‘faucibus

467 1742 715 1801 eorum,
777 1744 1047 1807 quorum
1098 1720 1438 1787 crudelitas
1502 1731 1722 1787 nostro
1775 1718 2084 1807 sanguine
2134 1742 2266 1785 non
2317 1730 2532 1807 potest

468 1815 736 1903 expleri3
800 1816 995 1883 nolite
1049 1815 1256 1881 sinere
1306 1839 1426 1882 nos
1481 1815 1776 1899 cuiquam
1839 1813 2104 1892 servire,
2166 1813 2293 1879 nisi
2345 1813 2525 1880 vobis

465 1908 809 1988 universis,
863 1909 1094 1994 quibus
1130 1920 1199 1975 et
1228 1932 1572 1995 possumus
1610 1920 1678 1974 et
1717 1907 2062 1973 debemus?
2151 1906 2376 1973 omitto
2408 1907 2528 1971 mi-

468 2003 697 2081 serias,
733 2002 803 2065 in
836 2001 1086 2085 quibus,
1122 2012 1197 2067 ut
1228 2001 1322 2066 illi
1354 2002 1558 2081 aiunt,
1596 2003 1694 2068 vir
1725 2002 1908 2068 fortis
1945 2024 2088 2067 esse
2122 2024 2253 2067 non
2285 2011 2522 2088 potest3

467 2096 689 2162 omitto
733 2093 966 2173 faucis,
1021 2118 1104 2161 ex
1148 2094 1376 2177 quibus
1416 2107 1478 2162 te
1523 2095 1682 2182 eripi
1729 2095 1858 2173 vis,
1909 2118 1992 2161 ne
2026 2094 2260 2160 iudicio
2311 2094 2523 2179 iniquo

470 2189 881 2256 exsorbeatur
917 2189 1178 2277 sanguis
1215 2201 1391 2269 tuus,
1448 2192 1619 2276 quod
1653 2190 1925 2277 sapienti
1965 2200 2206 2276 negant
2240 2189 2522 2255 accidere

464 2306 688 2372 posse:
726 2282 963 2350 servire
987 2307 1140 2352 vero
1174 2309 1305 2352 non
1329 2285 1521 2352 modo
1549 2296 1632 2365 te,
1669 2285 1785 2352 sed
1808 2284 2178 2352 universum
2212 2295 2523 2361 senatum,

355 2400 434 2441 226
469 2378 647 2446 cuius
683 2388 818 2444 tum
854 2398 1115 2444 causam
1149 2381 1420 2468 agebas,
1455 2403 1650 2446 ausus
1686 2403 1758 2446 es
1794 2379 2041 2445 dicere?
2072 2388 2364 2465 potestne
2401 2378 2528 2444 vir-

468 2485 592 2552 tus,
632 2469 890 2551 Crasse,
928 2472 1166 2541 servire
1191 2473 1332 2540 istis
1358 2473 1744 2552 auctoribus,
1781 2495 2051 2558 quorum
2085 2483 2156 2538 tu
2183 2483 2528 2558 praecepta

468 2566 733 2635 oratoris
786 2567 1087 2634 facultate
1140 2568 1616 2656 complecteris?
1667 2588 1830 2652 quae
1873 2578 1942 2633 et
1989 2588 2233 2653 semper
2275 2574 2336 2628 et
2381 2564 2529 2630 sola

464 2662 667 2730 libera
700 2673 800 2729 est
832 2684 1149 2748 quaeque,
1204 2661 1456 2728 etiamsi
1497 2683 1766 2750 corpora
1805 2672 1993 2748 capta
2028 2661 2156 2727 sint
2187 2658 2375 2726 armis
2413 2671 2532 2726 aut

466 2757 809 2825 constricta
840 2758 1130 2835 vinculis,
1167 2767 1381 2824 tamen
1418 2780 1607 2822 suum
1638 2756 1740 2822 ius
1777 2771 1966 2843 atque
2000 2757 2282 2824 omnium
2311 2777 2530 2820 rerum

462 2852 839 2940 impunitam
871 2851 1228 2918 libertatem
1265 2863 1480 2919 tenere
1515 2852 1723 2918 debet.
1813 2874 1976 2936 quae
2009 2873 2162 2919 vero
2207 2849 2528 2927 addidisti,

465 2968 595 3011 non
626 2944 819 3009 modo
866 2956 1157 3011 senatum
1193 2945 1433 3013 servire
1484 2969 1677 3034 posse
1720 2944 1984 3032 populo,
2025 2944 2158 3010 'sed
2191 2943 2383 3008 etiam
2416 2943 2529 3006 de-

466 3037 649 3115 bere,
702 3037 843 3121 quis
880 3037 1003 3104 hoc
1050 3038 1470 3126 philosophus
1516 3051 1648 3105 tam
1688 3039 1928 3117 mollis,
1981 3049 2114 3104 tam
2163 3037 2526 3126 languiduS,

470 3141 601 3196 tam
653 3143 1019 3212 enervatus,
1073 3144 1205 3198 tam
1258 3134 1474 3200 omnia
1525 3134 1610 3200 ad
1651 3134 2042 3220 voluptatem
2085 3131 2362 3219 corporis
2408 3130 2531 3194 do-

467 3223 789 3308 loremque
832 3225 1115 3292 referens
1168 3228 1438 3313 probare
1461 3237 1732 3313 posset,
1789 3235 2078 3292 senatum
2131 3225 2368 3292 servire
2410 3247 2530 3310 po-

465 3316 647 3404 pulo,
694 3317 796 3382 cui
828 3319 1100 3406 populus
1135 3320 1275 3409 ipse
1308 3321 1681 3388 moderandi
1715 3331 1780 3387 et
1807 3320 2077 3408 regendi
2111 3320 2219 3385 sui
2244 3329 2530 3406 potesta-

354 3401 433 3516 ἐξ)
467 3421 597 3478 tem
632 3411 815 3497 quasi
849 3414 1158 3498 quasdam
1184 3415 1467 3482 habenas
1504 3415 1903 3484 tradidisset?
1937 3415 2152 3499 itaque
2185 3414 2346 3480 haec
2381 3435 2532 3479 cum

465 3529 507 3572 a
554 3517 617 3572 te
671 3506 969 3574 divinitus
1022 3531 1145 3596 ego
1198 3509 1367 3575 dicta
1419 3510 1781 3588 arbitrarer,
1832 3509 1911 3578 P.
1961 3507 2243 3576 Rutilius
2287 3508 2528 3587 Rufus,

464 3600 655 3668 homo
700 3601 926 3668 doctus
962 3612 1030 3668 et
1070 3601 1512 3691 philosophiae
1566 3603 1848 3682 deditus,
1901 3625 2030 3669 non
2070 3603 2262 3669 modo
2277 3609 2532 3690 *parum

466 3696 814 3773 commode,
852 3697 969 3762 sed
1003 3695 1193 3763 etiam
1230 3697 1495 3784 turpiter
1530 3709 1596 3764 et
1628 3685 1941 3785 flagitiose
1969 3696 2142 3762 dicta
2173 3719 2320 3762 esse
2355 3697 2533 3762 dice-

462 3789 601 3868 bat3
654 3788 948 3873 idemque
1002 3787 1299 3855 Servium
1352 3789 1656 3870 Galbam,
1709 3813 1900 3876 quem
1950 3789 2274 3858 hominem
2324 3792 2531 3878 probe

463 3880 971 3972 commeminisse
1006 3905 1079 3970 se
1124 3882 1359 3961 aiebat,
1411 3884 1804 3972 pergraviter
1847 3883 2312 3971 reprehendere
2357 3884 2532 3950 sole-

462 3975 602 4051 bat,
655 3975 945 4059 quod'is,
998 3976 1083 4043 L.
1124 3974 1456 4045 Scribonio
1501 3980 1936 4065 quaestionem
1970 3979 2038 4043 in
2072 3968 2235 4044 eum⁵
2253 3979 2528 4057 ferente,

464 4065 683 4150 populi
715 4065 1209 4136 misericordiam
1244 4071 1650 4152 concitasset,
1705 4093 1850 4140 cum
1881 4071 1981 4137 M.
2021 4071 2214 4150 Cato,
2271 4070 2532 4139 Galbae
