2784 4575
539 199 672 266 288
1153 207 1236 262 11.
1275 205 1553 262 TULLII
1590 203 1998 262 CICERONIS

539 331 844 422 ingeniis,
897 329 992 396 eis
1039 329 1447 417 praesertim,
1498 349 1667 413 quae
1714 327 2067 415 disciplinis
2120 328 2405 394 exculta
2474 345 2654 396 sunt

543 427 1090 511 sedutsegetes
1150 422 2049 488 fecundaeetuberesnon
2108 422 2337 488 solum
2394 424 2643 510 fruges,

541 543 766 586 verum
825 518 1058 585 herbas
1110 517 1306 583 etiam
1363 517 1705 582 effundunt
1760 516 2237 582 inimicissimas
2304 519 2654 627 frugibus.

545 616 640 682 sic
671 613 990 680 interdum
1025 635 1106 678 ex
1149 611 1276 676 illis
1327 611 1489 678 locis
1533 622 1646 676 aut
1684 610 1855 676 levia
1904 611 2227 696 quaedam
2258 623 2393 677 aut
2432 616 2637 678 causis

545 709 754 774 aliena
785 719 898 774 aut
927 729 1062 774 non
1091 706 1276 771 utilia
1323 705 1704 792 gignunttir3
1760 701 2059 791 [quorum
2094 705 2179 770 ab
2214 707 2529 772 oratoris
2563 709 2654 786 iu

443 831 501 872 ⁴9
545 803 711 868 dicio
746 801 1028 868 delectus
1063 822 1338 887 magnus
1373 797 1834 886 adhibebitur,]
1892 795 2203 886 [quonam
2236 799 2503 888 modo]
2552 803 2633 864 ille

541 895 612 962 in
668 895 854 961 bonis
915 893 1202 960 haerebit
1259 904 1327 958 et
1385 892 1699 958 habitabit
1756 893 1921 972 suis,
1981 904 2093 958 aut
2150 893 2429 960 molliet
2498 897 2629 960 dum

543 1001 656 1056 aut
715 989 1059 1056 occultabit
1119 1009 1284 1072 quae
1343 987 1503 1051 dilui
1560 1011 1693 1053 ιιοιι
1748 998 2051 1074 poterunt
2109 998 2315 1072 atque
2378 991 2623 1054 omnine·

541 1086 886 1173 opprimet,
939 1084 998 1150 si
1047 1082 1292 1160 licebit,
1344 1093 1458 1147 aut
1506 1083 1781 1148 abducet
1822 1083 2067 1148 animos
2120 1093 2237 1146 aut
2291 1083 2499 1148 alind
2542 1086 2623 1148 ad⁴

541 1181 734 1257 feret,
791 1179 966 1262 quod
1017 1177 1382 1263 oppositum
1430 1176 1823 1263 probabilius
1870 1175 1955 1241 sit
1996 1197 2187 1260 quam
2230 1176 2421 1241 illud
2476 1179 2620 1262 quod

545 1271 844 1338 obstabit.

445 1393 503 1434 ,ω
665 1365 810 1430 Iam
844 1387 994 1430 vero
1039 1387 1144 1441 ea,
1199 1386 1364 1447 quae
1406 1362 1745 1442 invenerit,
1802 1359 1960 1449 [qua
2000 1363 2381 1452 diligentia]
2426 1366 2618 1431 conlo-

545 1458 744 1536 cabit,
809 1458 1106 1543 quoniam
1157 1457 1226 1522 id
1279 1457 1633 1523 secundum
1684 1468 1820 1522 erat
1872 1458 1953 1523 de
2003 1458 2241 1523 tribus.
2308 1460 2618 1524 vestibula

543 1552 842 1618 nimirum
892 1552 1163 1618 honesta
1213 1552 1551 1636 aditusque
1606 1552 1689 1615 ad
1740 1573 2001 1616 causam
2052 1551 2253 1616 faciet
2304 1552 2611 1628 inlustris3

545 1669 816 1732 cumque
869 1646 1116 1712 animos
1159 1646 1367 1732 prima
1410 1645 1823 1731 adgressione
1858 1645 2303 1731 occupaverit,
2358 1671 2495 1713 rem
2524 1671 2612 1712 εει·-

539 1755 754 1829 Ροπει,
805 1765 922 1806 sua
973 1741 1386 1828 confirmabit,
1441 1753 1571 1805 tmn
1620 1740 1962 1805 infirmabit
1996 1741 2433 1826 excludetque
2476 1765 2608 1807 con-

542 1834 763 1914 traria3
801 1835 882 1900 de
915 1833 1298 1900 firmissimis
1340 1834 1467 1898 alia
1497 1834 1705 1921 prima
1736 1845 1963 1920 ponet,
2000 1834 2127 1899 alia
2158 1847 2488 1921 postrema
2518 1835 2605 1899 in-
2653 1873 2654 1898 ;

542 1928 941 2012 culcabitque
976 1927 1274 1994 leviora?
1316 1927 1354 1962 ⁴*
1397 1927 1435 1962 ⁴*
2653 1933 2654 2006 ζ

667 2023 937 2130 Atque
917 2045 984 2085 m
1019 2022 1240 2107 primis
1278 2022 1525 2088 duabus
1564 2021 1815 2087 dicendi
1855 2022 2147 2108 partibus
2186 2021 2376 2105 qualis
2420 2030 2601 2085 esset
2652 2047 2654 2064 2

440 2115 510 2167 16
545 2114 910 2180 summatim
943 2116 1344 2200 breviterque
1379 2116 1865 2202 descripsimus:
1902 2117 2046 2194 sed,
2083 2127 2158 2180 ut
2190 2126 2329 2180 ante
2364 2114 2603 2180 dictum

445 2186 501 2224 ⁵¹
545 2217 670 2285 est,
715 2207 783 2272 in
817 2207 917 2273 his
951 2210 1267 2297 partibus,
1315 2211 1439 2276 etsi
1472 2232 1703 2297 graves
1740 2220 1929 2295 atque
1961 2231 2237 2297 magnae
2271 2219 2455 2287 sunt,
2496 2210 2601 2272 mi-

540 2324 663 2367 nus
699 2312 765 2369 et
799 2304 950 2370 artis
987 2316 1087 2370 est
1121 2315 1186 2371 et
1215 2305 1484 2384 laboris;
1540 2326 1685 2369 cum
1738 2316 1949 2370 autem
1993 2304 2147 2388 quid
2196 2314 2263 2369 et
2299 2326 2435 2389 quo
2476 2304 2600 2370 loco

543 2396 715 2463 dicat
745 2398 1077 2479 invenerit,
1113 2400 1271 2465 illud
1305 2410 1408 2465 est
1440 2400 1633 2486 longe
1665 2400 2043 2476 maximum,
2079 2398 2303 2465 videre
2342 2420 2601 2483 quonam

541 2491 762 2570 mod03
820 2492 1050 2559 scitum
1103 2505 1204 2559 est
1253 2494 1451 2572 enim,
1506 2493 1679 2578 quod
1722 2491 2093 2558 Carneades
2136 2502 2371 2558 noster
2414 2494 2602 2557 dicere

543 2584 817 2664 solebat,
867 2584 1338 2652 Clitomachum
1371 2587 1597 2652 eadem
1635 2587 1872 2665 dicere,
1928 2584 2377 2651 Charmadam
2414 2598 2604 2653 autem

541 2678 769 2745 eodem
804 2679 996 2745 etiam
1029 2682 1220 2747 modo
1257 2680 1487 2746 dicere.
1561 2679 1790 2764 quodsi
1820 2680 1890 2745 in
1923 2679 2338 2765 philosophia
2376 2691 2604 2745 tantum

540 2770 805 2837 interest
841 2795 1030 2857 quem
1076 2776 1160 2840 ad
1203 2775 1468 2840 modum
1521 2774 1727 2852 dicas,
1779 2773 1892 2838 ubi
1920 2796 2025 2838 res
2072 2784 2448 2861 spectatur,
2498 2798 2605 2840 non

543 2865 740 2930 verba
789 2869 1178 2953 penduntur,
1234 2868 1386 2953 quid
1439 2869 1696 2935 tandem
1736 2868 1805 2932 in
1849 2866 2059 2933 causis
2114 2866 2607 2935 existimandum
2653 2888 2654 2893 ¹

448 2982 500 3025 52
546 2969 672 3039 est,
727 2963 956 3047 quibus
1013 2963 1162 3032 totis
1215 2964 1581 3029 moderatur
1631 2962 1874 3028 oratio?
1926 2962 2099 3047 quod
2149 2962 2435 3045 quidem
2485 2986 2605 3051 ego,

543 3052 775 3134 Brute,
831 3080 916 3123 ex
968 3058 1094 3123 tuis
1146 3057 1371 3123 litteris
1428 3057 1807 3135 sentiebam,
1860 3080 1993 3121 ιιοιι
2040 3068 2123 3121 te‘
2154 3056 2225 3120 id
2280 3056 2607 3132 sciscitari,

543 3148 794 3230 qualem
829 3173 950 3243 ego
985 3153 1053 3216 in
1085 3150 1466 3217 inveniendo
1503 3164 1565 3217 et
1600 3150 1668 3216 in
1692 3151 2085 3217 conlocando
2113 3172 2459 3218 summum
2485 3173 2607 3218 esse
2653 3176 2654 3215 3

543 3256 855 3311 oratorem
906 3244 1166 3324 vellem,
1223 3246 1340 3311 sed
1381 3245 1451 3310 id
1492 3245 1651 3310 mihi
1694 3266 1995 3330 quaerere
2048 3244 2399 3324 videbare,
2458 3244 2606 3331 quod

539 3359 744 3425 genus
777 3340 980 3428 ipsius
1007 3340 1306 3407 orationis
1344 3340 1653 3428 optimum
1678 3340 2053 3405 iudicarem:
2086 3360 2223 3404 rem
2260 3338 2605 3412 difficilem,

541 3433 608 3499 di
640 3434 1056 3514 immortales,
1094 3446 1284 3521 atque
1319 3435 1604 3503 omnium
1638 3436 2102 3500 difficillimam:
2137 3456 2291 3499 nam
2326 3454 2495 3500 cum
2526 3442 2607 3499 est

541 3528 740 3595 oratio
775 3528 984 3596 mollis
1020 3541 1086 3595 et
1118 3541 1338 3597 tenera
1387 3540 1453 3595 et
1485 3530 1575 3594 ita
1608 3528 1932 3606 flexibilis,
1985 3537 2059 3592 ut
2092 3536 2413 3610 sequatur
2467 3549 2605 3613 quo-

541 3642 811 3709 cumque
830 3635 1148 3709 torqueas,
1177 3636 1313 3691 tum
1342 3635 1407 3689 et
1433 3635 1697 3689 naturae
1724 3623 1938 3689 variae
1967 3634 2033 3688 et
2056 3620 2431 3687 voluntates
2459 3620 2604 3685 mul-

446 3732 500 3774 58
545 3726 682 3781 tum
713 3717 880 3783 inter
915 3741 986 3784 se
1023 3718 1322 3784 distantia
1364 3718 1715 3783 effecerunt
1759 3739 1999 3804 genera
2032 3714 2315 3779 dicendis
2370 3716 2599 3779 flumen

545 3809 683 3874 aliis
736 3812 1076 3876 verborum
1127 3811 1615 3894 volubilitasque
1669 3811 1845 3877 cordi
1897 3820 2025 3886 est,
2078 3808 2187 3893 qui
2236 3818 2501 3894 ponunt
2543 3806 2600 3869 in

545 3901 844 3965 orationis
889 3902 1208 3969 celeritate
1259 3903 1713 3989 eloquentiam3
1769 3904 2067 3969 distincta
2108 3901 2266 3967 alios
2302 3912 2374 3965 et
2416 3901 2595 3965 inter-

548 4002 786 4072 puncta
817 3992 1164 4071 intervalla,
1201 4019 1418 4062 morae
1450 3997 2026 4083 respirationesque
2062 3995 2407 4061 delectant.
2464 3990 2601 4077 quid
