2784 4575
410 212 536 278 134
1025 223 1101 276 M.
1140 221 1413 278 TULLII
1450 219 1853 278 CICERONIS

383 409 391 415 ,.
407 346 680 432 quaerit3
737 344 852 410 sed
889 343 1036 430 quia
1077 367 1283 430 neque
1323 343 1730 431 reprehendi,
1784 366 1947 428 quae
1984 352 2208 409 contra
2240 344 2466 410 dicun-

407 452 537 519 tur,
592 449 889 526 possunt,
943 438 1068 504 nisi
1103 447 1214 504 tua
1246 439 1609 517 confirmes,
1646 459 1853 522 neque
1887 437 2044 504 haec
2082 437 2465 516 confirmari,

297 587 300 594 ·
405 534 528 604 nisi
563 535 672 600 illa
720 533 1180 621 reprehendas,
1234 533 1471 600 idcirco
1522 533 1681 599 haec
1714 543 1780 598 et
1830 544 2057 598 natura
2090 544 2155 598 et
2191 533 2465 598 utilitate

293 653 372 695 332
409 640 472 696 et
507 629 877 694 tractatione
913 628 1248 693 coniuncta
1283 638 1450 694 sunt.
1530 627 1743 692 omnia
1777 638 1990 692 autem
2024 625 2466 694 concludenda

405 725 776 812 plerumque
828 723 1020 788 rebus
1075 721 1384 808 augendis
1438 721 1542 788 vel
1592 721 2041 787 inflammando
2093 721 2301 786 iudice
2354 723 2463 788 vel

405 817 754 904 mitigando
765 842 784 896 ;
846 816 1182 900 omniaque
1243 839 1388 882 cum
1451 815 1877 903 superioribus
1940 815 2240 881 orationis
2300 816 2463 882 locis

407 924 544 978 tum
593 911 866 978 maxime
903 922 1186 976 extremo
1222 910 1304 974 ad
1338 910 1569 975 mentis
1614 909 1894 975 iudicum
1941 932 2132 994 quam
2182 910 2461 976 maxime

405 1008 868 1094 permovendas
923 1017 990 1072 et
1041 1007 1125 1070 ad
1183 1005 1519 1072 utilitatem
1578 1015 1863 1070 nostram
1923 1004 2242 1069 vocandas
2308 1026 2463 1070 con·-

405 1103 670 1169 ferenda
707 1111 873 1168 sunt.

293 1215 372 1257 ³33
522 1198 748 1280 Neque
793 1217 946 1260 sane
989 1194 1118 1260 iam
1162 1215 1356 1260 causa
1407 1193 1657 1258 videtur
1708 1214 1853 1258 esse
1898 1213 2010 1258 cur
2054 1213 2458 1258 secernamus

405 1313 483 1356 ea
531 1300 896 1376 praecepta,
952 1311 1114 1372 quae
1171 1289 1250 1354 de
1303 1287 1705 1352 suasionibus
1758 1287 2066 1352 tradenda
2118 1295 2265 1351 sunt
2320 1283 2461 1371 [aut

278 1431 283 1436 -
401 1382 898 1470 laudationibus]
912 1431 931 1461 ,
995 1393 1143 1448 sunt
1193 1381 1364 1448 enim
1414 1382 1713 1468 pleraque
1766 1380 2149 1458 communia,
2206 1381 2321 1446 sed
2363 1391 2460 1446 tae-

403 1501 551 1544 men
612 1478 878 1543 suadere
939 1476 1177 1562 aliquid
1229 1487 1340 1540 aut
1401 1476 1767 1541 dissuadere
1826 1474 2242 1561 gravissimae
2300 1475 2458 1539 mihi

401 1594 712 1658 personae
764 1572 1012 1638 videtur
1065 1593 1207 1636 esse
1216 1596 1237 1650 3
1297 1593 1450 1636 nam
1500 1581 1565 1636 et
1616 1569 1919 1657 sapientis
1974 1580 2075 1635 est
2125 1569 2457 1634 consilium

403 1666 718 1754 explicare
773 1688 960 1732 suum
1005 1665 1084 1730 de
1111 1664 1421 1750 'maximis
1464 1665 1654 1730 rebus
1700 1674 1765 1730 et
1815 1663 2067 1728 honesti
2101 1673 2166 1728 et
2216 1661 2453 1742 diserti,-

401 1771 475 1824 ut
523 1771 736 1826 mente
787 1759 1149 1847 providere,
1205 1759 1577 1824 auctoritate
1625 1757 1923 1845 probare,
1978 1754 2259 1822 oratione
2310 1779 2456 1844 per-

299 1863 370 1916 82
405 1855 672 1919 suadere
723 1854 956 1940 possis.
1045 1862 1232 1936 atque
1267 1852 1426 1918 haec
1468 1853 1536 1916 in
1582 1863 1806 1918 senatu
1856 1852 2098 1916 minore
2150 1861 2452 1938 apparatu

403 1949 654 2034 agenda
688 1957 862 2025 sunt,
917 1946 1172 2032 sapiens
1218 1945 1387 2010 enim
1424 1957 1523 2012 est
1555 1947 1887 2012 consilium
1938 1945 2275 2028 multisque
2309 1944 2449 2010 aliis

403 2041 653 2107 dicendi
685 2041 1136 2124 relinquendus
1181 2038 1389 2120 locus,
1444 2041 1703 2106 vitanda
1736 2041 1928 2107 etiam
1970 2041 2209 2127 ingenii
2242 2051 2455 2106 osten·

289 2155 370 2196 334
404 2135 658 2200 tationis
715 2134 1010 2221 suspitio:
1065 2134 1274 2200 contio
1329 2136 1502 2222 capit
1550 2159 1804 2202 omnem
1854 2137 1985 2201 vim
2038 2136 2337 2203 orationis
2390 2145 2457 2200 et

399 2226 776 2315 gravitatem
827 2227 1320 2314 varietatemque
1371 2229 1709 2297 desiderat.
1808 2253 1959 2317 ergo
2010 2231 2079 2295 in
2132 2229 2453 2296 suadendo

399 2321 555 2385 nihil
609 2331 709 2385 est
759 2322 1097 2409 optabilius
1151 2344 1342 2407 quam
1396 2324 1701 2411 dignitaS,
1763 2348 1913 2389 nam
1962 2326 2072 2409 qui
2123 2325 2455 2391 utilitatem

398 2425 608 2501 putat,
659 2429 790 2481 non
824 2415 977 2499 quid
1011 2418 1298 2485 maxime.
1319 2418 1476 2483 velit
1510 2442 1759 2496 suasor,
1808 2419 1922 2485 sed
1957 2419 2109 2504 quid
2141 2419 2457 2485 interdum

399 2510 604 2596 magis
637 2521 954 2593 sequatur,
991 2512 1182 2578 videt.
1253 2534 1440 2579 nemo
1477 2523 1577 2577 est
1610 2513 1799 2591 enim,
1835 2514 2207 2599 praesertim
2231 2514 2299 2577 in
2325 2525 2455 2578 tam

401 2602 572 2668 clara
622 2603 904 2682 civitate,
961 2606 1112 2690 quin
1161 2617 1342 2692 putet
1393 2606 1815 2692 expetendam
1866 2606 2139 2672 maxime
2184 2607 2456 2693 dignita-

400 2707 556 2775 tem,
614 2698 729 2763 sed
764 2698 958 2762 vincit
991 2698 1226 2763 utilitas
1261 2699 1659 2785 plerumque,
1696 2720 1844 2765 cum
1877 2701 2098 2767 subest
2128 2700 2235 2766 ille
2270 2702 2455 2766 timor

287 2812 364 2855 335
401 2812 478 2855 ea
508 2790 801 2877 neglecta
830 2813 912 2856 ne
965 2792 1338 2877 dignitatem
1388 2793 1646 2877 quidem
1696 2816 1891 2881 posse
1938 2793 2217 2860 retineri.
2308 2816 2457 2859 con-

399 2884 708 2949 troversia
759 2896 968 2951 autem
1003 2897 1102 2950 est
1133 2886 1296 2951 inter
1331 2888 1658 2953 hominum
1694 2887 2037 2954 sententias
2082 2899 2193 2954 aut
2224 2888 2291 2953 in
2325 2889 2455 2968 illo,

397 2989 608 3045 utrum
645 2979 730 3044 sit
763 2981 1006 3058 utilius3
1063 2992 1174 3046 aut
1225 2983 1445 3061 etiam,
1500 3006 1645 3047 cum
1678 2982 1747 3047 id
1780 2983 2105 3060 convenit,
2160 2994 2456 3063 certatur,

403 3082 618 3137 utrum
651 3072 968 3139 honestati
1002 3074 1213 3161 potius
1251 3100 1332 3141 an
1367 3076 1621 3141 utilitati
1654 3075 2109 3141 consulendum
2144 3075 2251 3153 sit3
2288 3098 2455 3159 quae

397 3166 546 3249 quia
579 3190 866 3253 pugnare
917 3168 1081 3233 inter
1117 3192 1187 3235 se
1225 3193 1416 3255 saepe
1450 3169 1767 3246 videntur,
1822 3168 1931 3252 qui
1972 3168 2308 3236 utilitatem
2344 3172 2457 3237 de-

396 3259 618 3337 fendit,
649 3262 1042 3327 enumerabit
1067 3264 1400 3329 commoda
1423 3262 1619 3349 pacis,
1650 3284 1861 3349 opum,
1889 3264 2230 3350 potentiae,
2258 3264 2455 3330 vecti-

396 3354 662 3439 galium,
733 3355 1032 3441 praesidii
1092 3358 1388 3433 militum,
1460 3366 1810 3421 ceterarum
1859 3378 2116 3437 rerum,
2190 3380 2453 3443 quarum

395 3448 672 3513 fructum
708 3448 974 3513 utilitate
1007 3450 1329 3527 metimur,
1363 3450 1641 3534 itemque
1674 3450 2077 3516 incommoda
2110 3453 2453 3519 contrario-

394 3564 536 3606 rum
547 3568 564 3620 3
603 3541 712 3626 qui
745 3542 830 3607 ad
864 3542 1232 3630 dignitatem
1264 3543 1550 3630 impellit,
1589 3543 1897 3611 maiorum
1931 3546 2223 3633 exempla
2259 3544 2451 3633 [quae

397 3647 581 3701 erunt
632 3636 736 3701 vel
789 3658 934 3701 cum
983 3636 1263 3723 periculo
1325 3636 1631 3725 gloriosa]
1699 3639 2002 3726 conliget,
2064 3640 2448 3727 posteritatis

396 3728 815 3797 immortalem
847 3730 1214 3795 memoriam
1259 3733 1535 3819 augebit,
1570 3732 1905 3799 utilitatem
1940 3756 2021 3799 ex
2053 3734 2239 3799 laude
2272 3734 2451 3799 nasci

398 3822 696 3890 defendet
731 3847 1103 3913 semperque
1139 3849 1280 3892 eam
1313 3849 1461 3893 cum
1504 3826 1810 3913 dignitate
1852 3848 1995 3892 esse
2030 3828 2445 3894 coniunctam.

287 3940 364 3981 sse
401 3916 514 3980 sed
569 3918 721 3999 quid
770 3919 908 3985 fieri
959 3920 1164 4007 possit
1205 3931 1317 3987 aut
1365 3944 1497 3987 non
1546 3920 1752 4007 possit
1803 3920 2079 4005 quidque
2131 3920 2322 3986 etiam
2366 3920 2449 3985 sit

395 4028 658 4073 necesse
697 4022 806 4075 aut
853 4035 984 4078 non
1019 4014 1128 4092 sit,
1181 4013 1250 4081 in
1281 4026 1547 4099 utraque
1580 4036 1649 4079 re
1684 4015 1957 4079 maxime
1993 4025 2093 4079 est
2144 4036 2449 4097 quaeren-
