<?xml version="1.0" encoding="UTF-8"?>
<!DOCTYPE html PUBLIC "-//W3C//DTD XHTML 1.0 Transitional//EN"
    "http://www.w3.org/TR/xhtml1/DTD/xhtml1-transitional.dtd">
<html xmlns="http://www.w3.org/1999/xhtml" xml:lang="en" lang="en">
 <head>
  <title>
</title>
<meta http-equiv="Content-Type" content="text/html;charset=utf-8" />
  <meta name='ocr-system' content='tesseract 3.04.00' />
  <meta name='ocr-capabilities' content='ocr_page ocr_carea ocr_par ocr_line ocrx_word'/>
</head>
<body>
  <div class='ocr_page' id='page_1' title='image "./mtulliiciceroni11unkngoog_0055.png"; bbox 0 0 2784 4575; ppageno 0'>
   <div class='ocr_carea' id='block_1_1' title="bbox 589 752 1923 927">
    <p class='ocr_par' dir='ltr' id='par_1_1' title="bbox 589 752 1923 927">
     <span class='ocr_line' id='line_1_1' title="bbox 589 752 1923 823; baseline 0 0"><span class='ocrx_word' id='word_1_1' title='bbox 589 752 1106 823; x_wconf 82' lang='lat' dir='ltr'>CORNIFICII</span> <span class='ocrx_word' id='word_1_2' title='bbox 1155 752 1923 823; x_wconf 85' lang='lat' dir='ltr'>RHETORICORUM</span> 
     </span>
     <span class='ocr_line' id='line_1_2' title="bbox 617 856 1685 927; baseline 0.003 -3"><span class='ocrx_word' id='word_1_3' title='bbox 617 874 622 881; x_wconf 85' lang='lat'><em>·</em></span> <span class='ocrx_word' id='word_1_4' title='bbox 825 858 959 924; x_wconf 88' lang='lat' dir='ltr'><strong>AD</strong></span> <span class='ocrx_word' id='word_1_5' title='bbox 1007 856 1085 925; x_wconf 81' lang='lat' dir='ltr'><strong>O.</strong></span> <span class='ocrx_word' id='word_1_6' title='bbox 1121 858 1685 927; x_wconf 82' lang='lat' dir='ltr'>HERENNTUM</span> 
     </span>
    </p>
   </div>
   <div class='ocr_carea' id='block_1_2' title="bbox 1100 1018 1418 1075">
    <p class='ocr_par' dir='ltr' id='par_1_2' title="bbox 1100 1018 1418 1075">
     <span class='ocr_line' id='line_1_3' title="bbox 1100 1018 1418 1075; baseline -0.003 -2"><span class='ocrx_word' id='word_1_7' title='bbox 1100 1018 1338 1075; x_wconf 85' lang='lat' dir='ltr'><strong>LIBER</strong></span> <span class='ocrx_word' id='word_1_8' title='bbox 1371 1020 1418 1073; x_wconf 91' lang='grc' dir='ltr'><strong>Ι.</strong></span> 
     </span>
    </p>
   </div>
   <div class='ocr_carea' id='block_1_3' title="bbox 219 1200 2348 4022">
    <p class='ocr_par' dir='ltr' id='par_1_3' title="bbox 219 1200 2348 3268">
     <span class='ocr_line' id='line_1_4' title="bbox 344 1200 2348 1298; baseline -0.001 -21"><span class='ocrx_word' id='word_1_9' title='bbox 344 1212 492 1277; x_wconf 84' lang='lat' dir='ltr'><strong>Etsi</strong></span> <span class='ocrx_word' id='word_1_10' title='bbox 521 1210 798 1298; x_wconf 84' lang='lat' dir='ltr'><strong>negotiis</strong></span> <span class='ocrx_word' id='word_1_11' title='bbox 823 1211 1239 1278; x_wconf 79' lang='lat' dir='ltr'><strong>familiaribus</strong></span> <span class='ocrx_word' id='word_1_12' title='bbox 1273 1210 1563 1298; x_wconf 86' lang='lat' dir='ltr'><strong>impediti</strong></span> <span class='ocrx_word' id='word_1_13' title='bbox 1588 1212 1698 1277; x_wconf 83' lang='lat' dir='ltr'><strong>vix</strong></span> <span class='ocrx_word' id='word_1_14' title='bbox 1733 1210 1887 1277; x_wconf 87' lang='lat' dir='ltr'><strong>satis</strong></span> <span class='ocrx_word' id='word_1_15' title='bbox 1916 1210 2113 1276; x_wconf 86' lang='lat' dir='ltr'><strong>otium</strong></span> <span class='ocrx_word' id='word_1_16' title='bbox 2148 1220 2281 1275; x_wconf 85' lang='lat' dir='ltr'><strong>stu·</strong></span> <span class='ocrx_word' id='word_1_17' title='bbox 2316 1200 2348 1253; x_wconf 80' lang='lat'>1</span> 
     </span>
     <span class='ocr_line' id='line_1_5' title="bbox 225 1304 2279 1414; baseline -0 -42"><span class='ocrx_word' id='word_1_18' title='bbox 225 1306 330 1372; x_wconf 90' lang='lat' dir='ltr'><strong>dio</strong></span> <span class='ocrx_word' id='word_1_19' title='bbox 369 1307 775 1414; x_wconf 71' lang='lat' dir='ltr'><strong>suppeditare</strong></span> <span class='ocrx_word' id='word_1_20' title='bbox 809 1328 1154 1391; x_wconf 90' lang='lat' dir='ltr'><strong>possumus</strong></span> <span class='ocrx_word' id='word_1_21' title='bbox 1164 1354 1184 1385; x_wconf 89' lang='lat'><strong>,</strong></span> <span class='ocrx_word' id='word_1_22' title='bbox 1231 1318 1296 1371; x_wconf 86' lang='lat' dir='ltr'><strong>et</strong></span> <span class='ocrx_word' id='word_1_23' title='bbox 1335 1305 1457 1370; x_wconf 92' lang='lat' dir='ltr'><strong>id</strong></span> <span class='ocrx_word' id='word_1_24' title='bbox 1438 1328 1677 1393; x_wconf 88' lang='lat' dir='ltr'><strong>1psum,</strong></span> <span class='ocrx_word' id='word_1_25' title='bbox 1723 1306 1896 1389; x_wconf 91' lang='lat' dir='ltr'><strong>quod</strong></span> <span class='ocrx_word' id='word_1_26' title='bbox 1930 1305 2114 1371; x_wconf 84' lang='lat' dir='ltr'><strong>datur</strong></span> <span class='ocrx_word' id='word_1_27' title='bbox 2148 1304 2279 1383; x_wconf 84' lang='lat' dir='ltr'><strong>otii,</strong></span> 
     </span>
     <span class='ocr_line' id='line_1_6' title="bbox 225 1398 2282 1487; baseline 0.001 -24"><span class='ocrx_word' id='word_1_28' title='bbox 225 1399 590 1467; x_wconf 84' lang='lat' dir='ltr'><strong>libentius’</strong></span> <span class='ocrx_word' id='word_1_29' title='bbox 571 1424 642 1466; x_wconf 87' lang='lat' dir='ltr'><strong>m</strong></span> <span class='ocrx_word' id='word_1_30' title='bbox 680 1398 1086 1487; x_wconf 87' lang='lat' dir='ltr'><strong>philosophia</strong></span> <span class='ocrx_word' id='word_1_31' title='bbox 1129 1422 1502 1467; x_wconf 79' lang='lat' dir='ltr'>consumere</span> <span class='ocrx_word' id='word_1_32' title='bbox 1547 1399 2021 1476; x_wconf 75' lang='lat' dir='ltr'><strong>consuevimus,</strong></span> <span class='ocrx_word' id='word_1_33' title='bbox 2068 1410 2282 1465; x_wconf 85' lang='lat' dir='ltr'><strong>tamen</strong></span> 
     </span>
     <span class='ocr_line' id='line_1_7' title="bbox 225 1490 2280 1570; baseline 0 -14"><span class='ocrx_word' id='word_1_34' title='bbox 225 1504 338 1557; x_wconf 91' lang='lat' dir='ltr'><strong>tua</strong></span> <span class='ocrx_word' id='word_1_35' title='bbox 369 1516 488 1558; x_wconf 89' lang='lat' dir='ltr'><strong>nos</strong></span> <span class='ocrx_word' id='word_1_36' title='bbox 498 1540 518 1570; x_wconf 91' lang='lat'><strong>,</strong></span> <span class='ocrx_word' id='word_1_37' title='bbox 567 1490 646 1557; x_wconf 87' lang='lat' dir='ltr'><strong>C.</strong></span> <span class='ocrx_word' id='word_1_38' title='bbox 682 1494 1000 1570; x_wconf 86' lang='lat' dir='ltr'><strong>Herenni,</strong></span> <span class='ocrx_word' id='word_1_39' title='bbox 1046 1493 1339 1559; x_wconf 87' lang='lat' dir='ltr'><strong>voluntas</strong></span> <span class='ocrx_word' id='word_1_40' title='bbox 1383 1492 1753 1570; x_wconf 88' lang='lat' dir='ltr'><strong>commovit,</strong></span> <span class='ocrx_word' id='word_1_41' title='bbox 1798 1503 1871 1557; x_wconf 90' lang='lat' dir='ltr'><strong>ut</strong></span> <span class='ocrx_word' id='word_1_42' title='bbox 1914 1492 1993 1557; x_wconf 89' lang='lat' dir='ltr'><strong>de</strong></span> <span class='ocrx_word' id='word_1_43' title='bbox 2036 1493 2280 1557; x_wconf 87' lang='lat' dir='ltr'><strong>ratione</strong></span> 
     </span>
     <span class='ocr_line' id='line_1_8' title="bbox 227 1585 2280 1662; baseline -0.001 -11"><span class='ocrx_word' id='word_1_44' title='bbox 227 1586 477 1651; x_wconf 89' lang='lat' dir='ltr'><strong>dicendi</strong></span> <span class='ocrx_word' id='word_1_45' title='bbox 503 1585 1064 1662; x_wconf 88' lang='lat' dir='ltr'><strong>conscriberemus,</strong></span> <span class='ocrx_word' id='word_1_46' title='bbox 1100 1608 1182 1651; x_wconf 90' lang='lat' dir='ltr'><strong>ne</strong></span> <span class='ocrx_word' id='word_1_47' title='bbox 1211 1597 1322 1651; x_wconf 89' lang='lat' dir='ltr'><strong>aut</strong></span> <span class='ocrx_word' id='word_1_48' title='bbox 1354 1595 1467 1649; x_wconf 85' lang='lat' dir='ltr'><strong>tua</strong></span> <span class='ocrx_word' id='word_1_49' title='bbox 1500 1607 1694 1650; x_wconf 87' lang='lat' dir='ltr'><strong>causa</strong></span> <span class='ocrx_word' id='word_1_50' title='bbox 1727 1586 2009 1650; x_wconf 87' lang='lat' dir='ltr'><strong>noluisse</strong></span> <span class='ocrx_word' id='word_1_51' title='bbox 2036 1596 2147 1649; x_wconf 87' lang='lat' dir='ltr'><strong>aut</strong></span> <span class='ocrx_word' id='word_1_52' title='bbox 2178 1586 2280 1650; x_wconf 89' lang='lat' dir='ltr'><strong>fu-</strong></span> 
     </span>
     <span class='ocr_line' id='line_1_9' title="bbox 224 1679 2279 1767; baseline 0 -23"><span class='ocrx_word' id='word_1_53' title='bbox 224 1679 398 1767; x_wconf 87' lang='lat' dir='ltr'><strong>gis-se</strong></span> <span class='ocrx_word' id='word_1_54' title='bbox 431 1679 716 1745; x_wconf 88' lang='lat' dir='ltr'><strong>laborem</strong></span> <span class='ocrx_word' id='word_1_55' title='bbox 748 1701 868 1745; x_wconf 90' lang='lat' dir='ltr'><strong>nos</strong></span> <span class='ocrx_word' id='word_1_56' title='bbox 893 1688 1152 1767; x_wconf 87' lang='lat' dir='ltr'><strong>putares</strong></span> <span class='ocrx_word' id='word_1_57' title='bbox 1163 1704 1182 1758; x_wconf 85' lang='lat'>3</span> <span class='ocrx_word' id='word_1_58' title='bbox 1220 1690 1286 1745; x_wconf 90' lang='lat' dir='ltr'><strong>et</strong></span> <span class='ocrx_word' id='word_1_59' title='bbox 1320 1702 1397 1745; x_wconf 93' lang='lat' dir='ltr'><strong>eo</strong></span> <span class='ocrx_word' id='word_1_60' title='bbox 1434 1679 1777 1745; x_wconf 79' lang='lat' dir='ltr'><strong>studiosius</strong></span> <span class='ocrx_word' id='word_1_61' title='bbox 1805 1679 1927 1744; x_wconf 92' lang='lat' dir='ltr'><strong>hoc</strong></span> <span class='ocrx_word' id='word_1_62' title='bbox 1952 1679 2279 1764; x_wconf 81' lang='lat' dir='ltr'><strong>negotium</strong></span> 
     </span>
     <span class='ocr_line' id='line_1_10' title="bbox 225 1774 2277 1859; baseline -0.001 -20"><span class='ocrx_word' id='word_1_63' title='bbox 225 1774 650 1859; x_wconf 79' lang='lat' dir='ltr'><strong>suscepimus,</strong></span> <span class='ocrx_word' id='word_1_64' title='bbox 713 1774 888 1857; x_wconf 88' lang='lat' dir='ltr'><strong>quod</strong></span> <span class='ocrx_word' id='word_1_65' title='bbox 937 1784 1000 1839; x_wconf 91' lang='lat' dir='ltr'><strong>te</strong></span> <span class='ocrx_word' id='word_1_66' title='bbox 1051 1796 1182 1839; x_wconf 88' lang='lat' dir='ltr'><strong>non</strong></span> <span class='ocrx_word' id='word_1_67' title='bbox 1233 1774 1369 1839; x_wconf 88' lang='lat' dir='ltr'><strong>sine</strong></span> <span class='ocrx_word' id='word_1_68' title='bbox 1424 1796 1619 1839; x_wconf 87' lang='lat' dir='ltr'><strong>causa</strong></span> <span class='ocrx_word' id='word_1_69' title='bbox 1668 1774 1831 1839; x_wconf 88' lang='lat' dir='ltr'><strong>velle</strong></span> <span class='ocrx_word' id='word_1_70' title='bbox 1894 1794 2277 1859; x_wconf 80' lang='lat' dir='ltr'><strong>cognoscere</strong></span> 
     </span>
     <span class='ocr_line' id='line_1_11' title="bbox 220 1866 2275 1953; baseline -0.001 -20"><span class='ocrx_word' id='word_1_71' title='bbox 220 1866 602 1933; x_wconf 81' lang='lat' dir='ltr'><strong>rhetoricam</strong></span> <span class='ocrx_word' id='word_1_72' title='bbox 633 1866 1188 1953; x_wconf 81' lang='lat' dir='ltr'><strong>intellegebamus:</strong></span> <span class='ocrx_word' id='word_1_73' title='bbox 1224 1891 1354 1933; x_wconf 92' lang='lat' dir='ltr'><strong>non</strong></span> <span class='ocrx_word' id='word_1_74' title='bbox 1380 1867 1551 1933; x_wconf 86' lang='lat' dir='ltr'><strong>enim</strong></span> <span class='ocrx_word' id='word_1_75' title='bbox 1582 1868 1651 1931; x_wconf 90' lang='lat' dir='ltr'><strong>in</strong></span> <span class='ocrx_word' id='word_1_76' title='bbox 1688 1890 1757 1933; x_wconf 92' lang='lat' dir='ltr'><strong>se</strong></span> <span class='ocrx_word' id='word_1_77' title='bbox 1782 1890 2009 1953; x_wconf 87' lang='lat' dir='ltr'><strong>parum</strong></span> <span class='ocrx_word' id='word_1_78' title='bbox 2032 1867 2275 1941; x_wconf 81' lang='lat' dir='ltr'><strong>fructus</strong></span> 
     </span>
     <span class='ocr_line' id='line_1_12' title="bbox 222 1960 2280 2047; baseline -0.001 -20"><span class='ocrx_word' id='word_1_79' title='bbox 222 1961 417 2027; x_wconf 89' lang='lat' dir='ltr'><strong>habet</strong></span> <span class='ocrx_word' id='word_1_80' title='bbox 467 1960 652 2047; x_wconf 88' lang='lat' dir='ltr'><strong>copia</strong></span> <span class='ocrx_word' id='word_1_81' title='bbox 703 1961 955 2027; x_wconf 88' lang='lat' dir='ltr'><strong>dicendi</strong></span> <span class='ocrx_word' id='word_1_82' title='bbox 1005 1971 1072 2026; x_wconf 87' lang='lat' dir='ltr'><strong>et</strong></span> <span class='ocrx_word' id='word_1_83' title='bbox 1129 1961 1543 2029; x_wconf 87' lang='lat' dir='ltr'><strong>commoditas</strong></span> <span class='ocrx_word' id='word_1_84' title='bbox 1608 1961 1935 2038; x_wconf 84' lang='lat' dir='ltr'><strong>orationis,</strong></span> <span class='ocrx_word' id='word_1_85' title='bbox 2002 1962 2055 2025; x_wconf 89' lang='lat' dir='ltr'><strong>si</strong></span> <span class='ocrx_word' id='word_1_86' title='bbox 2104 1971 2280 2027; x_wconf 89' lang='lat' dir='ltr'><strong>recta</strong></span> 
     </span>
     <span class='ocr_line' id='line_1_13' title="bbox 220 2054 2277 2141; baseline -0 -21"><span class='ocrx_word' id='word_1_87' title='bbox 220 2054 656 2141; x_wconf 85' lang='lat' dir='ltr'><strong>intellegentia</strong></span> <span class='ocrx_word' id='word_1_88' title='bbox 706 2065 772 2123; x_wconf 86' lang='lat' dir='ltr'><strong>et</strong></span> <span class='ocrx_word' id='word_1_89' title='bbox 823 2054 1082 2121; x_wconf 86' lang='lat' dir='ltr'><strong>definita</strong></span> <span class='ocrx_word' id='word_1_90' title='bbox 1133 2054 1327 2121; x_wconf 88' lang='lat' dir='ltr'><strong>animi</strong></span> <span class='ocrx_word' id='word_1_91' title='bbox 1378 2055 1809 2121; x_wconf 82' lang='lat' dir='ltr'><strong>moderatione</strong></span> <span class='ocrx_word' id='word_1_92' title='bbox 1871 2057 2277 2141; x_wconf 85' lang='lat' dir='ltr'><strong>gubernetur.</strong></span> 
     </span>
     <span class='ocr_line' id='line_1_14' title="bbox 221 2145 2279 2235; baseline -0 -22"><span class='ocrx_word' id='word_1_93' title='bbox 221 2170 382 2233; x_wconf 88' lang='lat' dir='ltr'><strong>quas</strong></span> <span class='ocrx_word' id='word_1_94' title='bbox 417 2150 502 2215; x_wconf 91' lang='lat' dir='ltr'><strong>ob</strong></span> <span class='ocrx_word' id='word_1_95' title='bbox 535 2171 638 2214; x_wconf 88' lang='lat' dir='ltr'><strong>res</strong></span> <span class='ocrx_word' id='word_1_96' title='bbox 674 2148 809 2227; x_wconf 87' lang='lat' dir='ltr'><strong>illa,</strong></span> <span class='ocrx_word' id='word_1_97' title='bbox 857 2171 1018 2233; x_wconf 85' lang='lat' dir='ltr'><strong>quae</strong></span> <span class='ocrx_word' id='word_1_98' title='bbox 1056 2145 1288 2215; x_wconf 83' lang='lat' dir='ltr'><strong>Graeci</strong></span> <span class='ocrx_word' id='word_1_99' title='bbox 1332 2148 1670 2234; x_wconf 86' lang='lat' dir='ltr'><strong>scriptores</strong></span> <span class='ocrx_word' id='word_1_100' title='bbox 1712 2148 1920 2213; x_wconf 88' lang='lat' dir='ltr'><strong>inanis</strong></span> <span class='ocrx_word' id='word_1_101' title='bbox 1968 2149 2279 2235; x_wconf 85' lang='lat' dir='ltr'><strong>adrogan-</strong></span> 
     </span>
     <span class='ocr_line' id='line_1_15' title="bbox 222 2242 2276 2330; baseline -0.001 -22"><span class='ocrx_word' id='word_1_102' title='bbox 222 2243 348 2308; x_wconf 87' lang='lat' dir='ltr'><strong>tiae</strong></span> <span class='ocrx_word' id='word_1_103' title='bbox 385 2264 580 2308; x_wconf 85' lang='lat' dir='ltr'><strong>causa</strong></span> <span class='ocrx_word' id='word_1_104' title='bbox 623 2243 744 2308; x_wconf 89' lang='lat' dir='ltr'><strong>sibi</strong></span> <span class='ocrx_word' id='word_1_105' title='bbox 808 2244 1324 2330; x_wconf 77' lang='lat' dir='ltr'><strong>adsumpserunt,</strong></span> <span class='ocrx_word' id='word_1_106' title='bbox 1377 2242 1777 2328; x_wconf 86' lang='lat' dir='ltr'><strong>reliquimus.</strong></span> <span class='ocrx_word' id='word_1_107' title='bbox 1830 2266 1981 2308; x_wconf 90' lang='lat' dir='ltr'><strong>nam</strong></span> <span class='ocrx_word' id='word_1_108' title='bbox 2023 2242 2141 2320; x_wconf 90' lang='lat' dir='ltr'><strong>illi,</strong></span> <span class='ocrx_word' id='word_1_109' title='bbox 2196 2264 2276 2307; x_wconf 93' lang='lat' dir='ltr'><strong>ne</strong></span> 
     </span>
     <span class='ocr_line' id='line_1_16' title="bbox 221 2337 2277 2423; baseline 0 -22"><span class='ocrx_word' id='word_1_110' title='bbox 221 2360 448 2423; x_wconf 89' lang='lat' dir='ltr'><strong>parum</strong></span> <span class='ocrx_word' id='word_1_111' title='bbox 489 2337 690 2402; x_wconf 89' lang='grc'>11111118</span> <span class='ocrx_word' id='word_1_112' title='bbox 733 2337 932 2404; x_wconf 89' lang='lat' dir='ltr'><strong>scisse</strong></span> <span class='ocrx_word' id='word_1_113' title='bbox 977 2337 1368 2415; x_wconf 87' lang='lat' dir='ltr'><strong>viderentur,</strong></span> <span class='ocrx_word' id='word_1_114' title='bbox 1414 2360 1493 2403; x_wconf 91' lang='lat' dir='ltr'><strong>ea</strong></span> <span class='ocrx_word' id='word_1_115' title='bbox 1528 2338 2067 2422; x_wconf 87' lang='lat' dir='ltr'><strong>conquisiverunt,</strong></span> <span class='ocrx_word' id='word_1_116' title='bbox 2112 2359 2277 2420; x_wconf 87' lang='lat' dir='ltr'><strong>quae</strong></span> 
     </span>
     <span class='ocr_line' id='line_1_17' title="bbox 221 2430 2274 2518; baseline 0.001 -23"><span class='ocrx_word' id='word_1_117' title='bbox 221 2430 380 2496; x_wconf 87' lang='grc'>1111111</span> <span class='ocrx_word' id='word_1_118' title='bbox 417 2432 792 2508; x_wconf 83' lang='lat' dir='ltr'><strong>attinebant,</strong></span> <span class='ocrx_word' id='word_1_119' title='bbox 837 2442 910 2496; x_wconf 95' lang='lat' dir='ltr'><strong>ut</strong></span> <span class='ocrx_word' id='word_1_120' title='bbox 954 2455 1057 2496; x_wconf 88' lang='lat' dir='ltr'><strong>ars</strong></span> <span class='ocrx_word' id='word_1_121' title='bbox 1104 2432 1421 2498; x_wconf 81' lang='lat' dir='ltr'><strong>difficilior</strong></span> <span class='ocrx_word' id='word_1_122' title='bbox 1456 2433 1714 2518; x_wconf 86' lang='lat' dir='ltr'><strong>cognitu</strong></span> <span class='ocrx_word' id='word_1_123' title='bbox 1755 2449 2111 2518; x_wconf 82' lang='lat' dir='ltr'><strong>putaretur3</strong></span> <span class='ocrx_word' id='word_1_124' title='bbox 2156 2455 2274 2498; x_wconf 87' lang='lat' dir='ltr'><strong>nos</strong></span> 
     </span>
     <span class='ocr_line' id='line_1_18' title="bbox 222 2525 2277 2632; baseline 0 -43"><span class='ocrx_word' id='word_1_125' title='bbox 222 2547 317 2602; x_wconf 89' lang='lat' dir='ltr'><strong>ea,</strong></span> <span class='ocrx_word' id='word_1_126' title='bbox 337 2547 500 2609; x_wconf 87' lang='lat' dir='ltr'><strong>quae</strong></span> <span class='ocrx_word' id='word_1_127' title='bbox 527 2525 903 2590; x_wconf 86' lang='lat' dir='ltr'><strong>videbantur</strong></span> <span class='ocrx_word' id='word_1_128' title='bbox 929 2527 1014 2592; x_wconf 87' lang='lat' dir='ltr'><strong>ad</strong></span> <span class='ocrx_word' id='word_1_129' title='bbox 1035 2527 1346 2592; x_wconf 88' lang='lat' dir='ltr'><strong>rationem</strong></span> <span class='ocrx_word' id='word_1_130' title='bbox 1372 2527 1623 2590; x_wconf 89' lang='lat' dir='ltr'><strong>dicendi</strong></span> <span class='ocrx_word' id='word_1_131' title='bbox 1649 2526 1982 2612; x_wconf 85' lang='lat' dir='ltr'><strong>pertinere,</strong></span> <span class='ocrx_word' id='word_1_132' title='bbox 2006 2527 2277 2632; x_wconf 79' lang='lat' dir='ltr'><strong>sumpsi-</strong></span> 
     </span>
     <span class='ocr_line' id='line_1_19' title="bbox 219 2619 2275 2705; baseline 0 -23"><span class='ocrx_word' id='word_1_133' title='bbox 219 2641 382 2682; x_wconf 89' lang='lat' dir='ltr'><strong>mus.</strong></span> <span class='ocrx_word' id='word_1_134' title='bbox 429 2641 560 2682; x_wconf 89' lang='lat' dir='ltr'><strong>non</strong></span> <span class='ocrx_word' id='word_1_135' title='bbox 595 2619 764 2682; x_wconf 89' lang='lat' dir='ltr'><strong>enim</strong></span> <span class='ocrx_word' id='word_1_136' title='bbox 801 2641 914 2703; x_wconf 89' lang='lat' dir='ltr'><strong>spe</strong></span> <span class='ocrx_word' id='word_1_137' title='bbox 948 2629 1252 2701; x_wconf 78' lang='lat' dir='ltr'><strong>quaestus</strong></span> <span class='ocrx_word' id='word_1_138' title='bbox 1281 2629 1390 2683; x_wconf 90' lang='lat' dir='ltr'><strong>aut</strong></span> <span class='ocrx_word' id='word_1_139' title='bbox 1424 2619 1627 2705; x_wconf 88' lang='lat' dir='ltr'><strong>gloria</strong></span> <span class='ocrx_word' id='word_1_140' title='bbox 1652 2619 1951 2684; x_wconf 91' lang='lat' dir='ltr'><strong>commoti</strong></span> <span class='ocrx_word' id='word_1_141' title='bbox 1985 2619 2275 2682; x_wconf 88' lang='lat' dir='ltr'><strong>venimus</strong></span> 
     </span>
     <span class='ocr_line' id='line_1_20' title="bbox 223 2711 2277 2795; baseline 0 -19"><span class='ocrx_word' id='word_1_142' title='bbox 223 2712 306 2776; x_wconf 90' lang='lat' dir='ltr'><strong>ad</strong></span> <span class='ocrx_word' id='word_1_143' title='bbox 342 2711 772 2790; x_wconf 87' lang='lat' dir='ltr'><strong>scribendum,</strong></span> <span class='ocrx_word' id='word_1_144' title='bbox 819 2734 1010 2795; x_wconf 88' lang='lat' dir='ltr'><strong>quem</strong></span> <span class='ocrx_word' id='word_1_145' title='bbox 1041 2713 1126 2776; x_wconf 88' lang='lat' dir='ltr'><strong>ad</strong></span> <span class='ocrx_word' id='word_1_146' title='bbox 1160 2713 1421 2776; x_wconf 90' lang='lat' dir='ltr'><strong>modum</strong></span> <span class='ocrx_word' id='word_1_147' title='bbox 1456 2714 1675 2789; x_wconf 84' lang='lat' dir='ltr'><strong>ceteri,</strong></span> <span class='ocrx_word' id='word_1_148' title='bbox 1715 2714 1830 2778; x_wconf 90' lang='lat' dir='ltr'><strong>sed</strong></span> <span class='ocrx_word' id='word_1_149' title='bbox 1863 2722 1935 2775; x_wconf 90' lang='lat' dir='ltr'><strong>ut</strong></span> <span class='ocrx_word' id='word_1_150' title='bbox 1967 2712 2277 2776; x_wconf 88' lang='lat' dir='ltr'><strong>industria</strong></span> 
     </span>
     <span class='ocr_line' id='line_1_21' title="bbox 220 2805 2276 2892; baseline 0.001 -24"><span class='ocrx_word' id='word_1_151' title='bbox 220 2815 441 2870; x_wconf 86' lang='lat' dir='ltr'><strong>nostra</strong></span> <span class='ocrx_word' id='word_1_152' title='bbox 474 2813 621 2870; x_wconf 89' lang='lat' dir='ltr'><strong>tuae</strong></span> <span class='ocrx_word' id='word_1_153' title='bbox 654 2827 896 2870; x_wconf 88' lang='lat' dir='ltr'><strong>morem</strong></span> <span class='ocrx_word' id='word_1_154' title='bbox 931 2827 1228 2892; x_wconf 86' lang='lat' dir='ltr'><strong>geramus</strong></span> <span class='ocrx_word' id='word_1_155' title='bbox 1262 2805 1591 2870; x_wconf 89' lang='lat' dir='ltr'><strong>voluntati.</strong></span> <span class='ocrx_word' id='word_1_156' title='bbox 1662 2827 1860 2881; x_wconf 89' lang='lat' dir='ltr'><strong>nunc,</strong></span> <span class='ocrx_word' id='word_1_157' title='bbox 1896 2827 1978 2870; x_wconf 91' lang='lat' dir='ltr'><strong>ne</strong></span> <span class='ocrx_word' id='word_1_158' title='bbox 2012 2805 2276 2870; x_wconf 88' lang='lat' dir='ltr'><strong>nimium</strong></span> 
     </span>
     <span class='ocr_line' id='line_1_22' title="bbox 220 2899 2276 2986; baseline 0 -21"><span class='ocrx_word' id='word_1_159' title='bbox 220 2899 416 2986; x_wconf 87' lang='lat' dir='ltr'><strong>longa</strong></span> <span class='ocrx_word' id='word_1_160' title='bbox 477 2909 760 2966; x_wconf 85' lang='lat' dir='ltr'><strong>sumatur</strong></span> <span class='ocrx_word' id='word_1_161' title='bbox 819 2901 1048 2978; x_wconf 86' lang='lat' dir='ltr'><strong>oratio,</strong></span> <span class='ocrx_word' id='word_1_162' title='bbox 1113 2900 1192 2964; x_wconf 89' lang='lat' dir='ltr'><strong>de</strong></span> <span class='ocrx_word' id='word_1_163' title='bbox 1248 2922 1317 2964; x_wconf 90' lang='lat' dir='ltr'><strong>re</strong></span> <span class='ocrx_word' id='word_1_164' title='bbox 1371 2899 1580 2965; x_wconf 85' lang='lat' dir='ltr'><strong>dicere</strong></span> <span class='ocrx_word' id='word_1_165' title='bbox 1640 2899 2011 2986; x_wconf 86' lang='lat' dir='ltr'><strong>incipiemus</strong></span> <span class='ocrx_word' id='word_1_166' title='bbox 2024 2949 2041 2976; x_wconf 93' lang='lat'><strong><em>‚</em></strong></span> <span class='ocrx_word' id='word_1_167' title='bbox 2106 2899 2162 2965; x_wconf 90' lang='lat' dir='ltr'><strong>si</strong></span> <span class='ocrx_word' id='word_1_168' title='bbox 2213 2911 2276 2966; x_wconf 92' lang='lat' dir='ltr'><strong>te</strong></span> 
     </span>
     <span class='ocr_line' id='line_1_23' title="bbox 219 2993 2276 3072; baseline -0.001 -12"><span class='ocrx_word' id='word_1_169' title='bbox 219 3017 420 3060; x_wconf 90' lang='lat' dir='ltr'><strong>unum</strong></span> <span class='ocrx_word' id='word_1_170' title='bbox 461 2993 620 3058; x_wconf 88' lang='lat' dir='ltr'><strong>illud</strong></span> <span class='ocrx_word' id='word_1_171' title='bbox 663 2993 1090 3060; x_wconf 87' lang='lat' dir='ltr'><strong>monuerimus</strong></span> <span class='ocrx_word' id='word_1_172' title='bbox 1103 3043 1120 3072; x_wconf 94' lang='lat'><strong>,</strong></span> <span class='ocrx_word' id='word_1_173' title='bbox 1176 3004 1376 3059; x_wconf 89' lang='lat' dir='ltr'><strong>artem</strong></span> <span class='ocrx_word' id='word_1_174' title='bbox 1422 2993 1557 3060; x_wconf 86' lang='lat' dir='ltr'><strong>sine</strong></span> <span class='ocrx_word' id='word_1_175' title='bbox 1603 2993 1981 3059; x_wconf 86' lang='lat' dir='ltr'><strong>adsiduitate</strong></span> <span class='ocrx_word' id='word_1_176' title='bbox 2026 2993 2276 3061; x_wconf 86' lang='lat' dir='ltr'><strong>dicendi</strong></span> 
     </span>
     <span class='ocr_line' id='line_1_24' title="bbox 219 3087 2277 3176; baseline 0.001 -24"><span class='ocrx_word' id='word_1_177' title='bbox 219 3111 352 3154; x_wconf 86' lang='lat' dir='ltr'><strong>non</strong></span> <span class='ocrx_word' id='word_1_178' title='bbox 402 3087 672 3154; x_wconf 87' lang='lat' dir='ltr'><strong>multum</strong></span> <span class='ocrx_word' id='word_1_179' title='bbox 720 3088 965 3154; x_wconf 86' lang='lat' dir='ltr'><strong>iuvare·</strong></span> <span class='ocrx_word' id='word_1_180' title='bbox 1017 3099 1090 3154; x_wconf 89' lang='lat' dir='ltr'><strong>ut</strong></span> <span class='ocrx_word' id='word_1_181' title='bbox 1129 3087 1464 3174; x_wconf 82' lang='lat' dir='ltr'><strong>intellegas</strong></span> <span class='ocrx_word' id='word_1_182' title='bbox 1519 3088 1683 3154; x_wconf 88' lang='lat' dir='ltr'><strong>hanc</strong></span> <span class='ocrx_word' id='word_1_183' title='bbox 1734 3089 2043 3154; x_wconf 86' lang='lat' dir='ltr'><strong>rationem</strong></span> <span class='ocrx_word' id='word_1_184' title='bbox 2091 3111 2277 3176; x_wconf 88' lang='lat' dir='ltr'><strong>prae-</strong></span> 
     </span>
     <span class='ocr_line' id='line_1_25' title="bbox 222 3181 2048 3268; baseline 0 -20"><span class='ocrx_word' id='word_1_185' title='bbox 222 3183 528 3268; x_wconf 88' lang='lat' dir='ltr'><strong>ceptionis</strong></span> <span class='ocrx_word' id='word_1_186' title='bbox 567 3183 650 3247; x_wconf 90' lang='lat' dir='ltr'><strong>ad</strong></span> <span class='ocrx_word' id='word_1_187' title='bbox 684 3183 1196 3248; x_wconf 85' lang='lat' dir='ltr'><strong>exercitationem</strong></span> <span class='ocrx_word' id='word_1_188' title='bbox 1233 3181 1703 3248; x_wconf 71' lang='lat' dir='ltr'><strong>adcommodati</strong></span> <span class='ocrx_word' id='word_1_189' title='bbox 1738 3194 2048 3268; x_wconf 88' lang='lat' dir='ltr'><strong>oportere.</strong></span> 
     </span>
    </p>

    <p class='ocr_par' dir='ltr' id='par_1_4' title="bbox 219 3274 2343 4022">
     <span class='ocr_line' id='line_1_26' title="bbox 344 3274 2343 3362; baseline -0.001 -19"><span class='ocrx_word' id='word_1_190' title='bbox 344 3274 636 3343; x_wconf 87' lang='lat' dir='ltr'><strong>Oratoris</strong></span> <span class='ocrx_word' id='word_1_191' title='bbox 673 3276 952 3342; x_wconf 88' lang='lat' dir='ltr'><strong>officium</strong></span> <span class='ocrx_word' id='word_1_192' title='bbox 987 3287 1105 3355; x_wconf 87' lang='lat' dir='ltr'><strong>est,</strong></span> <span class='ocrx_word' id='word_1_193' title='bbox 1143 3277 1221 3342; x_wconf 90' lang='lat' dir='ltr'><strong>de</strong></span> <span class='ocrx_word' id='word_1_194' title='bbox 1263 3277 1356 3342; x_wconf 86' lang='lat' dir='ltr'><strong>eis</strong></span> <span class='ocrx_word' id='word_1_195' title='bbox 1391 3277 1583 3342; x_wconf 90' lang='lat' dir='ltr'><strong>rebus</strong></span> <span class='ocrx_word' id='word_1_196' title='bbox 1617 3298 1811 3362; x_wconf 89' lang='lat' dir='ltr'><strong>posse</strong></span> <span class='ocrx_word' id='word_1_197' title='bbox 1847 3277 2074 3354; x_wconf 89' lang='lat' dir='ltr'><strong>dicere,</strong></span> <span class='ocrx_word' id='word_1_198' title='bbox 2112 3298 2275 3360; x_wconf 89' lang='lat' dir='ltr'><strong>quae</strong></span> <span class='ocrx_word' id='word_1_199' title='bbox 2308 3275 2343 3326; x_wconf 82' lang='lat'>2</span> 
     </span>
     <span class='ocr_line' id='line_1_27' title="bbox 219 3347 2343 3459; baseline 0 -23"><span class='ocrx_word' id='word_1_200' title='bbox 219 3394 324 3437; x_wconf 88' lang='lat' dir='ltr'><strong>res</strong></span> <span class='ocrx_word' id='word_1_201' title='bbox 362 3373 444 3436; x_wconf 90' lang='lat' dir='ltr'><strong>ad</strong></span> <span class='ocrx_word' id='word_1_202' title='bbox 477 3395 666 3438; x_wconf 89' lang='lat' dir='ltr'><strong>usum</strong></span> <span class='ocrx_word' id='word_1_203' title='bbox 701 3371 952 3440; x_wconf 82' lang='lat' dir='ltr'><strong>civilem</strong></span> <span class='ocrx_word' id='word_1_204' title='bbox 984 3372 1266 3438; x_wconf 86' lang='lat' dir='ltr'><strong>moribus</strong></span> <span class='ocrx_word' id='word_1_205' title='bbox 1304 3393 1379 3436; x_wconf 89' lang='lat' dir='ltr'><strong>ac</strong></span> <span class='ocrx_word' id='word_1_206' title='bbox 1412 3372 1663 3459; x_wconf 87' lang='lat' dir='ltr'><strong>legibus</strong></span> <span class='ocrx_word' id='word_1_207' title='bbox 1691 3373 2068 3438; x_wconf 84' lang='lat' dir='ltr'><strong>constitutae</strong></span> <span class='ocrx_word' id='word_1_208' title='bbox 2106 3347 2343 3450; x_wconf 67' lang='lat' dir='ltr'><strong>sunt‚²</strong></span> 
     </span>
     <span class='ocr_line' id='line_1_28' title="bbox 224 3451 2276 3552; baseline -0 -22"><span class='ocrx_word' id='word_1_209' title='bbox 224 3487 369 3530; x_wconf 90' lang='lat' dir='ltr'><strong>cum</strong></span> <span class='ocrx_word' id='word_1_210' title='bbox 404 3465 780 3531; x_wconf 88' lang='lat' dir='ltr'><strong>adsensione</strong></span> <span class='ocrx_word' id='word_1_211' title='bbox 817 3468 1199 3545; x_wconf 89' lang='lat' dir='ltr'><strong>auditorum,</strong></span> <span class='ocrx_word' id='word_1_212' title='bbox 1237 3466 1451 3550; x_wconf 90' lang='lat' dir='ltr'><strong>quoad</strong></span> <span class='ocrx_word' id='word_1_213' title='bbox 1486 3466 1621 3530; x_wconf 89' lang='lat' dir='ltr'><strong>eius</strong></span> <span class='ocrx_word' id='word_1_214' title='bbox 1656 3465 1794 3530; x_wconf 89' lang='lat' dir='ltr'><strong>fieri</strong></span> <span class='ocrx_word' id='word_1_215' title='bbox 1824 3451 2075 3552; x_wconf 88' lang='lat' dir='ltr'><strong>poterit.</strong></span> <span class='ocrx_word' id='word_1_216' title='bbox 2154 3465 2276 3530; x_wconf 90' lang='lat' dir='ltr'><strong>tria</strong></span> 
     </span>
     <span class='ocr_line' id='line_1_29' title="bbox 223 3559 2275 3645; baseline -0.001 -21"><span class='ocrx_word' id='word_1_217' title='bbox 223 3568 372 3624; x_wconf 88' lang='lat' dir='ltr'><strong>sunt</strong></span> <span class='ocrx_word' id='word_1_218' title='bbox 413 3581 650 3645; x_wconf 88' lang='lat' dir='ltr'><strong>genera</strong></span> <span class='ocrx_word' id='word_1_219' title='bbox 692 3581 1052 3638; x_wconf 88' lang='lat' dir='ltr'><strong>causarum,</strong></span> <span class='ocrx_word' id='word_1_220' title='bbox 1107 3583 1270 3644; x_wconf 90' lang='lat' dir='ltr'><strong>quae</strong></span> <span class='ocrx_word' id='word_1_221' title='bbox 1311 3560 1593 3645; x_wconf 88' lang='lat' dir='ltr'><strong>recipere</strong></span> <span class='ocrx_word' id='word_1_222' title='bbox 1639 3559 1829 3626; x_wconf 86' lang='lat' dir='ltr'><strong>debet</strong></span> <span class='ocrx_word' id='word_1_223' title='bbox 1872 3569 2108 3626; x_wconf 83' lang='grc'>018101.</span> <span class='ocrx_word' id='word_1_224' title='bbox 2164 3559 2275 3623; x_wconf 87' lang='lat' dir='ltr'><strong>de·-</strong></span> 
     </span>
     <span class='ocr_line' id='line_1_30' title="bbox 219 3651 2274 3731; baseline -0.001 -13"><span class='ocrx_word' id='word_1_225' title='bbox 219 3651 726 3728; x_wconf 86' lang='lat' dir='ltr'><strong>monstrativum,</strong></span> <span class='ocrx_word' id='word_1_226' title='bbox 763 3653 1270 3731; x_wconf 86' lang='lat' dir='ltr'><strong>deliberativum,</strong></span> <span class='ocrx_word' id='word_1_227' title='bbox 1305 3653 1616 3718; x_wconf 88' lang='lat' dir='ltr'><strong>iudiciale.</strong></span> <span class='ocrx_word' id='word_1_228' title='bbox 1708 3651 2274 3720; x_wconf 82' lang='lat' dir='ltr'><strong>demonstrativum</strong></span> 
     </span>
     <span class='ocr_line' id='line_1_31' title="bbox 221 3744 2275 3834; baseline -0.002 -20"><span class='ocrx_word' id='word_1_229' title='bbox 221 3759 347 3827; x_wconf 87' lang='lat' dir='ltr'><strong>est,</strong></span> <span class='ocrx_word' id='word_1_230' title='bbox 402 3747 576 3832; x_wconf 90' lang='lat' dir='ltr'><strong>quod</strong></span> <span class='ocrx_word' id='word_1_231' title='bbox 625 3746 917 3812; x_wconf 88' lang='lat' dir='ltr'><strong>tribuitur</strong></span> <span class='ocrx_word' id='word_1_232' title='bbox 967 3747 1035 3812; x_wconf 90' lang='lat' dir='ltr'><strong>in</strong></span> <span class='ocrx_word' id='word_1_233' title='bbox 1087 3747 1350 3812; x_wconf 88' lang='lat' dir='ltr'><strong>alicuius</strong></span> <span class='ocrx_word' id='word_1_234' title='bbox 1404 3758 1613 3813; x_wconf 82' lang='lat' dir='ltr'><strong>certae</strong></span> <span class='ocrx_word' id='word_1_235' title='bbox 1665 3769 1976 3834; x_wconf 83' lang='lat' dir='ltr'><strong>personae</strong></span> <span class='ocrx_word' id='word_1_236' title='bbox 2018 3744 2275 3812; x_wconf 87' lang='lat' dir='ltr'><strong>laudem</strong></span> 
     </span>
     <span class='ocr_line' id='line_1_32' title="bbox 223 3837 2274 3928; baseline -0 -22"><span class='ocrx_word' id='word_1_237' title='bbox 223 3853 332 3907; x_wconf 89' lang='lat' dir='ltr'><strong>aut</strong></span> <span class='ocrx_word' id='word_1_238' title='bbox 364 3840 918 3928; x_wconf 84' lang='lat' dir='ltr'><strong>vituperationem3</strong></span> <span class='ocrx_word' id='word_1_239' title='bbox 966 3841 1444 3908; x_wconf 87' lang='lat' dir='ltr'><strong>deliberativum</strong></span> <span class='ocrx_word' id='word_1_240' title='bbox 1480 3852 1604 3919; x_wconf 89' lang='lat' dir='ltr'><strong>est,</strong></span> <span class='ocrx_word' id='word_1_241' title='bbox 1655 3837 1855 3926; x_wconf 87' lang='lat' dir='ltr'><strong>[quod</strong></span> <span class='ocrx_word' id='word_1_242' title='bbox 1889 3850 1989 3905; x_wconf 89' lang='lat' dir='ltr'><strong>est</strong></span> <span class='ocrx_word' id='word_1_243' title='bbox 2019 3839 2087 3904; x_wconf 92' lang='lat' dir='ltr'><strong>in</strong></span> <span class='ocrx_word' id='word_1_244' title='bbox 2124 3861 2274 3905; x_wconf 89' lang='lat' dir='ltr'><strong>con-</strong></span> 
     </span>
     <span class='ocr_line' id='line_1_33' title="bbox 223 3933 2269 4022; baseline -0 -22"><span class='ocrx_word' id='word_1_245' title='bbox 223 3933 588 4022; x_wconf 87' lang='lat' dir='ltr'><strong>sultatione]</strong></span> <span class='ocrx_word' id='word_1_246' title='bbox 628 3935 800 4020; x_wconf 88' lang='lat' dir='ltr'><strong>quod</strong></span> <span class='ocrx_word' id='word_1_247' title='bbox 841 3935 1034 4003; x_wconf 85' lang='lat' dir='ltr'><strong>habet</strong></span> <span class='ocrx_word' id='word_1_248' title='bbox 1066 3935 1134 4000; x_wconf 92' lang='lat' dir='ltr'><strong>in</strong></span> <span class='ocrx_word' id='word_1_249' title='bbox 1171 3959 1240 4002; x_wconf 89' lang='lat' dir='ltr'><strong>se</strong></span> <span class='ocrx_word' id='word_1_250' title='bbox 1287 3936 1649 4000; x_wconf 88' lang='lat' dir='ltr'><strong>suasionem</strong></span> <span class='ocrx_word' id='word_1_251' title='bbox 1682 3945 1748 3998; x_wconf 92' lang='lat' dir='ltr'><strong>et</strong></span> <span class='ocrx_word' id='word_1_252' title='bbox 1781 3934 2243 4000; x_wconf 87' lang='lat' dir='ltr'><strong>dissuasionem</strong></span> <span class='ocrx_word' id='word_1_253' title='bbox 2249 3960 2269 4012; x_wconf 85' lang='lat'><em>3</em></span> 
     </span>
    </p>
   </div>
   <div class='ocr_carea' id='block_1_4' title="bbox 219 4026 2271 4182">
    <p class='ocr_par' dir='ltr' id='par_1_5' title="bbox 219 4026 2271 4182">
     <span class='ocr_line' id='line_1_34' title="bbox 219 4026 2271 4118; baseline 0.001 -25"><span class='ocrx_word' id='word_1_254' title='bbox 219 4028 511 4095; x_wconf 86' lang='lat' dir='ltr'><strong>iudiciale</strong></span> <span class='ocrx_word' id='word_1_255' title='bbox 565 4041 690 4108; x_wconf 90' lang='lat' dir='ltr'><strong>est,</strong></span> <span class='ocrx_word' id='word_1_256' title='bbox 748 4026 949 4116; x_wconf 90' lang='lat' dir='ltr'><strong>[quod</strong></span> <span class='ocrx_word' id='word_1_257' title='bbox 997 4030 1276 4116; x_wconf 88' lang='lat' dir='ltr'><strong>positum</strong></span> <span class='ocrx_word' id='word_1_258' title='bbox 1329 4040 1429 4095; x_wconf 89' lang='lat' dir='ltr'><strong>est</strong></span> <span class='ocrx_word' id='word_1_259' title='bbox 1478 4031 1547 4094; x_wconf 89' lang='lat' dir='ltr'><strong>in</strong></span> <span class='ocrx_word' id='word_1_260' title='bbox 1598 4029 2053 4118; x_wconf 84' lang='lat' dir='ltr'><strong>controversia]</strong></span> <span class='ocrx_word' id='word_1_261' title='bbox 2079 4030 2271 4115; x_wconf 73' lang='lat' dir='ltr'><strong>quod</strong></span> 
     </span>
     <span class='ocr_line' id='line_1_35' title="bbox 329 4129 1925 4182; baseline -0.004 -8"><span class='ocrx_word' id='word_1_262' title='bbox 329 4129 551 4175; x_wconf 61' lang='lat' dir='ltr'><strong>ciceronis</strong></span> <span class='ocrx_word' id='word_1_263' title='bbox 568 4131 653 4174; x_wconf 79' lang='lat' dir='ltr'><strong>vol.</strong></span> <span class='ocrx_word' id='word_1_264' title='bbox 674 4131 710 4176; x_wconf 90' lang='grc' dir='ltr'><strong>Ι.</strong></span> <span class='ocrx_word' id='word_1_265' title='bbox 1898 4137 1925 4182; x_wconf 86' lang='lat'>1</span> 
     </span>
    </p>
   </div>
   <div class='ocr_carea' id='block_1_5' title="bbox 2679 3094 2735 4376">
    <p class='ocr_par' dir='ltr' id='par_1_6' title="bbox 2679 3094 2735 4376">
     <span class='ocr_line' id='line_1_36' title="bbox 2679 3094 2735 4376; baseline 0 0"><span class='ocrx_word' id='word_1_266' title='bbox 2679 3094 2735 4376; x_wconf 95' lang='lat' dir='ltr'><strong> </strong></span> 
     </span>
    </p>
   </div>
  </div>
 </body>
</html>
