2784 4575
11 2114 21 2164 ι...-

878 283 984 337 DE
1020 282 1509 341 INVENTIONE
1545 285 1591 340 1.
1629 285 1678 355 1,
1716 285 1768 340 2.
2228 275 2361 342 103

806 788 904 855 M.
951 789 1284 858 TULLII
1329 789 1834 860 CICERONIS

326 889 1095 959 RHETORICORUM
1136 892 1399 960 LIBRI
1438 894 1645 963 DUO
1691 894 1861 977 QUI
1906 893 2147 964 SUNT
2190 896 2322 962 DE

723 993 1295 1062 INVENTIONE
1337 995 1911 1072 RHETORICA.

1037 1154 1276 1210 LIBER
1311 1156 1619 1213 PRIMUS.

419 1345 628 1433 Saepe
665 1356 731 1411 et
763 1346 1036 1411 multum
1061 1346 1184 1412 hoc
1212 1366 1463 1412 mecum
1498 1347 1793 1434 cogitavi,
1828 1348 2063 1416 bonine
2099 1373 2180 1414 an
2205 1349 2355 1414 mali
2392 1370 2424 1422 1

295 1441 439 1527 plus
483 1438 763 1506 attulerit
813 1439 1175 1506 hominibus
1222 1451 1288 1506 et
1341 1441 1700 1506 civitatibus
1756 1442 1938 1528 copia
1990 1444 2241 1508 dicendi
2283 1465 2357 1508 ac
2393 1444 2417 1480 ²

299 1557 613 1600 summum
657 1535 1052 1618 eloquentiae
1107 1535 1417 1601 studium:
1470 1559 1620 1601 nam
1664 1558 1810 1600 cum
1854 1549 1920 1602 et
1959 1549 2213 1604 nostrae
2264 1537 2359 1603 rei

292 1629 584 1717 publicae
637 1629 1015 1694 detrimenta
1067 1629 1399 1695 considero
1455 1640 1521 1694 et
1568 1629 1988 1694 maximarum
2032 1629 2358 1695 civitatum

293 1735 540 1789 veteres
596 1722 806 1788 animo
851 1723 1240 1788 calamitates
1287 1723 1569 1810 conligo,
1623 1746 1753 1789 non
1803 1723 2130 1789 minimam
2170 1723 2357 1788 video

291 1839 406 1904 per
451 1816 902 1882 disertissimos
949 1816 1236 1882 homines
1280 1817 1597 1883 invectam
1638 1826 1887 1902 partem
1928 1817 2359 1883 incommodo-

292 1933 465 1988 rum3
504 1933 650 1975 cum
685 1920 900 1976 autem
929 1932 1033 1976 res
1071 1911 1152 1976 ab
1188 1922 1411 1977 nostra
1444 1910 1751 1976 memoria
1781 1921 2042 1997 propter
2077 1921 2360 1976 vetusta-

295 2017 426 2069 tem
457 2015 736 2070 remotas
774 2026 856 2069 ex
888 2003 1240 2070 litterarum
1282 2005 1709 2071 monumentis
1753 2016 2039 2091 repetere
2075 2004 2356 2083 instituo,

295 2100 526 2165 multas
563 2100 754 2164 urbes
792 2100 1197 2178 constitutas,
1240 2101 1515 2186 plurima
1556 2101 1727 2166 bella
1759 2100 2088 2179 restincta,
2131 2100 2361 2165 firmis-

185 2223 192 2228 ·
299 2194 493 2259 simas
557 2191 924 2272 societates,
989 2193 1425 2259 sanctissimas
1480 2193 1789 2259 amicitias
1852 2195 2153 2282 intellego
2216 2215 2361 2260 cum

301 2287 495 2353 animi
525 2289 766 2355 ratione
802 2300 937 2353 tum
970 2289 1220 2355 facilius
1258 2289 1623 2374 eloquentia
1656 2300 2072 2375 comparatae.
2147 2310 2222 2354 ac
2253 2311 2359 2354 me

301 2381 555 2466 quidem
581 2382 690 2446 diu
713 2382 1099 2469 cogitantem
1124 2383 1286 2448 ratio
1312 2382 1457 2469 ipsa
1488 2383 1557 2449 in
1588 2383 1754 2449 hanc
1777 2383 2180 2469 potissimum
2216 2405 2360 2448 sen-

299 2475 560 2541 tentiam
604 2476 803 2554 ducit,
855 2488 930 2541 ut
981 2477 1338 2542 existimem
1392 2478 1768 2563 sapientiam
1813 2478 1948 2542 sine
2002 2476 2361 2559 eloquentia

294 2594 520 2680 parum
569 2570 876 2658 prodesse
931 2571 1321 2649 civitatibus,
1384 2572 1808 2655 eloquentiam
1862 2594 2012 2636 vero
2066 2570 2204 2635 sine
2258 2592 2359 2635 sa—

296 2666 536 2751 pientia
585 2664 852 2730 nimium
904 2666 1134 2732 obesse
1177 2665 1579 2751 plerumque,
1630 2664 1939 2751 prodesse
1991 2684 2357 2747 numquam.

299 2781 426 2845 qua
447 2782 518 2823 re
544 2759 600 2824 si
619 2760 758 2845 quis
795 2760 1047 2827 omissis
1081 2759 1455 2826 rectissimis
1492 2769 1680 2843 atque
1725 2756 2189 2824 honestissimis
2228 2767 2361 2823 stu-

301 2854 421 2919 diis
465 2855 722 2922 rationis
767 2866 833 2921 et
866 2855 1062 2922 officii
1109 2854 1429 2921 consumit
1470 2876 1722 2921 omnem
1767 2875 2027 2938 operam
2069 2852 2137 2916 111
2181 2873 2361 2917 exer-

301 2950 591 3017 citatione
629 2952 906 3030 dicendi,
941 2952 998 3016 is
1032 2951 1272 3016 inutilis
1312 2949 1462 3027 sibi,
1497 2947 1890 3036 perniciosus
1926 2948 2167 3034 patriae
2204 2946 2359 3011 civis

299 3045 511 3125 alitur3
567 3046 676 3130 qui
719 3069 870 3112 vero
912 3046 1004 3110 ita
1049 3068 1192 3111 sese
1247 3055 1453 3111 armat
1504 3042 1892 3127 eloquentia,
1944 3052 2017 3107 ut
2067 3065 2199 3108 non
2249 3064 2364 3151 op—

295 3162 581 3249 pugnare
617 3142 952 3207 commoda
974 3140 1238 3227 patriae,
1279 3140 1396 3206 sed
1421 3161 1537 3225 pro
1573 3137 1673 3203 his
1700 3158 2102 3229 propugnare
2136 3136 2361 3223 possit,

259 3298 264 3303 .
296 3235 351 3299 is
387 3234 543 3299 mihi
579 3234 676 3299 vir
712 3246 775 3299 et
810 3236 943 3300 suis
980 3247 1044 3300 et
1075 3234 1348 3320 publicis
1383 3232 1731 3299 rationibus
1769 3230 2137 3296 utilissimus
2176 3240 2364 3314 atque

301 3328 720 3394 amicissimus
759 3328 914 3393 civis
950 3330 1088 3395 fore
1125 3322 1396 3393 videtur.

420 3424 525 3488 Ac
569 3424 626 3489 si
659 3423 951 3489 volumus
986 3423 1176 3489 huius
1227 3420 1411 3509 [rei],
1470 3442 1631 3504 quae
1686 3430 1948 3485 vocatur
1984 3417 2361 3503 eloquentia,
2396 3444 2423 3482 2

304 3515 437 3581 sive
489 3516 642 3583 artis
699 3518 834 3583 sive
890 3518 1083 3583 studii
1137 3518 1272 3583 sive
1327 3513 1793 3581 exercitationis
1848 3512 2177 3577 cuiusdam
2230 3510 2365 3574 sive

298 3611 619 3677 facultatis
657 3613 738 3677 ab
774 3622 1002 3677 natura
1033 3612 1360 3700 profectae
1400 3608 1799 3675 considerare
1834 3604 2231 3693 principium,
2265 3625 2367 3668 re-

297 3706 617 3792 periemus
664 3706 732 3771 id
775 3730 857 3773 ex
900 3704 1368 3773 honestissimis
1416 3702 1625 3768 causis
1666 3698 1939 3789 [natum]
1982 3709 2168 3783 atque
2204 3697 2366 3784 opti-

299 3800 421 3865 mis
474 3800 828 3867 rationibus
880 3801 1259 3887 profectum.
1348 3821 1499 3863 nam
1552 3796 1673 3861 fuit
1722 3794 2039 3879 quoddam
2092 3803 2362 3877 tempus,
2398 3806 2435 3859 2

305 3914 450 3959 cum
483 3895 552 3960 in
589 3895 760 3982 agris
801 3895 1089 3962 homines
1135 3894 1378 3982 passim
1420 3891 1767 3958 bestiarum
1808 3890 1999 3955 modo
2044 3886 2367 3974 vagaban-

307 3996 410 4051 tur
461 4000 526 4054 et
579 3991 702 4057 sibi
756 3990 930 4055 victu
980 3991 1117 4056 fero
1169 3990 1367 4056 vitam
1425 3985 1893 4075 propagabant,
1954 4002 2074 4048 nec
2123 3980 2366 4047 ratione

303 4080 500 4149 animi
551 4084 889 4171 quicquam
899 4132 920 4166 ,
978 4084 1091 4150 sed
1142 4084 1444 4171 pleraque
1488 4078 1727 4146 viribus
1774 4077 2053 4167 corporis
2102 4074 2368 4143 admini
