2784 4575
54 678 57 683 ,
54 590 65 659 ὠή.
64 527 82 551 ,ἱ
54 380 56 409 -.

765 302 872 359 DE
905 301 1390 361 INVENTIONE
1426 292 1513 359 11,
1546 303 1787 361 82—88.
2181 291 2305 359 179

219 426 562 492 'similibus
612 426 801 491 rebus
843 426 1190 512 permultas
1241 426 1332 491 ita
1383 426 1612 492 atrocis
1668 434 1733 493 et
1782 428 2149 514 perspicuas
2200 446 2305 495 res

245 542 425 597 esse,
476 530 550 585 ut
583 519 664 585 de
698 518 797 585 his
833 540 964 585 non
1006 520 1197 594 modo
1240 534 1370 584 non
1413 540 1677 587 necesse
1714 521 1822 598 sit,
1876 522 1995 609 sed
2035 542 2118 587 ne
2152 524 2306 589 utile

221 614 526 697 quidem,
563 633 756 697 quam
787 633 940 680 mox
966 613 1268 679 iudicium
1293 613 1423 692 fiat,
1460 625 1848 701 exspectare.
1919 612 2097 680 loeus
2114 656 2119 659 -
2134 625 2307 681 com-

247 708 456 773 munis
501 706 884 772 accusatoris
919 706 988 771 in
1024 727 1196 786 eum,-
1255 708 1391 791 qui,
1447 728 1593 772 cum
1634 707 1729 785 id,
1784 710 1957 792 quod
2000 708 2302 795 arguitur,

249 818 482 889 negare
515 820 644 867 non
677 802 910 889 possit,
965 812 1178 868 tamen
1198 794 1204 798 '⁴
1231 802 1469 886 aliquid
1512 802 1635 868 sibi
1677 802 1815 889 spei
1858 814 2183 890 comparet
2224 826 2306 869 ex

247 896 620 961 iudiciorum
661 895 1164 983 perturbatione3
1219 905 1409 979 atque
1454 894 1559 961 hic
1600 896 1887 962 utilitatis
1930 897 2305 963 iudiciorum

244 988 700 1056 demonstratio
737 1000 802 1053 et
836 989 916 1054 de
951 1010 1028 1056 eo
1063 988 1464 1074 conquestiO,
1501 988 1611 1073 qui
1646 990 2026 1079 supplicium
2060 990 2305 1057 dederit

246 1085 649 1149 indemnatus
660 1109 678 1161 3
731 1084 799 1147 ιιι
821 1084 970 1149 eius
1007 1096 1248 1163 autem,
1305 1084 1415 1169 qui
1450 1084 1821 1171 sumpserit,
1876 1085 2207 1151 audaciam
2240 1094 2305 1151 et

245 1177 683 1243 crudelitatem
707 1178 1060 1265 indignatio
1066 1204 1086 1257 3
1125 1178 1207 1244 ab
1232 1178 1589 1257 defensore,
1624 1179 1693 1243 in
1718 1180 1876 1257 eius,
1914 1199 2104 1263 quem
2128 1180 2299 1245 ultus
2348 1204 2402 1247 se

243 1272 356 1347 sit,
403 1273 734 1339 audaciam
768 1295 902 1337 cum
939 1274 1041 1339 sui
1075 1273 1557 1357 conquestione3
1600 1293 1738 1339 rem
1770 1294 1901 1340 non
1934 1296 2017 1339 ex
2048 1275 2303 1341 nomine

241 1366 445 1451 ipsius
479 1358 746 1453 negotii,
783 1367 902 1433 sed
937 1386 1020 1433 ex
1055 1368 1318 1433 consilio
1351 1366 1520 1445 eius,
1567 1367 1677 1450 qui
1708 1364 1957 1445 fecefit,
2011 1375 2078 1433 et
2112 1378 2305 1433 eausa

240 1470 311 1523 et
351 1471 636 1545 tempore
691 1458 1075 1525 considerari
1125 1470 1445 1551 oportere-3
1500 1461 1655 1545 quid
1695 1460 1847 1527 mali
1896 1462 2179 1527 fiiturum
2222 1462 2305 1527 sit

243 1567 357 1617 aut
387 1568 472 1617 e‘x
519 1552 750 1617 iniuria
785 1566 895 1617 aut
937 1576 1020 1617 ex
1068 1553 1308 1618 scelere
1352 1554 1646 1631 alicuine,
1699 1554 1825 1619 nisi
1866 1566 2042 1621 tanta
2076 1565 2141 1621 et
2173 1566 2305 1621 tam

243 1646 582 1735 perspicua
616 1644 882 1731 audacia
915 1648 996 1713 ab
1033 1668 1130 1724 e0,
1167 1648 1252 1713 ad
1285 1648 1464 1713 cuius
1492 1648 1730 1715 temam
1756 1657 1866 1714 aut
1900 1650 2303 1737 adparentes

243 1751 356 1805 aut
408 1742 492 1805 ad
553 1740 788 1806 liberos
847 1740 1192 1827 pertineret
1245 1751 1354 1807 aut
1406 1743 1488 1807 ad
1549 1742 1825 1826 aliquam
1884 1764 2047 1821 rem,
2112 1764 2305 1828 quam

234 1850 456 1901 >caram
508 1856 652 1902 esse
705 1836 998 1902 omnibus
1043 1846 1154 1901 aut
1203 1852 1469 1903 necesse
1521 1848 1621 1903 est
1672 1848 1783 1903 aut
1842 1846 2089 1925 oportet
2139 1860 2283 1905 esse

241 1930 578 1997 vindicata.
2274 1958 2277 1964 ·

359 2024 658 2091 Remotio
703 2022 980 2089 oriminis
1026 2034 1153 2102 est,
1206 2036 1354 2089 cum
1400 2024 1537 2089 eius
1579 2024 1847 2092 intentio
1898 2026 2077 2105 facti,
2130 2026 2302 2111 quod
2336 2041 2405 2099 29

237 2119 324 2183 ab
361 2118 724 2185 adversario
759 2113 1058 2197 infertur,
1109 2118 1178 2182 in
1213 2118 1408 2185 alium
1442 2127 1555 2184 aut
1584 2118 1654 2183 in
1688 2118 1861 2185 aliud
1902 2120 2299 2199 demovetur3

239 2212 310 2276 id
340 2212 414 2275 fit
446 2212 770 2300 bipertitox
813 2230 964 2277 nam
998 2222 1134 2277 tum
1169 2229 1391 2292 causa,
1438 2224 1575 2277 tum
1608 2234 1711 2278 res
1746 2214 1890 2300 ipsa
1920 2226 2300 2280 removetur.

238 2325 472 2370 causae
514 2306 880 2372 remotionis
925 2306 1048 2373 hoc
1089 2306 1275 2373 nobis
1321 2307 1613 2394 exemplo
1660 2307 1768 2374 sit:
1820 2304 2060 2374 Rhodii
2110 2329 2303 2394 quos-
2344 2337 2397 2378 ει

237 2399 392 2464 dam
416 2399 709 2485 legarunt
731 2398 1026 2466 Athenas
1038 2425 1058 2480 3
1085 2401 1314 2488 legatis
1342 2411 1711 2484 quaestores
1741 2411 2082 2487 sumptum,
2112 2421 2305 2485 quem

238 2493 577 2581 oportebat
619 2493 782 2572 dari,
835 2516 966 2560 non
1011 2494 1322 2558 dederunt
1329 2519 1349 2572 3
1402 2494 1599 2580 legati
1646 2495 1917 2580 profecti
1959 2518 2090 2559 non
2125 2507 2300 2574 sunt3

239 2599 640 2652 accusantur.
703 2587 970 2652 intentio
1021 2597 1150 2652 est:
1205 2587 1547 2672 ‘proficisci
1599 2587 1915 2672 oportuit!
2012 2587 2301 2672 depulsio

237 2686 372 2745 est:
408 2685 567 2745 ‘non
602 2679 916 2764 oportuit.'
991 2680 1278 2762 quaestio
1313 2691 1441 2745 est:
1478 2681 1943 2766 oportueritne?
1976 2680 2139 2744 ratio
2174 2690 2302 2746 est:

239 2781 566 2860 ‘sumptus
605 2773 793 2852 enim,
831 2773 940 2857 qui
975 2773 1056 2838 de·
1087 2773 1344 2860 publico
1371 2772 1509 2838 dari
1544 2774 1723 2850 solet,
1758 2774 1815 2838 is
1852 2775 1933 2840 ab
1968 2783 2303 2860 quaestore

239 2877 372 2934 non
405 2877 508 2934 est
540 2867 766 2933 datus?
854 2864 1194 2932 infirmatio
1229 2875 1355 2933 est=
1405 2872 1549 2957 ‘ves
1584 2877 1798 2932 tamen
1830 2866 1926 2946 id,-
1982 2867 2153 2951 quod
2184 2890 2305 2954 pu-

237 2964 404 3029 blice
441 2962 622 3028 vobis
659 2971 796 3028 erat
827 2961 1068 3050 negotii
1103 2959 1342 3041 datum,
1379 2957 1689 3028 conficere
1716 2963 2087 3049 oportebat?
2138 2963 2303 3027 iudi-

239 3058 406 3124 catio
441 3069 568 3124 est:
623 3077 768 3122 cum
803 3057 926 3136 eie,
963 3056 1072 3141 qui
1105 3057 1302 3145 legati
1337 3067 1517 3122 erant
1525 3093 1544 3134 ς
1600 3066 1920 3142 sumptus,
1966 3057 2074 3141 qui
2110 3057 2302 3123 debe-
2360 3098 2369 3104 -

238 3152 426 3218 batur
459 3152 540 3218 de
573 3153 858 3239 publico,
896 3175 1028 3218 non
1062 3152 1343 3230 daretur,
1382 3151 1809 3239 oportueritne
1846 3173 1955 3217 eos
1993 3151 2301 3218 conficere

235 3246 436 3313 nihilo
470 3245 680 3312 minus
716 3247 1137 3336 legationem?
1172 3247 1294 3314 hoc
1327 3246 1397 3310 in
1430 3267 1665 3332 genere
1698 3247 1999 3332 primum,
2036 3246 2201 3312 sicut
2232 3246 2301 3310 in

240 3341 500 3418 ceteris,
547 3341 602 3405 si
644 3341 798 3424 quid
831 3353 942 3407 aut
983 3364 1066 3408 ex
1101 3341 1507 3408 coniecturali
1550 3351 1661 3407 aut
1703 3364 1785 3406 ex
1828 3341 1953 3406 alia
1998 3342 2302 3407 constitu-

239 3434 416 3501 tione
467 3435 634 3498 sumi
677 3435 909 3521 possit,
961 3435 1164 3500 videri
1214 3435 1557 3523 oportebit·;
1612 3435 1840 3501 deinde
1899 3436 2201 3522 pleraque
2237 3443 2305 3499 et

237 3547 325 3594 ex
361 3527 828 3615 comparatione
863 3539 930 3593 et
963 3552 1046 3594 ex
1085 3529 1391 3597 relatione
1436 3528 1713 3596 criminis
1747 3529 1816 3593 in
1850 3529 2014 3592 hanc
2050 3542 2302 3611 quoque

237 3643 504 3689 eausam
539 3620 876 3686 convenire
895 3633 1216 3708 poterunt.
1291 3633 1621 3690 accusator
1648 3629 1861 3688 autem
1883 3622 2083 3699 illum,
2121 3620 2299 3684 cuius
2343 3645 2397 3688 ss

240 3717 436 3805 culpa
466 3715 536 3782 id
569 3716 810 3780 factum
843 3731 992 3780 reus
1029 3705 1222 3795 dicet,
1267 3717 1543 3806 primum
1578 3716 1903 3795 defendet,
1950 3712 2007 3779 si
2040 3713 2298 3800 poterit3

237 3811 344 3877 sin
394 3812 604 3876 minus
655 3809 916 3898 poterit,
973 3811 1233 3899 negabit
1287 3812 1372 3876 ad
1412 3811 1535 3878 hoc
1584 3809 1887 3874 indicium
1938 3807 2107 3872 illius
2156 3803 2305 3893 [sed

242 3901 461 3984 huius,
515 3924 705 3990 quem
740 3915 998 3972 accuset
1029 3904 1226 3994 ipse,]
1266 3907 1519 3992 culpam
1552 3904 1896 3992 pertinere3
1948 3911 2175 3989 postea
2208 3901 2305 3966 dia

233 4011 346 4067 eet
381 4019 497 4065 suo
533 4016 846 4084 quemque
899 3999 1110 4066 officio
1154 4001 1487 4066 consulere
1530 4007 1819 4085 oportere
1830 4021 1849 4074 3
1902 4003 2050 4073 nec,
2106 3995 2162 4060 si
2194 3994 2303 4062 ine·
2382 4009 2389 4016 ’

235 4091 602 4184 peccasset,
655 4093 826 4160 hune
861 4093 1217 4182 oportuisse
1249 4105 1549 4182 peccat&
1602 4090 1859 4170 deinde,
1914 4089 1971 4156 si
2002 4089 2110 4158 ille
2146 4089 2321 4158 deli-¹-

1856 4196 1919 4246 12
1933 4195 1959 4223 ⁸
