2784 4575
36 3455 41 3462 ‚
21 3413 24 3422 -
21 3103 36 3382 ›--v·-w‡—;--‚.-;

812 285 917 339 DE
956 282 1321 341 ORATORE
1356 285 1467 358 111.
1507 285 1815 341 214-220.
2220 273 2345 344 193

372 430 499 493 quo
532 430 703 473 nunc
735 430 839 473 me
876 408 1155 474 vertam?
1192 408 1362 491 quod
1403 408 1522 473 iter
1556 406 1853 493 incipiam
1886 406 2170 494 ingredi?

372 504 633 568 domum
666 504 1117 588 paternamne?
1154 525 1315 567 anne
1354 502 1438 567 ad
1469 501 1688 566 Peliae
1723 500 1926 566 filias?

283 605 356 661 ct
387 594 495 659 illa

375 710 415 755 o
448 699 655 775 pater,
692 711 731 753 o
766 688 999 775 patria,
1036 712 1075 753 o
1112 687 1349 755 Priami
1386 688 1640 753 domus!

283 792 355 850 et
390 806 551 867 quae
587 793 935 865 sequuntur

374 876 533 941 haec
567 875 781 941 omnia
814 875 944 941 vidi
976 876 1373 955 inflammari,

371 970 629 1035 Priamo
666 969 731 1035 vi
765 969 962 1035 vitam
1006 970 1247 1035 evitari.

281 1062 461 1128 aliud
494 1074 732 1140 metus,
770 1062 1117 1129 demissum
1153 1074 1217 1128 et
1250 1064 1573 1130 haesitans
1611 1074 1676 1129 et
1710 1063 2052 1130 abiectum:
2379 1084 2462 1125 218

372 1156 587 1221 multis
626 1179 770 1223 sum
814 1157 1020 1222 modis
1059 1157 1554 1237 circumventus,
1599 1158 1849 1237 morbo,
1897 1156 2119 1224 exsilio
2157 1166 2345 1242 atque

1142 1250 1383 1336 inopia:

372 1355 507 1410 tum
534 1366 734 1429 pavor
762 1342 1137 1430 sapientiam
1164 1367 1421 1409 omnem
1445 1344 1534 1409 mi
1563 1344 1921 1412 exanimato
1950 1354 2342 1431 expectorat3

370 1450 565 1503 mater
599 1438 944 1503 terribilem
976 1438 1253 1502 minatur
1287 1438 1456 1503 vitae
1493 1437 1840 1512 cruciatum
1875 1448 1940 1503 et
1972 1459 2214 1516 necem,

372 1553 537 1615 quae
570 1554 757 1597 nemo
794 1542 893 1597 est
928 1542 1059 1596 tam
1090 1533 1273 1597 firmo
1308 1531 1566 1619 ingenio
1601 1542 1666 1597 et
1700 1543 1875 1597 tanta
1911 1532 2308 1610 confidentia,

372 1625 525 1709 quin
556 1624 835 1712 refugiat
868 1625 1087 1691 timido
1125 1648 1414 1712 sanguen
1449 1637 1638 1709 atque
1675 1626 2040 1692 exalbescat
2071 1637 2264 1690 metu.

283 1716 462 1783 aliud
498 1717 623 1797 via,
678 1729 1074 1797 contentum,
1130 1720 1472 1784 vehemens
1484 1767 1503 1797 ,
1556 1718 1891 1784 imminens
1939 1719 2212 1802 quadam
2245 1716 2342 1783 in·
2377 1742 2458 1782 219

281 1810 581 1878 citatione
616 1812 975 1899 gravitatis:

370 1906 600 1971 iterum
636 1906 954 1991 Thyestes
988 1906 1265 1973 Atreum
1301 1907 1722 1973 adtractatum
1759 1906 2034 1984 advenit,

369 1999 599 2065 iterum
631 1999 761 2065 iam
796 2000 1163 2087 adgreditur
1196 2024 1299 2066 me
1336 2011 1402 2066 et
1436 2000 1718 2084 quietum
1754 2000 2118 2065 exsuscitat.

370 2094 571 2160 maior
604 2094 763 2160 mihi
794 2095 1025 2173 moles,
1062 2095 1267 2161 maius
1302 2093 1762 2160 miscendumst
1794 2092 2052 2171 malum,

372 2189 480 2271 qui
512 2188 679 2255 illius
716 2190 1016 2255 acerbum
1051 2211 1159 2255 cor
1196 2190 1581 2255 contundam
1616 2198 1682 2253 et
1713 2188 2145 2275 comprimam.

284 2280 459 2347 aliud
491 2281 814 2368 voluptas,
851 2284 1154 2363 effusum,
1200 2284 1371 2362 lene,
1411 2294 1725 2361 tenerum,
1763 2282 2100 2348 hilaratum
2135 2303 2211 2348 ac
2244 2305 2346 2348 re-

282 2396 579 2440 missum:

374 2468 491 2533 sed
525 2468 647 2533 sibi
682 2489 827 2532 cum
862 2470 1071 2534 tetulit
1105 2491 1406 2534 coronam
1441 2469 1524 2534 ob
1561 2469 1928 2554 coligandas
1963 2467 2238 2556 nuptias,

372 2561 486 2626 tibi
518 2562 790 2639 ferebat,
828 2582 973 2626 cum
1008 2562 1347 2626 simulabat
1381 2583 1452 2626 se
1489 2561 1612 2624 sibi
1643 2561 1772 2625 iam
1805 2561 1963 2626 facis
2001 2561 2171 2638 dare,

372 2665 509 2720 tum
543 2655 626 2719 ad
660 2665 723 2720 te
757 2654 1108 2720 ludibunda
1142 2654 1325 2720 docte
1362 2664 1428 2718 et
1461 2653 1728 2718 delicate
1763 2653 2006 2718 detulit.

286 2747 461 2815 aliud
510 2747 831 2826 molestia,
886 2747 1024 2812 sine
1076 2745 1624 2812 commiseratione
1675 2769 1873 2832 grave
1918 2745 2238 2828 quoddam
2279 2756 2345 2812 et

286 2864 415 2907 uno
450 2864 681 2929 pressu
716 2863 793 2906 ac
828 2864 983 2908 sono
1020 2842 1391 2907 obductum:

374 2958 501 3020 qua
535 2945 911 3023 tempestate
944 2935 1131 3002 Paris
1166 2935 1488 3000 Helenam
1531 2933 1812 3020 innuptis
1848 2932 2052 3000 iunxit
2083 2935 2343 3021 nuptiis,

372 3050 495 3116 ego
531 3041 668 3096 tum
700 3029 994 3116 gravida,
1040 3029 1309 3116 expletis
1344 3029 1474 3094 iam
1507 3028 1602 3093 fui
1638 3029 1720 3093 ad
1761 3027 2134 3115 pariendum
2167 3051 2347 3092 men-

1142 3125 1345 3202 sibus3

250 3294 253 3295 ⁷
369 3241 483 3304 per
526 3219 697 3284 idem
741 3225 990 3307 tempus
1034 3219 1429 3305 Polydorum
1479 3217 1752 3284 Hecuba
1793 3225 1981 3304 partu
2022 3227 2345 3304 postremo

1141 3313 1323 3400 parit.

284 3403 493 3469 omnis
532 3415 745 3468 autem
778 3405 895 3470 hos
944 3417 1153 3472 motus
1198 3405 1504 3490 subsequi
1546 3406 1736 3472 debet
1769 3415 2018 3491 gestus,
2071 3426 2202 3469 non
2243 3401 2348 3468 hic
2381 3399 2450 3495 {³9

288 3497 487 3562 verba
521 3497 882 3584 exprimens
908 3500 1238 3579 scenicus,
1277 3501 1393 3565 sed
1426 3500 1792 3565 universam
1822 3521 1960 3564 rem
1995 3509 2060 3564 et
2094 3508 2348 3563 senten·
2379 3473 2468 3514 ⁴²⁰

288 3590 442 3656 tiam
496 3613 625 3657 non
680 3591 1241 3674 demonstratione,
1306 3593 1424 3658 sed
1476 3593 1933 3680 significatione
1996 3592 2346 3670 declarans,

286 3685 557 3750 laterum
608 3682 947 3750 inflexione
1000 3685 1123 3750 hac
1173 3685 1325 3752 forti
1378 3707 1454 3752 ac
1504 3683 1697 3766 virili,
1747 3709 1880 3752 non
1922 3685 2004 3751 ab
2050 3706 2241 3752 scena
2283 3695 2350 3750 et

286 3777 728 3857 histrionibus,
775 3778 891 3844 sed
933 3781 1015 3846 ab
1050 3780 1243 3845 armis
1280 3789 1391 3846 aut
1425 3780 1616 3846 etiam
1651 3803 1690 3845 a
1721 3779 2066 3867 palaestra3
2117 3801 2346 3860 manus

285 3881 500 3936 autem
534 3872 745 3939 minus
784 3884 1037 3960 arguta,
1092 3874 1305 3961 digitis
1354 3876 1750 3958 subsequens
1794 3873 2017 3951 verba,
2071 3895 2204 3938 non
2237 3895 2350 3938 ex-

286 3963 597 4050 primens3
650 3967 981 4032 brachium
1022 3967 1345 4055 procerius
1390 3968 1741 4054 proiectum
1793 3967 1976 4052 quasi
2027 3966 2347 4051 quoddam

222 4153 229 4156 -
286 4056 484 4122 telum
536 4061 835 4128 orationis
846 4089 865 4142 ;
931 4062 1257 4150 supplosio
1310 4061 1494 4150 pedis
1547 4061 1612 4126 in
1675 4061 2181 4128 contentionibus
2237 4071 2350 4126 aut

388 4158 612 4204 Ciceronis
630 4163 720 4206 vol.
742 4161 799 4206 11.
1925 4169 1990 4218 13
