2784 4575
784 260 890 317 DE
930 256 1293 315 ORATORE
1328 258 1436 313 ΙΙΙ.
1475 258 1782 313 187-196.
2185 244 2307 309 187

252 409 436 453 aures
474 392 873 471 exspectent,
928 392 1036 447 aut
1077 381 1353 468 longior,
1409 402 1598 466 quam
1650 380 1817 445 vires
1863 390 2052 464 atque
2100 379 2310 445 anima

250 475 946 566 patiatur301ausulas
1009 486 1222 543 autem
1284 474 1650 561 diligentius
1711 473 1901 538 etiam
1964 472 2416 541 servandac-³50

250 595 399 639 esse
434 571 701 637 arbitror
753 591 945 654 quam
999 568 1351 655 superiora,
1394 526 1638 653 quod
1619 590 1686 632 m
1723 566 1814 632 eis
1859 566 2134 632 maxime
2167 588 2312 676 per-

252 666 445 732 fectio
480 676 671 750 atque
705 663 1019 731 absolutio
1054 662 1393 741 iudicatur3
1430 686 1580 727 nam
1615 683 1836 727 versus
1875 683 2073 745 aeque
2107 660 2314 747 prima

253 770 321 825 et
352 758 565 825 media
600 770 665 825 et
700 768 985 825 extrema
1030 780 1182 843 pars
1228 755 1599 834 attenditur,
1654 754 1763 839 qui
1805 754 2194 833 debilitatur,
2245 753 2314 818 in

254 874 651 938 quacumque
688 863 787 918 est
820 862 1003 939 parte
1039 850 1375 916 titubatum
1386 876 1406 929 3
1459 850 1527 915 in
1561 850 1844 916 oratione
1881 859 2094 915 autem
2125 848 2314 936 pauci

252 947 461 1033 prima
495 956 787 1023 cernunt,
841 956 1165 1031 postrema
1205 945 1522 1031 pleriquez
1575 966 1738 1028 quae
1785 943 2082 1029 quoniam
2117 966 2314 1030 appa-

253 1051 399 1105 rent
440 1050 506 1104 et
554 1039 1035 1125 intelleguntur,
1089 1038 1396 1103 varianda
1448 1048 1623 1117 sunt,
1677 1060 1758 1103 ne
1805 1048 1917 1102 aut
1957 1036 2312 1102 anim-orum

255 1132 506 1199 iudiciis
541 1132 951 1218 repudientur
986 1141 1098 1196 aut
1139 1132 1384 1196 aurium
1430 1132 1739 1197 satietate.
1830 1131 1954 1196 duo
1990 1130 2162 1196 enim
2205 1140 2314 1195 aut

255 1238 387 1291 tres
423 1225 559 1291 fere
594 1220 743 1290 sunt
769 1224 1035 1290 extremi
1062 1226 1359 1291 servandi
1392 1236 1458 1291 et
1489 1225 1754 1291 notandi
1778 1226 1997 1311 pedeS,
2035 1225 2091 1290 si
2124 1224 2314 1290 modo

255 1344 387 1387 non
421 1320 715 1387 breviora
749 1331 813 1386 et
844 1320 1135 1407 praecisa
1176 1331 1361 1386 erunt
1415 1319 1768 1407 superiora3
1823 1341 1982 1403 quos
2020 1331 2132 1385 aut
2165 1319 2316 1385 cho-

252 1437 399 1479 reos
437 1426 546 1479 aut
578 1414 807 1481 heroos
846 1423 956 1479 aut
990 1414 1265 1479 alternos
1295 1436 1438 1479 esse
1475 1413 1794 1499 oportebit
1828 1424 1938 1477 aut
1969 1414 2038 1479 in
2069 1436 2313 1501 paeone

253 1507 365 1572 illo
399 1507 778 1593 posteriore,
817 1530 1007 1591 quem
1038 1507 1422 1573 Aristoteles
1457 1508 1713 1594 probat,
1769 1518 1880 1572 aut
1915 1507 1974 1573 ei
2006 1508 2146 1594 pari
2181 1529 2316 1571 cre-

254 1602 409 1667 tico:
446 1601 673 1666 horum
707 1600 1185 1679 vicissitudines,
1211 1600 1508 1680 efficient,
1545 1612 1620 1665 ut
1651 1622 1858 1684 neque
1893 1601 1954 1665 ei
1989 1600 2313 1677 satientur,

256 1694 369 1779 qui
404 1694 688 1772 audient,
745 1694 1002 1760 fastidio
1040 1693 1498 1772 similitudinis,
1557 1715 1678 1759 nec
1711 1716 1830 1759 nos
1865 1692 1960 1771 id,
2014 1694 2186 1778 quod
2219 1693 2316 1758 fa«-

253 1787 516 1865 ciemus,
553 1809 748 1874 opera
782 1788 995 1853 dedita
1030 1788 1239 1853 facere
1275 1788 1623 1853 videamur.
1716 1787 1942 1872 quodsi
1975 1787 2314 1873 Antipater

252 1882 363 1947 ille
400 1880 734 1959 Sidonius,
772 1902 960 1964 quem
994 1892 1065 1946 tu
1098 1882 1325 1968 probe,
1364 1878 1627 1959 Catule,
1671 1880 2046 1959 meministi,
2091 1879 2314 1946 solitus

252 1986 357 2041 est
389 1998 613 2041 versus
649 1973 1051 2041 hexametros
1088 1975 1373 2059 aliosque
1409 1974 1600 2039 variis
1627 1974 1833 2039 modis
1872 1984 2060 2058 atque
2095 1994 2317 2038 nume-

250 2069 343 2133 ris
378 2068 646 2133 fundere
684 2089 765 2134 ex
808 2077 1091 2153 tempore
1150 2078 1520 2152 tantumque
1573 2066 1846 2133 hominis
1891 2066 2206 2153 ingeniosi
2238 2088 2316 2131 ac

250 2162 550 2229 memoris
586 2161 790 2225 valuit
836 2161 1231 2240 exercitatio,
1284 2174 1384 2239 ut,
1445 2183 1592 2227 cum
1628 2184 1698 2227 se
1732 2171 1945 2227 mente
1983 2182 2056 2225 ac
2093 2160 2317 2226 volun-

251 2265 385 2322 tate
422 2254 797 2320 coniecisset
829 2254 897 2320 in
930 2278 1215 2335 versum,
1260 2256 1458 2322 verba
1495 2266 1907 2341 sequerentur
1914 2280 1935 2334 ;
1981 2266 2215 2340 quanto
2248 2253 2317 2320 id

253 2346 505 2414 facilius
549 2347 618 2410 in
662 2347 973 2426 oratione,
1029 2349 1476 2415 exercitatione
1521 2361 1588 2414 et
1629 2349 2083 2416 consuetudine
2136 2348 2315 2414 adhi-

254 2442 417 2520 bita,
456 2442 945 2524 consequemur!

376 2535 550 2600 Illud
594 2543 806 2599 autem
849 2556 930 2599 ne
984 2533 1125 2617 quis
1172 2535 1543 2611 admiretur,
1597 2555 1873 2618 quonam
1924 2536 2114 2600 modo
2157 2535 2316 2599 haec

254 2628 487 2714 volgus
522 2627 959 2713 imperitorum
992 2628 1060 2690 in
1104 2627 1419 2693 audiendo
1455 2636 1658 2704 notet,
1715 2649 1861 2692 cum
1894 2629 1962 2692 in
1997 2626 2170 2693 omni
2203 2650 2316 2713 ge-

254 2744 409 2788 nere
463 2731 598 2786 tum
632 2720 700 2785 in
752 2720 875 2785 hoc
926 2719 1068 2806 ipso
1121 2742 1358 2806 magna
1410 2719 1719 2804 quaedam
1773 2730 1873 2785 est
1905 2720 2002 2785 vis
2045 2721 2316 2786 incredi-

254 2815 527 2898 bilisque
579 2825 869 2892 naturae;
916 2835 1135 2880 omnes
1192 2813 1361 2878 enim
1394 2814 1585 2878 tacito
1639 2813 1915 2898 quodam
1949 2837 2142 2880 sensu
2181 2814 2316 2881 sine

254 2909 389 2977 ulla
434 2920 566 2974 arte
610 2919 721 2974 aut
770 2909 1015 2975 ratione
1068 2931 1229 2992 quae
1284 2908 1414 2974 sint
1456 2909 1523 2974 in
1567 2909 1806 2974 artibus
1851 2930 1926 2994 ac
1967 2910 2314 2976 rationibus

254 3013 432 3069 recta
466 3024 543 3068 ac
575 3026 776 3089 prava
822 3003 1193 3081 diiudicant3
1248 3003 1440 3087 idque
1494 3025 1640 3068 cum
1683 3003 1924 3070 faciunt
1954 3005 2023 3068 in
2055 3004 2314 3092 picturis

255 3108 325 3162 et
356 3097 425 3162 in
460 3097 661 3184 signis
707 3107 773 3162 et
813 3097 881 3162 in
925 3097 1064 3162 aliis
1118 3097 1448 3184 operibuS,
1503 3097 1588 3162 ad
1631 3119 1900 3182 quorum
1947 3097 2318 3184 intellegen—

257 3191 414 3256 tiam
476 3215 515 3256 a
573 3201 801 3256 natura
856 3191 1067 3256 minus
1129 3190 1367 3256 habent
1424 3190 1855 3270 instrumenti,
1926 3202 2059 3256 tum
2119 3192 2319 3257 multo

257 3284 608 3348 ostendunt
640 3285 847 3371 magis
883 3285 951 3349 in
985 3285 1352 3363 verborum,
1397 3307 1804 3352 numerorum
1838 3307 2190 3368 vocumque
2223 3285 2320 3352 iu-

257 3375 424 3441 dicio
435 3399 456 3452 3
510 3377 683 3458 quod
717 3399 795 3442 ea
838 3387 985 3442 sunt
1017 3377 1085 3442 in
1122 3379 1558 3444 communibus
1609 3378 1804 3444 infixa
1855 3379 2148 3444 sensibus
2201 3399 2320 3444 nec

2345 544 2423 585 192

2350 1157 2426 1198 193

2349 1810 2426 1853 194

2351 2560 2428 2602 195

258 3491 479 3534 earum
510 3475 724 3533 rerum
776 3492 1158 3554 quemquam
1199 3471 1486 3538 funditus
1537 3483 1766 3539 natura
1799 3495 1942 3539 esse
1976 3473 2177 3539 voluit
2211 3494 2321 3538 ex·-
2357 3505 2362 3509 ·

256 3573 523 3648 pei-tem.
610 3562 825 3647 itaque
860 3586 989 3629 non
1026 3565 1233 3631 solum
1274 3567 1487 3632 verbis
1543 3579 1676 3632 arte
1715 3567 1942 3654 positis
1987 3577 2317 3634 moventur

257 3681 481 3722 omnes
494 3705 515 3736 ,
570 3679 793 3722 verum
828 3658 1019 3724 etiam
1069 3661 1348 3727 numeris
1386 3683 1462 3726 ac
1506 3662 1788 3728 vocibus.
1879 3673 2108 3747 quotus
2151 3660 2321 3727 enim

260 3751 531 3835 quisque
575 3761 675 3817 est
718 3751 827 3835 qui
870 3762 1082 3819 teneat
1132 3765 1335 3820 artem
1384 3778 1790 3821 numerorum
1826 3776 1900 3820 ac
1951 3754 2320 3821 modorum?

260 3854 331 3907 at
381 3844 450 3908 in
500 3844 603 3910 bis
656 3845 713 3910 si
763 3846 1025 3932 paulum
1085 3849 1277 3915 modo
1330 3851 1647 3916 offensum
1700 3860 1825 3928 est,
1887 3860 1960 3914 ut
2012 3859 2122 3916 aut
2171 3869 2321 3914 con-

260 3936 567 4004 tractione
611 3939 867 4006 brevius
912 3941 1093 4007 fieret
1146 3953 1255 4007 aut
1294 3941 1708 4030 productione
1749 3942 2031 4030 longine,
2075 3943 2322 4009 theatra

261 4039 398 4096 tota
428 4030 794 4102 reclamant.
884 4035 1062 4119 quid,
1108 4035 1230 4101 hoc
1264 4059 1393 4102 non
1428 4036 1599 4102 idem
1631 4037 1703 4100 fit
1735 4036 1803 4102 in
1837 4036 2130 4116 vocibus,
2175 4046 2247 4100 ut
2281 4059 2321 4102 a

2357 3589 2432 3632 196
