2784 4575
710 245 820 302 AD
857 245 918 302 C.
955 245 1425 306 HERENNIUM
1458 249 1594 304 1111.
1630 251 1865 306 26—28.
2236 239 2319 304 73

245 370 526 452 amicum
579 370 880 436 laedebas
933 379 999 434 et
1049 370 1165 436 tibi
1215 393 1346 437 non
1399 371 1816 438 consulebas?
1924 375 2105 442 item:
2169 381 2317 442 ‘nec

243 465 340 534 rei
375 463 676 553 publicae
711 462 1086 528 consuluisti
1127 485 1246 528 nec
1291 465 1509 529 amicis
1553 467 1848 550 profuisti
1891 489 2011 534 nec
2043 469 2313 535 inimicis

244 557 580 624 restitisti?

371 651 704 718 Articulus
743 649 988 727 dicitur,
1028 671 1174 714 cum
1209 651 1465 738 singula
1490 654 1687 717 verba
1708 653 2057 720 intervallis
2094 656 2318 722 distin-

250 754 536 832 guuntur
563 766 753 810 caesa
778 744 1062 809 oratione
1089 743 1212 809 hoc
1237 745 1457 810 modo:
1498 746 1886 824 ‘acrimonia,
1924 770 2100 825 voce,
2138 750 2317 814 voltu

250 839 654 905 adversarios
681 837 1114 926 perterruisti.'
1185 838 1366 904 item:
1408 839 1722 906 ‘inimicos
1758 841 2015 920 invidia,
2050 843 2313 923 iniuriis,

246 933 557 1020 potentia,
591 931 860 1019 perfidia
893 931 1247 998 sustulisti?
1335 933 1501 998 inter
1536 933 1723 998 huius
1760 937 2013 1021 generis
2050 946 2115 1001 et
2148 937 2314 1002 illius

249 1026 598 1112 superioris
633 1025 1103 1090 vehementiam
1136 1024 1260 1090 hoc
1301 1026 1595 1092 interest:
1648 1027 1807 1092 illud
1842 1030 2082 1096 tardius
2120 1041 2184 1095 et
2214 1055 2317 1096 ra·

247 1120 390 1185 rius
440 1120 634 1198 venit,
687 1119 811 1184 hoc
865 1120 1144 1186 crebrius
1191 1131 1256 1184 et
1297 1120 1565 1185 celerius
1616 1123 1933 1208 pervenitz
1984 1124 2199 1210 itaque
2250 1125 2319 1192 in

246 1214 368 1281 illo
403 1237 634 1302 genere
681 1237 763 1280 ex
803 1215 1154 1280 remotione
1196 1214 1443 1293 brachii
1486 1226 1551 1281 et
1586 1218 1979 1284 contortione
2020 1220 2317 1286 dexterae

248 1307 538 1394 gladium
589 1308 674 1372 ad
725 1329 956 1394 corpus
1019 1309 1280 1388 adferri,
1342 1309 1411 1373 in
1464 1310 1587 1376 hoc
1644 1307 1913 1400 [autem]
1981 1315 2200 1380 crebro
2254 1327 2317 1380 et

249 1401 444 1468 celeri
477 1423 708 1487 ¹corpus
743 1403 1002 1467 volnere
1039 1403 1433 1470 consauciari
1466 1404 1733 1470 videtur.

373 1495 786 1564 Continuatio
823 1508 922 1563 est
957 1499 1158 1562 densa
1191 1499 1615 1582 frequentatio
1651 1501 1991 1566 verborum
2025 1523 2169 1568 cum
2205 1504 2318 1567 ab·
2359 1523 2409 1562 27

245 1592 566 1658 solutione
604 1591 1078 1658 sententiarum.
1150 1615 1228 1657 ea
1261 1605 1513 1657 utemur
1549 1594 2057 1659 commodissime
2094 1596 2317 1683 triper-

243 1685 396 1751 tito:
446 1685 516 1748 in
551 1685 892 1762 sententia,
946 1685 1015 1749 in
1057 1685 1401 1763 contrario,
1456 1686 1522 1751 in
1558 1686 1981 1753 conclusione.
2068 1689 2137 1753 in
2172 1711 2317 1753 sen-

245 1780 449 1845 tentia
483 1779 606 1844 hoc
639 1789 855 1864 paeto:
914 1779 1002 1844 ‘ei
1036 1801 1166 1844 non
1207 1779 1479 1844 multum
1521 1789 1734 1865 potest
1777 1781 2007 1846 obesse
2040 1781 2313 1860 fortuna,

245 1873 360 1956 qui
398 1871 522 1938 sibi
553 1871 796 1939 firmius
830 1873 898 1936 in
933 1872 1164 1939 virtute
1218 1895 1413 1956 quam
1444 1873 1513 1938 in
1548 1873 1703 1938 casu
1744 1875 2132 1960 praesidium
2166 1897 2318 1941 con-

243 1967 524 2033 locavit?
611 1967 682 2032 in
733 1967 1047 2033 contrario
1100 1967 1223 2034 hoc
1265 1969 1488 2035 modo:
1544 1975 1720 2034 ‘nam
1756 1969 1813 2035 si
1856 1969 1965 2054 qui
2008 1969 2146 2058 spei
2186 1993 2317 2036 non

245 2061 522 2126 multum
559 2061 902 2126 conlocarit
933 2061 1001 2125 in
1037 2083 1218 2140 casu,
1267 2063 1421 2147 quid
1456 2073 1581 2142 est,
1629 2063 1803 2146 quod
1836 2064 1896 2128 ei
1929 2087 2315 2151 magnopere

245 2177 440 2222 casus
477 2157 708 2222 obesse
741 2155 1010 2240 possit?'
1065 2156 1135 2219 in
1170 2157 1577 2223 conclusione
1621 2157 1744 2223 hoc
1784 2169 2003 2244 pacto:
2060 2159 2315 2242 ‘quodsi

247 2251 320 2317 in
353 2273 464 2344 eos
499 2250 842 2338 plurimum
876 2250 1132 2316 fortuna
1163 2262 1403 2338 potest,
1459 2251 1567 2335 qui
1604 2274 1751 2317 suas
1796 2252 2071 2319 rationes
2109 2253 2313 2319 omnis

247 2346 318 2411 in
354 2368 573 2413 casum
608 2344 1035 2423 contulerunt,
1087 2368 1220 2410 non
1255 2357 1407 2411 sunt
1448 2346 1661 2411 omnia
1704 2346 2153 2412 committenda
2186 2347 2317 2413 for-

249 2452 474 2517 tunae,
528 2461 609 2503 ne
651 2462 954 2525 magnam
1003 2438 1194 2504 nimis
1229 2439 1297 2505 in
1329 2464 1449 2505 nos
1495 2440 1729 2505 habeat
1782 2440 2313 2505 dominationem!

247 2534 318 2599 in
362 2534 462 2599 his
508 2533 710 2598 tribus
765 2533 1105 2619 generibus
1151 2535 1234 2598 ad
1276 2533 1765 2598 continuationis
1811 2533 1941 2597 vim
1986 2533 2144 2597 adeo
2189 2534 2317 2597 fre-

249 2627 576 2711 quentatio
620 2626 984 2692 necessaria
1027 2636 1153 2705 est,
1197 2637 1272 2693 ut
1311 2626 1563 2691 infirma
1605 2626 1875 2691 facultas
1920 2625 2185 2691 oratoris
2222 2625 2317 2690 vi-

250 2722 504 2799 deatur,
568 2720 708 2785 nisi
747 2720 1127 2786 sententiam
1179 2730 1245 2784 et
1295 2720 1677 2785 contrarium
1730 2730 1796 2785 et
1846 2720 2316 2785 conclusionem

247 2814 689 2899 &equentibus
736 2816 962 2880 efferat
1003 2814 1245 2892 verbis;
1303 2814 1419 2879 sed
1464 2813 1619 2878 alias
1664 2834 1917 2897 quoque
1960 2836 2090 2879 non
2132 2835 2317 2877 num-

248 2932 444 2994 quam
488 2932 618 2975 non
663 2909 939 2975 alienum
983 2919 1110 2987 est,
1163 2908 1421 2975 tametsi
1460 2929 1725 2980 necesse
1760 2930 1890 2973 non
1926 2918 2049 2985 est,
2106 2907 2315 2993 eloqui

247 3024 356 3069 res
393 3003 638 3087 aliquas
672 3025 788 3089 per
821 3002 1013 3068 huius
1047 3004 1222 3069 modi
1257 3002 1783 3070 continuationes·

375 3095 658 3183 Compar
695 3097 1075 3184 appeHatur,
1123 3098 1295 3181 quod
1330 3096 1525 3163 habet
1558 3097 1625 3161 in
1661 3119 1730 3161 se
1765 3096 2051 3162 membra
2085 3098 2317 3163 oratio·
2349 3113 2419 3167 20

248 3191 381 3269 nis,
436 3192 516 3256 de
553 3191 784 3275 quibus
821 3202 968 3257 ante
1003 3192 1308 3270 diximus,
1367 3213 1530 3277 quae
1566 3201 1860 3257 constent
1894 3214 1975 3256 ex
2006 3192 2148 3279 pari
2180 3192 2317 3257 fere

247 3307 516 3351 numero
563 3284 976 3369 syllabarum.
1061 3286 1186 3352 hoc
1235 3309 1366 3352 non
1410 3285 1911 3351 dinumeratione
1954 3296 2173 3351 nostra
2206 3286 2319 3351 fiet

247 3414 340 3427 -—
354 3401 506 3443 nam
539 3378 610 3442 id
645 3378 900 3463 quidem
931 3379 1174 3465 puerile
1211 3388 1310 3445 est
1333 3416 1423 3426 —
1450 3379 1565 3443 sed
1599 3388 1845 3443 tantum
1880 3378 2125 3443 adferet
2158 3401 2314 3445 usus

251 3481 320 3536 et
353 3469 719 3538 exercitatio
747 3472 1088 3551 facultatis,
1124 3482 1196 3536 ut
1231 3472 1427 3537 animi
1454 3473 1729 3555 quodam
1757 3494 1953 3537 sensu
1974 3494 2093 3558 par
2117 3494 2317 3535 mem-

249 3566 439 3630 brum
475 3566 786 3651 superiori
817 3567 1055 3631 referre
1097 3565 1451 3652 possimus,
1501 3566 1624 3631 hoc
1668 3564 1888 3631 modo:
1944 3565 2039 3629 ‘in
2072 3564 2316 3650 proelio

249 3670 521 3724 mortem
564 3682 796 3746 parens
843 3661 1212 3748 oppetebat,
1269 3660 1443 3727 domi
1475 3660 1643 3725 filius
1688 3660 1946 3745 nuptias
1988 3678 2317 3743 compara-

249 3751 388 3829 bat,
449 3752 611 3838 haec
663 3754 876 3819 omnia
927 3776 1158 3841 graves
1209 3774 1397 3819 casus
1464 3750 2026 3819 administrabant?
2130 3750 2313 3815 item=

254 3842 390 3909 ‘alii
437 3845 696 3913 fortuna
748 3848 924 3913 dedit
982 3848 1375 3925 felicitatem,
1440 3847 1589 3912 huic
1646 3843 1958 3912 industria
2016 3843 2313 3911 virtutem
2366 3916 2371 3920 ,

255 3944 680 4025 comparavi&
768 3944 837 4009 in
880 3943 1003 4009 hoc
1047 3967 1290 4030 genere
1341 3966 1537 4031 saepe
1588 3940 1728 4007 fieri
1767 3950 2006 4027 potest,
2060 3951 2133 4004 ut
2183 3964 2311 4007 non
2354 3968 2406 4009 28

247 4032 442 4121 plane
463 4060 580 4123 par
605 4061 906 4104 numerus
945 4039 1028 4103 sit
1063 4039 1451 4123 syllabarum
1486 4048 1551 4103 et
1585 4046 1801 4101 tamen
1834 4056 1980 4100 esse
2002 4033 2313 4113 videatur,
