2784 4575
502 187 625 254 138
1113 197 1188 252 M.
1228 196 1501 254 TULLII
1538 195 1941 253 CICERONIS

496 343 682 388 nemo
717 321 836 388 erit
869 330 1118 408 praeter
1151 331 1404 387 nosmet
1434 320 1639 407 ipsos,
1679 341 1867 404 quem
1900 319 2037 384 iure
2074 341 2373 386 accusare
2404 345 2560 410 pos-

497 417 715 482 simus.
805 437 880 480 ac
922 415 1129 502 primo
1170 413 1426 498 quidem
1480 413 1685 499 decipi
1736 412 2208 479 incommodum
2260 425 2386 495 est3
2439 417 2557 482 ite-

491 532 662 588 rum,
700 509 990 588 stultum3
1037 509 1249 586 tertio,
1287 519 1469 596 turpe
1480 533 1498 586 ;
1550 506 2127 593 Karthaginienses
2164 519 2377 576 autem
2410 533 2555 596 per-

495 626 686 690 saepe
721 603 852 670 iam
883 626 1004 668 nos
1046 602 1429 669 fefellerunt.
1520 623 1769 666 summa
1810 601 2004 688 igitur
2047 602 2321 669 amentia
2352 615 2455 670 est
2485 604 2553 668 in

493 719 714 766 eorum
763 696 891 764 fide
947 719 1128 784 spem
1178 695 1413 762 babere
1426 744 1443 773 ,
1509 716 1779 779 quorum
1830 695 2097 782 perfidia
2158 697 2388 764 totiens
2434 698 2554 764 de-

397 819 450 860 ·22
493 803 713 879 ceptus
769 792 898 858 sis?
996 801 1263 876 utraque
1317 790 1771 878 approbatione
1822 792 2187 876 praeterita,
2242 793 2554 878 tripertita

489 888 563 953 fit
596 887 718 954 hoc
749 897 965 974 pacto:
1023 892 1164 952 ‘aut
1195 882 1553 951 metuamus
1586 885 2147 972 Karthaginiensis
2180 896 2455 973 oportet,
2494 887 2549 951 si

491 981 822 1048 incolumis
869 1003 980 1046 eos
1023 978 1493 1063 reliquerimus,
1540 989 1651 1044 aut
1694 1001 1913 1046 eorum
1944 979 2168 1046 urbem
2204 980 2549 1046 diruamus.

491 1085 558 1140 at
589 1085 871 1140 metuere
915 1072 1172 1158 quidem
1203 1096 1335 1140 non
1378 1081 1628 1159 oportet
1635 1098 1655 1151 3
1708 1083 1909 1139 restat
1950 1073 2169 1160 igitur,
2222 1085 2295 1140 ut
2326 1075 2547 1140 urbem

493 1169 856 1234 diruamus?

383 1274 456 1331 40
613 1259 782 1329 Sunt
823 1271 1063 1341 autem,
1120 1262 1226 1346 qui
1269 1271 1497 1349 putant
1540 1285 1669 1328 non
1713 1273 2058 1346 numquam
2110 1260 2547 1346 complexione

453 1416 456 1417 γ
489 1367 778 1445 oportere
815 1356 1242 1444 supersederi,
1289 1377 1435 1422 cum
1476 1356 1553 1421 icl'
1586 1355 1993 1443 perspicuum
2026 1354 2135 1433 sit,
2182 1355 2353 1440 quod
2396 1350 2549 1422 con-

486 1451 732 1520 ficiatur
767 1474 849 1517 ex
881 1450 1385 1530 ratiocinatione3
1424 1452 1597 1536 quod
1633 1451 1689 1516 si
1720 1451 1861 1526 fiat,
1896 1449 2258 1536 bipertitam
2292 1471 2547 1535 quoque

485 1546 624 1612 fieri
661 1545 1298 1634 argumentationem,
1336 1545 1459 1612 boc
1492 1545 1713 1612 modo:
1762 1544 1849 1610 ‘si
1880 1543 2154 1631 peperit,
2198 1543 2381 1631 virgo
2415 1565 2547 1610 non

487 1650 614 1706 est:
666 1641 915 1728 peperit
959 1640 1210 1706 autem?
1303 1635 1437 1726 [hic
1490 1639 1645 1704 satis
1690 1653 1834 1705 esse
1867 1659 2220 1725 proponere
2256 1647 2321 1702 et
2354 1637 2547 1703 adsu-

483 1757 658 1802 mere
702 1734 945 1814 dicunt,
1002 1734 1301 1818 quoniam
1343 1731 1752 1820 perspicuum
1800 1731 1909 1808 sit,
1965 1730 2137 1814 quod
2176 1728 2546 1798 conficiatur

485 1852 566 1895 ex
615 1827 1092 1894 ratiocinatione
1099 1853 1120 1904 3
1185 1825 1358 1910 quod
1410 1825 1467 1890 si
1516 1824 1657 1902 fiat,
1720 1823 2175 1908 complexionis
2226 1847 2364 1890 rem
2414 1847 2546 1891 non

483 1921 818 2009 indigere]
927 1921 1110 1986 nobis
1175 1929 1387 1984 autem
1450 1918 1699 1984 videtur
1759 1928 1825 1982 et
1884 1917 2089 1983 omnis
2148 1918 2543 1984 ratiocinatio

483 2014 919 2082 concludenda
967 2035 1114 2080 esse
1165 2023 1230 2078 et
1279 2011 1439 2076 illud
1502 2011 1726 2078 vitium
1780 2009 1982 2098 [quod
2040 2011 2165 2078 illis
2221 2010 2541 2099 displicet]

481 2130 716 2195 magno
763 2128 955 2194 opere
997 2106 1354 2184 vitandum,
1400 2129 1512 2186 ne,
1558 2107 1729 2191 quod
1769 2105 2177 2193 perspicuum
2212 2106 2321 2184 sit,
2373 2107 2443 2170 id
2474 2106 2543 2170 in

385 2233 438 2275 vs
483 2200 986 2287 complexionem
1013 2201 1379 2267 inferamus.
1452 2201 1574 2268 hoc
1602 2212 1815 2266 autem
1842 2200 1980 2266 fieri
2006 2201 2257 2290 poterit,
2286 2200 2342 2266 si
2369 2221 2543 2266 com-

477 2295 845 2386 plexionum
881 2318 1118 2383 genera
1150 2295 1624 2383 intellegentur,
1686 2320 1836 2361 nam
1873 2307 1981 2362 aut
2020 2296 2113 2361 ita
2164 2295 2544 2383 complecte-

480 2414 641 2470 mur,
669 2390 833 2456 utin
849 2412 1049 2455 unum
1075 2390 1504 2457 conducamus
1534 2392 2033 2480 propositionem
2060 2401 2125 2457 et
2150 2390 2541 2477 adsumptio-

477 2508 655 2566 nem,
700 2486 823 2553 hoc
865 2486 1086 2552 modo:
1142 2486 1401 2571 ‘quodsi
1443 2487 1623 2575 leges
1666 2488 1871 2553 omnis
1928 2488 2010 2552 ad
2059 2485 2393 2551 utilitatem
2443 2486 2540 2549 rei

476 2580 770 2669 publicae
818 2580 1042 2647 referri
1095 2580 1418 2659 convenit,
1470 2581 1575 2646 hic
1620 2592 1832 2647 autem
1886 2580 2074 2649 saluti
2114 2578 2209 2645 rei
2243 2578 2536 2666 publicae

477 2676 624 2755 fuit,
661 2676 948 2763 profecto
983 2697 1113 2741 non
1145 2685 1359 2761 potest
1411 2678 1639 2743 eodem
1671 2676 1842 2742 facto
1888 2686 1953 2741 et
1988 2674 2176 2741 saluti
2220 2674 2537 2741 communi

479 2769 874 2837 consuluisse
910 2781 974 2835 et
1004 2770 1256 2857 legibus
1292 2793 1422 2836 non
1458 2769 1983 2881 obtemperasse?
2038 2781 2147 2835 aut
2179 2768 2296 2847 ita,
2349 2780 2423 2838 ut
2456 2790 2537 2833 ex

478 2862 791 2930 contrario
827 2864 1193 2930 conficiatur
1229 2866 1570 2944 sententia,
1606 2866 1731 2931 hoc
1773 2864 1991 2947 modo.
2032 2868 2311 2927 ‘summa
2341 2863 2539 2949 igitur

478 2956 754 3023 amentia
786 2967 886 3023 est
919 2980 1137 3023 eorum
1169 2958 1238 3023 in
1273 2959 1400 3026 fide
1438 2982 1619 3047 spem
1654 2959 1915 3033 habere,
1963 2976 2230 3039 quorum
2269 2956 2541 3039 perfidia

477 3050 706 3117 totiens
752 3050 1054 3137 deceptus
1093 3053 1209 3121 sis'
1247 3065 1358 3118 aut
1398 3053 1516 3132 ita,
1570 3063 1643 3117 ut
1673 3052 1743 3116 id
1777 3050 2008 3125 solum,
2065 3048 2236 3131 quod
2280 3049 2539 3113 confici-

475 3138 605 3222 tur,
642 3144 976 3224 inferatur,
1015 3147 1096 3211 ad
1131 3147 1304 3214 hunc
1333 3147 1622 3211 modum·
1668 3145 1919 3209 ‘urbem
1951 3140 2143 3227 igitur
2180 3140 2530 3209 diruamus'

477 3248 612 3317 aut,
647 3248 721 3304 ut
751 3238 848 3319 id,
893 3242 1065 3325 quod
1099 3264 1242 3308 eam
1274 3264 1439 3318 rem,
1486 3261 1649 3324 quae
1685 3235 2039 3314 conficitur,
2086 3247 2386 3321 sequatur
2420 3260 2535 3304 ne-

474 3351 656 3399 cesse
691 3342 817 3413 est3
870 3333 939 3401 id
974 3345 1074 3401 est
1106 3334 1294 3399 buius
1331 3332 1532 3397 modi:
1588 3331 1673 3397 ‘si
1706 3328 1981 3417 peperit,
2028 3352 2173 3397 cum
2207 3332 2343 3399 viro
2381 3354 2533 3399 con-

474 3424 690 3491 cubuit
696 3452 716 3505 3
759 3427 1007 3515 peperit
1041 3426 1292 3493 autem?
1381 3424 1707 3491 conficitur
1741 3423 1891 3489 hoc:
1940 3425 2309 3491 ‘concubuit
2338 3425 2533 3512 igitur

473 3541 619 3586 cum
661 3520 836 3588 viro?
927 3523 1050 3587 hoc
1095 3521 1150 3586 si
1194 3518 1357 3585 nolis
1402 3517 1635 3584 inferre
1682 3528 1747 3583 et
1785 3517 2023 3587 inferas
2066 3520 2161 3599 id,
2216 3521 2388 3605 quod
2430 3542 2531 3584 se-

473 3614 710 3699 quitur:
765 3616 944 3682 ‘fecit
991 3615 1184 3701 igitur
1225 3613 1541 3679 incestum
1548 3613 1596 3693 3’
1650 3624 1717 3679 et
1757 3614 2141 3681 concluseris
2196 3634 2529 3700 argumen-

376 3730 428 3772 τι
476 3708 777 3777 tationem
819 3707 884 3777 et
923 3708 1325 3796 perspicuam
1360 3706 1603 3795 fugeris
1640 3708 2160 3797 complexionem.
2252 3702 2408 3791 [qua
2456 3728 2527 3773 re

471 3803 538 3869 in
587 3806 798 3893 longis
854 3802 1505 3890 argumentationibus
1562 3816 1671 3871 aut
1720 3828 1803 3871 ex
1855 3801 2373 3871 conductionibus
2419 3812 2531 3867 aut

460 3919 558 3965 ex
610 3897 921 3965 contrario
975 3897 1306 3984 complecti
1367 3910 1644 3987 oportet,
1708 3900 1776 3965 in
1825 3898 2124 3964 brevibus
2176 3896 2243 3962 id
2300 3894 2521 3972 solum,

477 3992 650 4075 quod
683 3989 1036 4069 conficitur,
1089 4014 1436 4081 exponere,
1480 3994 1547 4061 in
1590 3994 1713 4074 eis,
1765 3992 1833 4059 in
1868 3992 2096 4076 quibus
2142 3991 2348 4057 exitus
2382 4011 2533 4078 per-
