2784 4575
915 276 1228 335 BRUTUS
1264 277 1576 332 170-177.
1655 331 1663 336 ,
2142 265 2277 332 235

205 395 513 470 dixerim·
563 423 683 468 nec
717 400 886 468 enim
918 400 987 466 in
1039 399 1362 486 quadrigis
1418 421 1566 466 eum
1602 397 1951 465 secundum
1981 423 2278 467 numeras
2356 432 2363 440 ·

208 498 418 564 verim
469 507 578 562 aut
637 496 919 574 tertium,
981 494 1092 581 qui
1143 494 1253 559 vix
1304 516 1341 560 e
1396 493 1751 560 carceribus
1813 493 2065 573 exierit,
2130 516 2276 561 cum

205 592 494 681 palmam
543 591 674 656 iam
731 589 974 676 primus
1027 587 1372 674 acceperit·
1353 635 1393 697 ⁹.
1434 608 1554 653 nec
1603 587 1671 652 in
1722 587 2106 668 oratoribus,
2168 589 2277 671 qui

211 695 465 750 tantum
513 685 682 750 absit
733 707 774 748 a
820 683 1055 770 primo,
1111 682 1221 746 vix
1260 691 1334 746 ut
1374 680 1443 746 in
1495 681 1721 748 eodem
1771 681 2079 748 curriculo
2130 703 2278 748 esse

212 779 540 845 videatur.
599 777 717 844 sed
751 789 966 843 tamen
1003 787 1184 842 erant
1212 798 1294 842 ea
1325 776 1394 840 in
1425 775 1759 863 Philippo,
1795 797 1959 860 quae
1994 775 2104 860 qui
2139 775 2279 842 sine

213 871 687 959 comparatione
746 871 998 939 illorum
1071 880 1416 956 spectaret,
1489 869 1647 936 satis
1702 890 1940 956 magna
2008 869 2279 937 diceret:

217 989 472 1034 summa
504 965 818 1032 libertas
798 989 868 1030 ιιι
901 965 1215 1042 oratione,
1251 965 1489 1030 multae
1522 964 1821 1043 facetiae3
1868 963 2023 1030 satis
2059 967 2280 1032 creber

209 1061 284 1126 in
346 1059 768 1170 reperiendis,
832 1058 1076 1124 solutus
1119 1058 1205 1122 in
1266 1057 1657 1143 explicandis
1720 1058 2079 1124 sententiis·
2061 1106 2081 1137 ,
2144 1070 2279 1125 erat

213 1153 412 1220 etiam
465 1153 534 1218 in
575 1153 827 1240 primis,
880 1163 954 1216 ιιι
1003 1151 1394 1236 temporibus
1447 1151 1601 1230 illis,
1657 1150 1921 1218 Graecis
1977 1151 2277 1217 doctrinis

212 1245 564 1324 institutus,
600 1247 668 1310 in
706 1245 1067 1310 altercando
1104 1266 1249 1309 cum
1277 1243 1489 1328 aliquo
1525 1223 1746 1311 aculeo
1783 1243 1878 1332 [et
1908 1243 2273 1333 maledicto]

213 1341 484 1406 facetus.
574 1338 830 1404 horum
847 1339 1040 1404 aetati
1080 1361 1280 1424 prope
1325 1337 1697 1405 coniunctus
1731 1339 1816 1404 L.
1856 1335 2102 1406 Gellius
2146 1362 2276 1405 non

213 1445 352 1499 tam
384 1433 722 1498 vendibilis
759 1443 998 1510 orator,
1054 1431 1343 1516 quamvis
1389 1433 1667 1498 nescires
1714 1433 1867 1518 quid
1900 1433 1959 1498 ei
1994 1433 2276 1499 deesset:

2314 1365 2393 1406 174

213 1548 339 1594 nec
399 1527 569 1592 enim
631 1536 766 1592 erat
825 1526 1117 1592 indoctus
1179 1521 1300 1591 nec
1361 1528 1578 1592 tardus
1645 1526 1729 1592 ad
1789 1526 2281 1614 excogitandum
2357 1578 2362 1584 .

215 1641 341 1686 nec
373 1621 808 1686 Romanarum
839 1643 1054 1686 rerum
1097 1620 1431 1687 immemor
1467 1630 1531 1686 et
1562 1620 1775 1686 verbis
1813 1620 2057 1686 solutus
2092 1620 2247 1686 satis
2258 1646 2277 1698 ;

221 1713 340 1780 sed
371 1714 442 1778 in
474 1736 742 1800 magnos
778 1710 1062 1780 oratores
1105 1714 1413 1780 inciderat
1446 1714 1583 1780 eius
1630 1725 1808 1782 aetas
1814 1739 1833 1792 3
1886 1713 2153 1779 multam
2185 1724 2281 1778 ta-

217 1828 370 1873 men
421 1828 680 1894 operam
735 1807 952 1872 amicis
1010 1818 1075 1873 et
1124 1807 1346 1873 utilem
1405 1809 1724 1896 praebuit,
1792 1819 1979 1892 atque
2030 1806 2121 1872 ita
2172 1807 2280 1872 diu

219 1901 398 1980 vixit,
435 1913 508 1966 ιιι
539 1902 880 1968 multarum
916 1913 1196 1968 aetatum
1230 1902 1584 1968 oratoribus
1618 1901 2065 1989 implicaretur.
2117 1901 2281 1966 mul-

219 2005 358 2059 tum
394 1996 586 2061 etiam
618 1994 687 2060 in
721 1996 932 2061 causis
976 1997 1347 2062 versabatur
1372 1995 1579 2062 isdem
1611 1997 1747 2062 fere
1774 1995 2163 2082 temporibus
2189 1996 2279 2061 D.

218 2088 491 2168 Brutus,
527 2089 584 2154 is
622 2089 730 2174 qui
766 2090 990 2155 consul
1028 2112 1173 2154 cum
1207 2089 1540 2156 Mamerco
1574 2089 1715 2168 fuit,
1752 2088 1943 2154 homo
1978 2099 2043 2154 et
2080 2087 2282 2155 Grae-

220 2181 314 2248 cis
367 2183 592 2247 doctus
645 2182 871 2248 litteris
917 2193 982 2248 et
1023 2183 1302 2250 Latinis.
1391 2185 1643 2249 dicebat
1694 2181 1885 2248 etiam
1927 2182 2013 2248 L.
2062 2179 2281 2270 Scipio

221 2296 352 2340 non
394 2274 686 2360 imperite
723 2273 1114 2361 Gnaeusque
1144 2277 1497 2365 Pompeius
1536 2275 1691 2343 Sex.
1724 2277 1803 2343 F.
1850 2273 2125 2361 aliquem
2164 2301 2285 2342 nu·-

222 2388 468 2461 merum
520 2366 863 2434 obtinebat.
967 2389 1153 2435 nam
1171 2368 1325 2436 Sex.
1379 2372 1575 2437 frater
1628 2371 1763 2435 eius
1814 2371 2285 2457 praestantissi-

223 2482 400 2524 mum
447 2459 774 2545 ingenium
837 2462 1188 2527 contulerat
1238 2464 1322 2527 ad
1375 2484 1687 2527 summam
1746 2462 1901 2527 iuris
1963 2463 2163 2528 civilis
2220 2474 2283 2527 et

227 2554 308 2619 ad
341 2554 690 2640 perfectam
743 2555 1128 2639 geometriae
1175 2566 1240 2619 et
1279 2577 1493 2619 rerum
1530 2552 1888 2620 Stoicarum
1934 2555 2285 2621 scientiam.

224 2648 378 2711 item
429 2646 496 2711 in
538 2646 675 2711 iure
712 2657 774 2712 et
821 2657 968 2713 ante
1002 2646 1122 2713 hos
1155 2646 1256 2712 M.
1289 2648 1533 2711 Brutus
1578 2656 1645 2712 et
1693 2647 1886 2732 paulo
1937 2658 2087 2733 post
2138 2668 2285 2711 eum

229 2738 308 2807 C.
343 2740 672 2804 Bellienus
708 2740 899 2805 homo
942 2763 1058 2826 per
1095 2762 1166 2805 se
1201 2739 1493 2827 cognitus
1538 2760 1737 2825 prope
1790 2738 1927 2804 sine
1969 2738 2103 2804 ulla
2144 2761 2286 2805 ora-

227 2833 398 2899 tione
435 2854 720 2897 summus
757 2844 1051 2909 evaserat
1060 2857 1079 2911 3
1135 2834 1244 2917 qui
1286 2833 1511 2899 consul
1562 2833 1771 2897 factus
1808 2841 2008 2910 esset,
2058 2832 2185 2897 nisi
2217 2832 2286 2897 in

213 2926 556 2993 ‘Marianos
603 2928 971 2994 consulatus
1008 2939 1075 2994 et
1115 2928 1184 2992 in
1217 2950 1328 2993 eas
1371 2925 1694 3015 petitionis
1746 2925 2075 3011 angustias
2127 2926 2284 2992 inci-

2317 1917 2396 1960 175

229 3021 446 3087 disset.
538 3018 662 3087 Cn.
701 3033 913 3087 autem
951 3021 1209 3089 Octavii
1243 3020 1627 3105 eloquentia,
1687 3040 1847 3105 quae
1891 3018 2101 3085 fuerat
2134 3032 2281 3085 ante
2318 3046 2399 3087 176

231 3116 628 3181 consulatum
661 3115 983 3203 ignorata,
1035 3115 1103 3182 in
1138 3115 1469 3182 consulatu
1503 3114 1717 3180 multis
1756 3113 2153 3181 contionibus
2189 3124 2289 3179 est

229 3210 634 3275 vehementer
682 3211 974 3295 probata.
1063 3209 1179 3276 sed
1213 3211 1294 3276 ab
1341 3209 1463 3287 eis,
1517 3208 1626 3294 qui
1668 3218 1914 3273 tantum
1955 3208 2023 3272 in
2076 3208 2288 3273 dicen-

230 3302 388 3366 tium
421 3325 712 3381 numero,
757 3326 888 3371 non
919 3305 990 3370 in
1025 3315 1344 3371 oratorum
1377 3303 1664 3381 fuerunt,
1700 3302 1837 3367 iam
1880 3302 1963 3367 ad
2004 3311 2285 3368 oratores
2361 3300 2368 3305 ’

230 3404 639 3460 revertamur.
642 3396 659 3424 ’
750 3403 1010 3464 ‘censeo
1020 3398 1060 3477 ,’
1113 3398 1320 3481 inquit
1367 3396 1627 3463 Atticus
1680 3394 2063 3481 ‘eloquentis
2118 3395 2288 3460 enim

232 3487 559 3566 videbare,
595 3511 727 3554 non
763 3491 1018 3557 sedulos
1054 3492 1218 3557 velle
1255 3489 1662 3574 conquirere?

354 3580 754 3648 ‘Festivitate
806 3583 1002 3671 igitur
1053 3594 1120 3649 et
1167 3584 1444 3650 facetiis'
1498 3584 1759 3668 inquam
1803 3581 1912 3649 ⁶0.
1956 3582 2157 3648 Iulius
2200 3581 2285 3648 L.
2320 3578 2403 3693 ‘lig

231 3674 310 3741 F.
346 3684 412 3740 et
447 3676 875 3762 superioribus
921 3688 986 3744 et
1029 3679 1401 3763 aequalibus
1444 3678 1577 3743 suis
1631 3677 1925 3744 omnibus
1974 3676 2290 3764 praestitit

235 3779 572 3853 oratorque
609 3769 734 3835 fuit
773 3770 1033 3837 minime
1067 3772 1192 3853 ille·
1219 3773 1475 3857 quidem
1518 3770 1889 3849 vehemens,
1944 3771 2058 3837 sed
2100 3792 2286 3837 nemo

235 3885 535 3947 umquam
580 3866 968 3945 urbanitate,
1021 3890 1212 3933 nemo
1251 3868 1499 3953 lepore,
1550 3886 1743 3933 nemo
1784 3866 2095 3931 suavitate
2140 3886 2291 3931 con-

235 3957 440 4026 ditior.
529 3972 680 4027 sunt
722 3961 858 4027 eius
907 3960 1156 4045 aliquot.
1201 3963 1548 4039 orationes,
1603 3982 1685 4026 ex
1728 3960 1955 4045 quibus
2010 3959 2175 4024 sicut
2208 3982 2288 4025 ex

221 4049 521 4119 -eiusdem
553 4055 898 4141 tragoediis
925 4054 1154 4133 lenitas
1183 4056 1318 4123 eius
1349 4056 1486 4123 sine
1512 4053 1723 4121 nervis
1747 4052 2022 4141 perspici
2055 4062 2289 4141 potest.
