2784 4575
301 841 372 896 49

287 2183 366 2224 201

283 3653 357 3708 50

276 3726 356 3767 202

410 239 536 305 104
1025 249 1102 304 Μ.
1139 249 1413 307 TULLII
1450 245 1852 338 CICERONIS

407 373 858 462 increpandam
893 370 1238 460 Caepionis
1271 373 1515 458 fugam,
1548 371 1616 436 in
1651 369 2108 457 deplorandum
2140 370 2469 442 interitum

409 468 754 534 exercitus:
789 467 882 532 sic
917 477 984 531 et
1016 489 1236 532 eorum
1271 466 1582 544 dolorem,
1619 464 1729 550 qui
1760 465 2068 551 lugebant
2102 487 2283 546 suos,
2321 490 2471 532 ora-

408 563 578 628 tione
620 561 998 628 refricabam
1042 570 1107 625 et
1149 560 1392 626 animos
1448 557 1731 644 equitum
1774 559 2238 638 Romanorum,
2294 563 2470 646 apud

407 678 568 742 quos
632 667 768 721 tum
825 653 1124 742 [iudices]
1189 677 1384 720 causa
1444 654 1777 740 agebatur,
1840 653 1924 718 ad
1974 651 2060 734 Q.
2114 651 2469 741 Caepionis

407 751 652 828 odium,
708 761 834 834 quo
870 758 1050 814 erant
1081 748 1208 834 ipsi
1239 757 1499 857 propter
1532 747 1765 812 iudicia
1798 746 2154 826 abalienati,
2192 769 2471 813 renova»

405 845 574 910 bam.
663 842 836 927 quod
867 841 979 906 ubi
1015 842 1188 908 sensi
1220 865 1324 908 me
1356 842 1427 906 in
1468 841 1942 928 possessionem
1990 841 2207 906 iudicii
2241 863 2317 908 ac
2352 841 2473 906 de-

319 914 714 1004 ⁰⁰fensionis
749 958 930 1002 meae
965 934 1358 1014 constitisse,
1396 936 1569 1020 quod
1603 946 1668 1000 et
1700 935 1922 1022 populi
1953 935 2465 1002 benevolentiam

403 1031 561 1097 mihi
616 1031 1044 1108 conciliatam,
1099 1031 1279 1095 cuius
1333 1030 1435 1094 ius
1488 1029 1681 1094 etiam
1733 1051 1879 1094 cum
1932 1029 2257 1094 seditionis
2310 1051 2472 1095 con-

403 1125 724 1192 iunctione
759 1123 1196 1201 defenderam,
1251 1134 1316 1189 et
1345 1123 1629 1188 iudicum
1663 1123 1909 1190 animos
1952 1133 2121 1188 totos
2158 1122 2259 1188 vel
2294 1123 2469 1188 cala-

403 1219 627 1284 mitate⁴
677 1217 950 1284 civitatis
985 1217 1090 1284 vel
1122 1217 1298 1282 luctu
1343 1238 1420 1284 ac
1462 1216 1776 1282 desiderio
1826 1217 2321 1306 propinquorum
2353 1217 2459 1280 vel

405 1312 552 1378 odio
593 1311 852 1398 proprio
889 1311 960 1376 in
995 1309 1387 1398 Caepionem
1432 1311 1516 1376 ad
1552 1332 1811 1376 oausam
1860 1321 2149 1376 nostram
2197 1331 2463 1376 conver-

403 1416 636 1483 teram,
689 1417 828 1470 tum
881 1405 1228 1470 admiscere
1279 1405 1429 1470 huic
1479 1404 1699 1490 generi
1749 1404 2049 1470 orationis
2100 1403 2463 1469 vehementi

405 1511 596 1584 atque
631 1499 830 1564 atroci
863 1521 1066 1585 genus
1102 1499 1258 1563 illud
1301 1499 1598 1576 alterum,
1652 1499 1733 1563 de
1767 1520 1895 1582 quo
1931 1509 2076 1564 ante
2120 1496 2465 1583 disputavi,

402 1595 680 1687 lenitatis
718 1605 783 1658 et
814 1595 1314 1660 mansuetudinis
1351 1593 1560 1680 coepi:
1612 1616 1717 1660 me
1751 1617 1867 1681 pro
1900 1615 2047 1658 meo
2082 1593 2313 1670 sodali,
2350 1593 2463 1677 qui

401 1688 610 1754 mihi
590 1711 658 1754 m
691 1688 960 1754 liberum
1000 1688 1142 1754 loco
1177 1711 1354 1754 more
1386 1688 1698 1756 maiorum
1732 1709 1876 1753 esse
1914 1686 2199 1764 deberet,
2244 1697 2313 1752 et
2343 1709 2466 1772 pro

401 1805 548 1848 mea
579 1783 756 1848 omni
789 1783 964 1848 fama
1001 1780 1256 1869 [prope]
1295 1782 1693 1865 fortunisque
1739 1781 2079 1848 decernere
2112 1779 2273 1844 nihil
2304 1779 2465 1844 mihi

403 1877 486 1942 ad
520 1877 1048 1942 existimationem
1085 1877 1359 1964 turpius,
1404 1876 1561 1940 nihil
1596 1876 1680 1940 ad
1713 1875 1998 1941 dolorem
2032 1875 2320 1941 acerbius
2356 1895 2470 1940 ac·

401 1969 614 2036 cidere
664 1992 886 2056 posse,
942 1990 1134 2052 quam
1178 1969 1233 2033 si
1275 1969 1362 2046 is,
1418 1969 1527 2052 qui
1580 1991 1771 2056 saepe
1824 1968 2224 2034 alienissimis
2262 1991 2303 2033 a
2334 1991 2465 2046 me,

403 2063 520 2129 sed
551 2065 712 2128 meis
756 2074 971 2128 tamen
1015 2062 1258 2128 civibus
1305 2062 1494 2128 saluti
1546 2063 1940 2130 existimarer
1972 2063 2202 2142 fuisse,
2257 2063 2465 2129 sodali

400 2177 545 2220 meo
583 2155 886 2220 auxilium
921 2156 1088 2220 ferre
1121 2178 1252 2220 non
1283 2156 1665 2242 potuissem3
1718 2157 2015 2243 petebam
2050 2181 2091 2221 a
2121 2156 2463 2234 iudicibus,

399 2259 474 2313 ut
503 2246 660 2312 illud
703 2246 893 2313 aetati
935 2271 1146 2328 meae,
1201 2259 1272 2315 ut
1321 2249 1699 2329 honoribus,
1752 2262 1825 2317 ut
1873 2251 2065 2317 rebus
2118 2250 2347 2338 gestis,
2403 2251 2464 2315 si

398 2342 597 2421 iust0,
651 2342 708 2407 si
740 2342 848 2428 pio
885 2342 1098 2409 dolore
1151 2368 1256 2410 me
1308 2368 1455 2411 esse
1498 2346 1819 2411 adfectum
1864 2345 2179 2424 viderent,
2234 2366 2465 2411 conce-

399 2434 648 2516 derent3
701 2437 1076 2523 praesertim
1111 2438 1168 2503 si
1199 2438 1268 2503 in
1301 2440 1442 2505 aliis
1480 2440 1689 2505 causis
1742 2438 2205 2505 intellexissent
2247 2439 2466 2505 omnia

397 2554 502 2597 me
555 2554 805 2617 semper
855 2554 974 2619 pro
1025 2532 1372 2598 amicorum
1414 2533 1739 2619 periculis,
1794 2532 1953 2597 nihil
1994 2554 2297 2617 umquam
2338 2556 2465 2619 pro

397 2645 502 2691 me
534 2625 677 2713 ipso
714 2626 1139 2712 deprecatum.
1230 2627 1322 2691 sic
1351 2626 1425 2691 in
1466 2626 1579 2691 illa
1620 2626 1792 2691 omni
1844 2627 2215 2693 defensione
2268 2638 2463 2711 atque

398 2740 619 2798 causa,
673 2719 844 2803 quod
888 2742 1031 2787 esse
1065 2721 1134 2784 in
1169 2731 1302 2785 arte
1345 2720 1627 2807 positum
1677 2721 2036 2799 videbatur,
2090 2732 2165 2787 ut
2197 2721 2279 2786 de
2311 2721 2465 2808 lege

395 2813 720 2899 Appuleia
753 2813 1056 2892 dicerem,
1092 2824 1166 2879 ut
1199 2814 1354 2898 quid
1387 2825 1561 2880 esset
1591 2815 1879 2879 minuere
1912 2815 2309 2881 maiestatem
2344 2836 2463 2879 ex·

393 2905 723 2991 plicarem,
775 2928 1085 2992 perquam
1136 2907 1413 2973 breviter
1462 2908 1804 2995 perstrinxi
1856 2919 2045 2993 atque
2090 2908 2299 2995 attigi3
2353 2908 2459 2973 his

392 2998 642 3063 duabus
686 3002 972 3086 partibus
1025 3001 1356 3080 orationis,
1408 3024 1679 3085 quarum
1720 3002 1919 3067 altera
1962 3001 2461 3068 commendatio*

391 3114 544 3155 nem
575 3092 796 3171 habet,
832 3094 1032 3159 altera
1067 3096 1571 3175 concitationem,
1608 3118 1771 3181 quae
1806 3096 2065 3161 minime
2097 3096 2457 3183 praeceptis

399 3185 626 3251 artium
677 3198 828 3252 sunt
877 3188 1254 3275 perpolitae,
1307 3190 1515 3255 omnis
1568 3202 1669 3255 est
1710 3214 1750 3255 a
1790 3212 1893 3255 me
1944 3190 2057 3254 illa
2089 3211 2285 3255 causa
2324 3201 2460 3254 tra-—

397 3288 594 3357 ctata,
645 3291 718 3345 ut
753 3293 820 3345 et
854 3283 1195 3349 acerrimus
1229 3284 1298 3347 in
1335 3281 1679 3369 Caepionis
1714 3284 1955 3350 invidia
1986 3284 2355 3350 renovanda
2388 3296 2456 3349 et

390 3374 458 3437 in
491 3374 650 3439 meis
686 3376 968 3441 moribus
1007 3400 1160 3463 erga
1191 3400 1370 3443 meos
1406 3378 1801 3443 necessarios
1839 3376 2235 3443 declarandis
2268 3400 2455 3443 man-

393 3468 790 3535 suetissimus
841 3470 1118 3536 viderem
1153 3471 1260 3536 ita
1309 3472 1515 3559 magis
1573 3473 1839 3539 adfectis
1894 3473 2119 3539 animis
2170 3471 2453 3537 iudicum

391 3584 584 3646 quam
634 3565 864 3643 doctis,
931 3576 1068 3642 tua,
1123 3562 1396 3653 Sulpici,
1462 3578 1560 3632 est
1612 3592 1653 3632 a
1701 3568 1887 3635 nobis
1940 3578 2075 3633 tum
2130 3568 2454 3633 accusatio

391 3657 598 3725 victa?
687 3658 792 3725 hic
828 3658 1149 3745 Sulpicius
1163 3707 1183 3738 ,
1239 3666 1417 3727 ‘vere
1452 3662 1703 3740 hercle,’
1756 3662 1963 3746 inquit
1997 3661 2291 3739 ‘Antoni,
2325 3660 2453 3727 ista

389 3773 874 3831 commemoras;
927 3774 1078 3819 nam
1113 3776 1234 3841 ego
1269 3755 1427 3819 nihil
1471 3777 1771 3841 umquam
1823 3756 1981 3833 vidi,
2036 3756 2210 3839 quod
2244 3766 2451 3819 tame

388 3847 684 3913 manibus
735 3846 1117 3928 elaberetur,
1171 3870 1364 3933 quam
1396 3850 1555 3915 mihi
1608 3862 1743 3915 tum
1777 3860 1879 3916 est
1912 3851 2131 3935 elapsa
2163 3848 2275 3913 illa
2306 3848 2451 3935 ipsa

389 3960 602 4007 causa.
703 3963 850 4007 cum
903 3944 1099 4023 enim,
1161 3966 1353 4027 quem
1407 3945 1489 4009 ad
1539 3946 1799 4011 modum
1850 3943 2094 4021 dixisti,
2155 3942 2272 4007 tibi
2322 3965 2455 4029 ego

387 4052 518 4097 non
567 4033 896 4113 iudicium,
959 4037 1075 4102 sed
1123 4037 1487 4103 incendium
1546 4040 1976 4119 tradidissem,
2042 4038 2215 4123 quod
2266 4047 2449 4101 tuum
