2784 4575
745 239 852 296 DE
885 237 1372 299 INVENTIONE
1408 239 1455 296 L
1490 241 1734 296 67—71.
2143 224 2265 293 137

202 364 498 453 publicae
559 362 972 429 considerate.
1077 362 1232 446 quid
1282 349 1487 450 magis
1548 363 1703 428 utile
1762 363 1886 428 suit
1936 361 2261 430 Thebanis

207 483 404 544 quam
453 457 1000 524 Lacedaemonios
1053 457 1361 544 opprimi?
1414 457 1567 541 quid
1616 457 1821 544 magis
1873 457 2266 544 Epaminon-

205 554 387 632 dam,
441 552 894 619 Thebanorum
925 551 1401 638 imperatorem,
1454 573 1647 636 quam
1680 550 1978 618 victoriae
2012 551 2268 618 Theba-

204 671 434 714 nomm
479 645 809 713 consulere
863 646 1112 714 decuit?
1165 645 1317 731 quid
1367 645 1540 712 hunc
1589 657 1767 712 tenta
1817 645 2269 712 Thebanorum

207 743 442 830 gloria,
495 753 631 808 tem
681 742 854 808 claro
907 752 1094 827 atque
1149 752 1453 808 exornato
1506 752 1765 828 tropaeo
1819 741 2025 808 carius
2080 753 2269 824 atque

205 837 527 923 antiquius
563 837 800 903 habere
833 837 1165 904 convenit?
1219 836 1453 924 scripto
1498 836 1791 906 videlicet
1830 835 1994 922 legis
2031 835 2268 902 omisso

205 932 533 1020 scriptoris
569 930 950 998 sententiam
984 931 1384 998 consider-nne
1420 930 1719 998 debebat:
1756 939 1825 996 at
1855 930 1979 996 hoc
2014 929 2269 1014 quidem

207 1027 364 1092 satis
419 1025 886 1093 consideratum
937 1037 1065 1104 est,
1117 1026 1360 1092 nullam
1408 1048 1557 1092 esse
1596 1025 1811 1112 legem
1849 1024 1976 1090 nisi
2014 1024 2111 1090 rei
2148 1047 2268 1112 Ριι-

205 1120 412 1186 blicae
467 1141 664 1186 causa
715 1119 1034 1206 scriptam.
1124 1143 1441 1186 summam
1488 1120 1682 1206 igitur
1732 1119 2073 1186 amentiam
2124 1141 2269 1186 esse

207 1213 639 1292 existimabat,
713 1215 885 1299 quod
945 1215 1250 1302 scriptum
1309 1224 1484 1280 esset
1538 1213 1634 1279 rei
1692 1214 1984 1300 publicae
2046 1213 2266 1280 salutis

203 1329 422 1386 causa,
457 1306 527 1373 id
558 1330 690 1374 non
723 1329 806 1374 ex
837 1307 934 1374 rei
964 1308 1257 1396 publicae
1294 1309 1499 1375 salute
1532 1308 1949 1395 interpretari.
2036 1308 2267 1392 quodsi

205 1400 385 1487 leges
437 1401 644 1466 omnis
685 1402 771 1466 ad
819 1401 1158 1468 utilitatem
1207 1403 1300 1468 rei
1340 1402 1633 1489 publicae
1676 1402 1900 1468 referri
1950 1402 2263 1481 convenit,

204 1493 312 1560 hic
357 1505 568 1561 autem
619 1494 812 1560 saluti
849 1495 945 1560 rei
993 1495 1286 1581 publicae
1335 1497 1485 1574 fuit,
1538 1496 1824 1583 profecto
1875 1518 2006 1563 non
2055 1507 2269 1582 potest

203 1589 436 1655 eodem
467 1589 639 1656 fecto
673 1599 742 1654 et
773 1590 1212 1658 communibus
1255 1590 1527 1658 fortunis
1573 1589 1967 1656 consuluisse
2011 1601 2077 1656 et
2108 1590 2267 1677 legi-

204 1683 330 1749 bus
379 1705 512 1749 non
563 1682 1077 1794 obtemperasse-⁹
1164 1689 1463 1768 quattuor
1516 1693 1728 1750 autem
1776 1684 2063 1771 pambus
2117 1705 2267 1749 con-
2301 1682 2371 1738 39

205 1787 337 1843 stat
379 1779 868 1870 argumentatio,
923 1800 1069 1844 cum
1109 1789 1222 1844 aut
1261 1779 1675 1869 proponimus
1721 1789 1833 1845 aut
1873 1755 2335 1846 adsumimus⁷

207 1871 345 1938 sine
381 1872 853 1959 approbatione.
941 1872 1009 1937 id
1042 1873 1252 1939 facere
1287 1883 1556 1960 oportet,
1594 1894 1740 1938 cum
1775 1883 1885 1938 aut
1918 1871 2271 1960 propositio

205 1989 288 2032 ex
321 1989 394 2032 se
424 1967 814 2054 intellegitur
859 1977 1005 2033 aut
1010 1967 1370 2055 adsumptio
1412 1967 1751 2056 perspicua
1792 1977 1892 2034 est
1933 1977 1999 2034 et
2031 1965 2265 2035 1111111118

207 2061 680 2148 approbationis
711 2061 988 2149 indiget.
1073 2062 1525 2150 propositionis
1580 2061 2035 2150 approbatione
2081 2083 2269 2149 prae-

205 2155 391 2220 terita
441 2167 742 2239 quattuor
792 2179 873 2222 ex
923 2156 1212 2244 partibus
1271 2156 1735 2244 argumentatio
1788 2166 2121 2234 metatur,
2182 2156 2268 2221 ad

204 2248 374 2314 hunc
406 2251 693 2317 modum·
751 2250 1050 2332 ‘iudices‚
1103 2251 1214 2337 qui
1249 2274 1330 2319 ex
1370 2252 1515 2339 lege
1548 2250 1737 2317 iurati
1776 2250 2098 2330 iudicatis,
2152 2250 2267 2317 ob-

141 2398 144 2401 .
207 2354 558 2430 temperare
608 2344 860 2432 legibus
922 2346 1196 2425 debetis3
1261 2345 1700 2432 obtemperare
1752 2355 1966 2411 eutem
2012 2344 2265 2431 legibus

204 2459 336 2503 non
367 2438 666 2525 potestis,
719 2439 844 2505 nisi
887 2440 983 2518 id,
1035 2396 1208 2525 qumi
1255 2440 1559 2550 scriptum
1592 2451 1695 2505 est
1724 2438 1795 2503 in
1826 2439 2001 2525 lege,
2051 2438 2269 2521 sequi-

203 2533 387 2612 mini3
427 2535 600 2618 quod
631 2535 801 2600 enim
835 2536 1066 2601 certius
1101 2535 1263 2621 legis
1292 2534 1563 2619 scriptor
1586 2533 2017 2599 testimonium
2044 2532 2269 2597 volun-

207 2628 354 2691 tatis
391 2650 545 2693 suae
578 2628 934 2712 relinquere
967 2628 1201 2714 potuit,
1246 2650 1439 2711 quam
1474 2627 1699 2711 quod
1680 2650 1821 2713 1pse
1852 2648 2089 2712 magna
2122 2646 2271 2691 811111

206 2742 361 2785 cura
394 2731 582 2804 atque
619 2720 946 2807 diligentia
989 2721 1279 2808 scripsit?
1331 2721 1563 2804 quodsi
1600 2721 1849 2787 litterae
1890 2742 2023 2787 non
2056 2728 2307 2786 8118111-

204 2825 374 2893 rent,
413 2837 646 2902 magno
681 2836 872 2901 opere
907 2838 1017 2880 eas
1051 2813 1547 2899 reqffireremus,
1592 2824 1665 2879 ut
1696 2835 1781 2879 ex
1816 2812 1907 2878 818
1944 2811 2267 2899 scriptoris

71 2939 93 2953 ι
205 2862 500 2975 voluntas
563 2920 1081 3020 cognosceremr3
1141 2928 1263 2974 nec
1323 2918 1540 2975 tamen
1588 2906 2075 2994 Epaminondae
2122 2928 2269 2993 per-

203 3002 625 3083 mitteremus,
662 3026 744 3070 ne
781 3004 838 3069 si
873 3015 1054 3071 extra
1085 3003 1392 3069 iuciicium
1428 3003 1684 3087 quidem
1718 3012 1919 3081 esset,
1952 3012 2028 3068 ut
2057 3002 2117 3068 is
2150 3024 2268 3069 ιιο-

203 3098 302 3163 bis
339 3098 718 3167 sententiam
759 3098 921 3186 legis
974 3100 1521 3185 interpreter-etin,
1574 3096 1811 3163 nedum
1861 3118 2031 3162 nunc
2072 3096 2268 3163 18111111

202 3192 546 3278 patiamur,
593 3215 740 3259 cum
771 3204 1028 3281 praesto
1062 3194 1170 3259 lex
1204 3192 1316 3272 sit,
1361 3216 1491 3259 non
1526 3216 1610 3259 ex
1644 3215 1749 3271 ee,
1796 3193 1967 3276 quod
2002 3193 2267 3279 apertis-

142 3356 148 3360 ,
208 3285 364 3350 811118
402 3287 706 3374 scriptum
742 3298 859 3365 est,
897 3288 1014 3354 sed
1049 3310 1131 3353 ex
1167 3310 1264 3365 eo,
1302 3287 1477 3371 quod
1512 3309 1665 3353 suae
1692 3308 1922 3355 causae
1949 3285 2262 3364 convenit,

207 3379 530 3465 scriptoris
573 3380 964 3447 voluntatem
1012 3380 1431 3467 interpretari.
1522 3380 1754 3465 quodsi
1802 3402 1947 3459 vos,
1999 3378 2261 3457 iudices,

204 3473 454 3560 legibus
509 3475 944 3561 obtemperare
997 3476 1243 3541 debetis
1299 3485 1364 3542 et
1414 3475 1482 3539 id
1531 3476 1744 3542 facere
1794 3496 1926 3553 non
1973 3474 2261 3560 potestis,

204 3569 328 3635 nisi
362 3570 456 3649 id,
503 3570 674 3654 quod
710 3571 1012 3660 scriptum
1045 3582 1146 3637 est
1175 3570 1243 3635 in
1275 3571 1451 3658 lege,
1490 3570 1852 3655 sequimini,
1902 3546 2083 3655 [quid
2117 3589 2265 3631 cau-

207 3688 316 3731 sae
357 3662 518 3757 est,]
565 3664 719 3749 quin
749 3664 945 3729 istum
979 3676 1198 3731 con-tra
1229 3666 1441 3752 legem
1484 3665 1713 3731 fecisse
1756 3660 2111 3729 iudicatis?
2150 3661 2263 3725 ad-
2309 3685 2359 3726 ἰι

208 3759 581 3847 sumptionis
645 3770 858 3825 autem
911 3759 1361 3846 approbatione
1412 3758 1754 3845 praeterita
1814 3752 2266 3841 quadrspertita

209 3852 300 3916 818
347 3853 459 3919 fiet
503 3852 995 3941 argumentatio·
1052 3854 1192 3937 ‘qui
1243 3873 1701 3940 saepenumero
1750 3870 1871 3916 nos
1914 3870 2031 3935 per
2067 3846 2264 3913 fidem

208 3944 592 4027 fefellerunt,
645 3970 866 4014 eorum
908 3948 1178 4015 orationi
1225 3947 1421 4017 fldem
1462 3947 1699 4013 habere
1742 3966 1872 4009 non
1925 3940 2258 4020 debemus3

210 4038 266 4105 si
317 4039 469 4123 quid
527 4064 696 4109 emm
750 4040 1018 4131 perfidia
1073 4042 1327 4109 illorum
1389 4038 1748 4108 detrimenti
1808 4036 2257 4124 acceperimus,
