2784 4575
453 279 582 353 228
925 320 940 334 „
1017 287 1097 343 M.
1137 286 1414 350 TULLII
1446 282 1847 352 CICERONIS.
1894 302 1898 306 ·

453 415 742 487 incessus
782 409 1114 495 omnisque
1155 418 1370 475 motus.
1408 405 1583 498 [cum
1615 407 1827 473 verbis
1874 408 2330 494 sententiisque
2364 431 2523 476 con·

457 503 788 594 sentiens}
817 527 944 570 vox
970 524 1383 591 permanens,
1434 509 1656 568 verum
1706 501 2023 567 subrauca
2062 512 2311 568 natura.
2398 506 2527 569 sed

343 631 420 673 142
455 603 578 674 hoc
611 599 836 674 vitium
868 597 1017 663 huic
1048 597 1159 661 uni
1189 595 1261 670 in
1293 596 1534 664 bonum
1560 596 1996 663 convertebat:
2032 595 2312 666 habebat
2344 597 2523 662 enim

359 771 362 774 ⁴
453 694 663 760 flebile
681 692 980 778 quiddam
1005 690 1073 755 in
1093 689 1659 773 conquestionibus·
1678 698 2021 776 aptumque
2047 710 2193 766 cum
2222 689 2306 755 ad
2320 690 2523 756 fidem

454 787 812 867 faciendam
855 797 988 851 tum
1025 784 1108 850 ad
1151 783 1649 852 misericordiam
1694 784 2246 852 commovendam·
2296 795 2371 850 ut
2402 807 2525 860 ve-

338 943 344 947 ,Α
451 904 596 958 rum
646 879 1024 946 videretur
1005 902 1074 943 ιιι
1114 877 1262 943 hoc
1287 877 1476 956 illud,
1528 876 1704 961 quod
1742 877 2251 946 Demosthenem
2301 879 2522 944 ferunt

396 996 402 999 ·
455 976 541 1054 ei,
578 975 688 1059 qui
721 972 1142 1059 quaesivisset
1175 970 1332 1055 quid
1361 970 1638 1058 primum
1673 981 1845 1036 esset
1876 972 1947 1036 in
1981 971 2280 1050 dicendo,
2318 973 2521 1038 actio·-

454 1091 631 1148 nem3
677 1069 830 1154 quid
865 1066 1244 1144 secundum,
1289 1065 1461 1130 idem
1496 1074 1561 1130 et
1592 1065 1765 1130 idem
1798 1065 2053 1131 tertium
2084 1067 2521 1152 respondisse.

452 1164 630 1228 nulla
659 1185 764 1228 res
799 1159 1006 1248 magis
1041 1169 1332 1246 penetrat
1363 1159 1433 1224 in
1470 1159 1714 1232 animos
1751 1179 1989 1243 eosque
2021 1160 2233 1246 fingit,
2260 1161 2521 1238 format,

453 1256 652 1323 flectit
686 1255 958 1338 talisque
1002 1263 1282 1318 oratores
1327 1251 1545 1369 videri
1572 1251 1753 1331 facit,
1798 1252 2005 1338 qualis
2048 1252 2175 1340 ipsi
2209 1275 2281 1318 se
2314 1253 2521 1320 videri

456 1348 696 1414 volunt.

346 1474 422 1514 143
576 1441 750 1506 Huic
795 1440 901 1505 alii
945 1463 1165 1526 parem
1212 1415 1358 1506 esse
1355 1386 1730 1518 dicebant,
1784 1437 1891 1506 alii
1932 1443 2400 1527 anteponebant
2431 1442 2520 1507 L

415 1572 418 1574 v
459 1533 796 1610 Crassum.
868 1533 1028 1601 illud
1088 1534 1366 1644 quidem
1406 1544 1575 1598 certe
1636 1556 1857 1603 omnes
1924 1531 2068 1622 [ita]
2130 1535 2520 1614 iudicabant,

457 1630 775 1695 neminem
809 1649 981 1706 esse,
1025 1627 1135 1712 qui
1169 1629 1396 1695 horum
1432 1627 1629 1693 altero
1662 1638 1805 1694 utro
1837 1640 2107 1715 patrono
2143 1630 2517 1714 cuiusquam

457 1722 785 1810 ingenium
824 1721 1196 1806 requireret,
1283 1721 1579 1805 equidem
1630 1743 2015 1806 quamquam
2047 1723 2332 1789 Antonio
2376 1733 2521 1788 tan·-

459 1829 594 1890 tum
629 1817 866 1894 tribuo,
904 1826 1208 1899 quantum
1243 1836 1438 1901 supra
1472 1815 1631 1892 dixi,
1668 1825 1883 1880 tamen
1918 1813 2159 1882 Crasso
2192 1816 2349 1880 nihil
2385 1827 2520 1881 sta-

459 1922 568 1984 tuo
603 1910 740 1975 fieri
781 1909 1068 2018 potuisse
1117 1907 1489 1994 perfectius:
1544 1918 1681 1974 erat
1726 1931 1975 1974 summa
2016 1910 2323 1994 gravitas,
2376 1920 2515 1980 erat,

459 2026 604 2069 cum
637 2003 946 2088 gravitate
980 2001 1230 2076 iunctus
1267 2002 1641 2074 facetiarum
1674 2013 1740 2068 et
1770 2003 2142 2069 urbanitatis
2178 2001 2515 2078 oratorius,

457 2113 586 2164 non
623 2095 897 2161 scurrilis
933 2094 1133 2180 lepos,
1168 2093 1403 2162 Latine
1440 2096 1738 2180 loquendi
1774 2097 2070 2163 adcurata
2102 2105 2167 2160 et
2202 2095 2336 2163 sine
2368 2117 2513 2160 mo·-⁸

456 2188 642 2254 lestia
695 2186 963 2273 diligens
1017 2187 1358 2274 elegantia,
1412 2187 1480 2254 in
1523 2189 1893 2274 disserendo
1941 2189 2101 2254 mira
2151 2188 2517 2274 explicatio

459 2304 603 2347 cum
637 2279 769 2347 de
749 2303 886 2347 lure
931 2279 1127 2359 civili,
1181 2303 1328 2347 cum
1371 2283 1452 2347 de
1488 2306 1691 2367 aequo
1733 2295 1797 2349 et
1838 2285 2005 2349 bono
2057 2282 2519 2370 disputan-etun

345 2376 424 2489 39
463 2372 1005 2484 [argumentorum
1049 2386 1114 2441 et
1158 2376 1635 2449 similitudinum
1673 2376 1911 2465 copia]
2000 2401 2152 2443 nam
2191 2388 2265 2442 ut
2306 2378 2520 2443 Anto·

372 2448 600 2534 “nius
639 2468 996 2534 coniectura
1029 2469 1348 2535 movenda
1381 2479 1492 2535 aut
1528 2470 1811 2536 sedanda
1824 2472 2195 2581 suspitione
2234 2468 2373 2558 [aut
2404 2494 2524 2537 ex·

460 2560 738 2650 citanda]
775 2562 1210 2629 incredibilem
1252 2563 1384 2627 vim
1425 2563 1735 2642 habebat,
1788 2563 1881 2631 sic
1912 2566 1981 2631 in
2022 2565 2519 2653 interpretand0,

457 2658 526 2721 in
560 2656 946 2733 definiendo,
997 2656 1068 2721 in
1111 2656 1490 2743 explicanda
1540 2658 1857 2741 aequitate
1898 2658 2058 2723 nihil
2104 2670 2241 2725 erat
2276 2657 2522 2725 Crasso

459 2748 806 2835 copiosius3
858 2748 1050 2833 idque
1087 2771 1231 2815 cum
1267 2772 1459 2837 saepe
1505 2750 1661 2816 alias
1698 2761 1835 2817 tum
1869 2752 2039 2838 apud
2092 2752 2517 2820 centumviros

345 2866 424 2907 ιιι
457 2841 524 2905 in
566 2841 686 2913 M'.
735 2840 916 2916 Curii
957 2862 1152 2909 causa
1204 2845 1531 2931 cognitum
1573 2856 1693 2911 est.
1778 2846 1869 2910 ita
1911 2845 2079 2909 enim
2130 2846 2332 2911 multa
2382 2856 2521 2910 tum

459 2943 678 2999 contra
726 2936 1044 3022 scriptum·
1079 2956 1196 3023 pro
1242 2959 1455 3021 >aequo
1498 2947 1563 3003 et
1612 2939 1782 3004 bono
1834 2938 2019 3015 dixit,
2070 2949 2156 3017 ut⁴
2194 2938 2523 3004 hominem«

458 3026 894 3098 acutissimum
931 3028 1018 3110 Q.
1055 3027 1434 3095 Scaevolam
1468 3040 1534 3095 et
1565 3030 1634 3099 in
1667 3030 1833 3107 iure,
1884 3030 1953 3093 in
1986 3049 2112 3112 quo
2154 3028 2267 3093 illa
2320 3052 2529 3098 causa

457 3122 848 3199 vertebatur,
897 3122 1368 3208 paratissimum
1413 3122 1707 3196 obrueret
1748 3130 2263 3208 argumentorum
2298 3142 2523 3186 exem-

455 3214 830 3299 plorumque
872 3215 1085 3303 copia3
1139 3226 1328 3298 atque
1370 3216 1461 3277 ita
1504 3224 1638 3289 tum
1673 3215 1755 3280 ab
1798 3214 1898 3279 his
1940 3210 2223 3300 patronis
2279 3234 2517 3297 aequa.-

357 3366 365 3379 i
455 3305 623 3373 libus
687 3318 752 3373 et
808 3308 937 3373 iam
1005 3307 1441 3371 consularibus
1502 3326 1698 3371 causa
1760 3307 1871 3373 illa
1939 3306 2109 3371 dicta
2168 3316 2298 3386 est,
2366 3328 2517 3379 cum

457 3411 722 3485 uterque
757 3422 838 3466 ex
871 3399 1188 3474 contraria
1225 3410 1408 3485 parte
1442 3398 1543 3464 ius
1586 3397 1773 3466 civile
1826 3399 2223 3478 defenderet,
2275 3411 2350 3466 ut
2384 3401 2521 3467 elo-

457 3494 782 3577 quentium
815 3492 968 3557 iuris
1004 3489 1428 3578 peritissimus
1465 3490 1777 3573 Crassus,
1812 3494 1967 3560 iuris
2001 3493 2349 3581 peritorum
2382 3494 2524 3559 elo-

459 3586 907 3669 quentissimus
947 3584 1260 3651 Scaevola
1308 3597 1665 3673 putaretur·
1717 3588 1827 3673 qui
1862 3588 2119 3673 quidem
2153 3609 2299 3653 cum
2330 3609 2517 3674 pera-.-

455 3688 643 3745 nutus
688 3691 862 3745 esset
903 3679 988 3745 ad
1036 3679 1531 3767 excogitandum
1582 3682 1797 3779 quid
1776 3705 1845 3747 ιιι
1893 3683 2032 3747 iure
2051 3692 2177 3747 aut
2208 3680 2275 3745 in
2310 3700 2525 3766 aequo

458 3794 680 3839 verum
715 3784 832 3853 aut
857 3783 1028 3839 esset
1063 3782 1174 3837 aut
1211 3796 1342 3841 non
1386 3784 1585 3852 esset,
1639 3785 1776 3854 tum
1826 3774 2039 3841 verbis
2082 3786 2219 3839 erat
2261 3774 2343 3837 ad
2374 3796 2520 3837 rem

347 3890 426 3929 ιιι
456 3888 604 3933 cum
639 3888 888 3932 summa
929 3866 1236 3946 brevitate
1275 3866 1645 3933 mirabiliter
1679 3878 1885 3956 aptus.
1972 3890 2102 3952 qua
2129 3889 2201 3931 re
2244 3866 2365 3932 fuit
2396 3888 2524 3933 no·

455 3960 559 4023 bis
597 3970 808 4025 orator
847 3960 922 4038 in,
949 3961 1072 4028 hoc
1121 3960 1605 4048 interpretandi,
1658 3962 2067 4049 explanandi,
2121 3960 2515 4026 edisserendi

456 4070 694 4131 genere
728 4052 1062 4135 mirabilis,
1099 4055 1192 4121 sic
1226 4067 1300 4121 ut
1333 4054 1542 4121 simile
1571 4056 1727 4136 nihil
1762 4055 2057 4134 viderim3
2091 4054 2160 4121 in
2196 4054 2522 4142 augendO,
