2784 4575
752 243 857 297 DE
896 239 1261 297 ORATORE
1297 240 1371 295 11.
1410 239 1717 295 ise-1413.
2177 224 2260 291 91

205 392 350 434 rum
384 376 449 433 et
484 366 567 431 ad
609 375 811 431 artem
861 364 1113 431 facilem
1154 360 1597 429 redacturum!
1687 368 1782 427 ‘et
1831 360 2112 445 quidem’
2163 362 2263 427 in-
2298 386 2375 429 143

207 463 346 547 quit
389 460 658 527 Catulus
716 458 1235 543 ‘haudquaquam
1276 457 1345 521 id
1386 466 1488 521 est
1531 455 1788 521 difficile
1832 454 2102 534 Crasse,
2156 455 2265 540 qui

205 568 301 635 et,
357 555 529 640 quod
563 553 725 619 disci
771 553 979 641 potuit
1012 554 1093 619 de
1136 553 1301 631 iure,
1356 550 1578 616 didicit
1619 560 1710 629 et,
1767 549 1938 635 quod
1979 550 2102 627 eis,
2155 549 2264 634 qui

205 672 357 715 eum
407 649 785 725 docuerunt,
840 645 1071 724 defuit,
1129 645 1271 733 ipse
1326 644 1600 723 adferet,
1651 652 1754 722 ut,
1808 664 1970 727 quae
2019 641 2150 709 sint
2194 642 2266 709 in

204 743 373 821 iure,
427 742 530 807 vel
574 750 759 808 acute
786 740 1169 818 describere
1220 737 1327 805 vel
1360 748 1581 806 ornate
1631 736 1967 803 inlustrare
2017 736 2261 826 possit?

206 842 392 922 ‘ergo
446 834 603 900 ’ista’
667 834 873 919 inquit
927 834 1251 901 Antonius
1316 840 1482 899 ‘tum
1533 856 1574 897 a
1624 829 1865 899 Crasso
1927 830 2263 911 discemus,

205 952 356 995 cum
408 952 479 995 se
532 930 612 993 de
666 930 850 994 turba
900 939 967 993 et
1017 952 1057 993 a
1109 926 1426 993 subselliis
1475 926 1546 991 in
1596 926 1822 1005 otium,
1882 934 1958 989 ut
2005 924 2260 1013 cogitat,

206 1022 561 1106 soliumque
593 1020 969 1115 contulerit?
1062 1021 1217 1085 ‘iam
1249 1020 1317 1084 id
1352 1020 1608 1104 quidem
1644 1016 1861 1107 saepe’
1897 1016 2101 1103 inquit
2135 1014 2266 1083 Ca·
2302 1046 2378 1087 144

203 1116 377 1181 tulus
417 1123 528 1181 ‘ex
563 1139 639 1182 eo
676 1114 917 1193 audivi,
964 1136 1109 1179 cum
1144 1114 1385 1179 diceret
1419 1114 1542 1180 sibi
1576 1125 1818 1179 certum
1851 1134 1997 1179 esse
2032 1136 2072 1177 a
2102 1111 2268 1177 iudi-n

206 1209 321 1275 ciis
358 1210 695 1293 causisque
738 1208 1063 1285 discedere
1072 1233 1091 1286 3
1148 1208 1289 1287 sed,
1343 1217 1418 1272 ut
1457 1206 1584 1294 ipsi
1627 1206 1800 1273 soleo
1847 1207 2084 1287 dicere,
2135 1228 2267 1272 non

204 1302 421 1368 licebit
428 1327 448 1381 3
502 1325 707 1387 neque
752 1302 923 1367 enim
974 1301 1277 1366 auxilium
1330 1324 1518 1365 suum
1561 1322 1752 1387 saepe
1797 1323 1838 1365 a
1877 1299 2028 1365 viris
2081 1299 2264 1366 bonis

205 1396 445 1461 frustra
494 1396 819 1482 implorari
869 1395 1143 1481 patietur
1193 1416 1400 1479 neque
1452 1394 1521 1459 id
1578 1416 1782 1478 aequo
1844 1394 2052 1460 animo
2104 1394 2267 1460 feret

204 1488 461 1566 civitas,
518 1510 679 1573 quae
718 1488 773 1553 si
807 1510 965 1554 voce
996 1489 1083 1553 L.
1124 1486 1347 1554 Crassi
1382 1488 1652 1566 carebit,
1705 1498 2072 1554 ornamento
2110 1510 2266 1573 quo·
2325 1512 2332 1517 ·

205 1583 358 1647 dam
402 1604 545 1647 sese
590 1581 925 1668 spoliatam
956 1581 1245 1669 putabit!
1336 1586 1516 1647 ‘nam
1566 1580 1778 1646 hercle
1787 1580 1828 1660 ,’
1879 1582 2086 1666 inquit
2123 1582 2268 1645 An-

206 1676 419 1741 tonius
466 1676 553 1742 ‘si
585 1676 744 1741 haec
780 1697 928 1741 vere
965 1700 1005 1741 a
1041 1674 1275 1741 Catulo
1310 1674 1482 1741 dieta
1533 1686 1711 1754 sunt,
1767 1674 1883 1741 tibi
1915 1696 2167 1741 mecum
2198 1673 2268 1739 in

204 1770 434 1835 eodem
470 1780 569 1835 est
600 1768 869 1855 pistrino
878 1817 897 1848 ,
945 1768 1213 1846 Crasse,
1250 1768 1595 1834 vivendum
1604 1794 1623 1848 3
1671 1779 1736 1833 et
1766 1768 1958 1834 istam
1993 1768 2268 1834 oscitan-

208 1875 339 1928 tem
377 1860 471 1949 [et
516 1862 989 1951 dormitantem]
1030 1863 1407 1949 sapientiam
1445 1860 1896 1929 Scaevolarum
1929 1870 1994 1927 et
2027 1874 2268 1927 cetero-

186 1979 351 2041 rum
401 1958 733 2023 beatorum
792 1956 923 2022 otio
988 1956 1452 2023 concedamus.’
1559 1956 1783 2021 adrisit
1830 1956 1935 2020 hic
1988 1954 2264 2022 Crassus
2302 1978 2379 2021 145

206 2049 432 2115 leniter
467 2061 532 2117 et
567 2056 855 2136 ‘pertexe
888 2050 1130 2129 mod0,'
1187 2049 1391 2134 inquit
1428 2054 1448 2085 ‘
1464 2048 1739 2127 Antoni,
1793 2048 1966 2133 quod
1999 2070 2264 2114 exorsus

206 2166 279 2209 es
290 2169 311 2222 ;
346 2166 449 2209 me
486 2155 698 2212 tamen
732 2144 857 2209 ista
890 2144 1169 2211 oscitans
1199 2142 1529 2231 sapientia,
1568 2142 1756 2208 simul
1783 2154 1970 2227 atque
2008 2143 2091 2207 ad
2125 2164 2267 2210 eam

206 2238 585 2322 confugero,
619 2238 690 2302 in
720 2237 1078 2304 libertatem
1109 2235 1495 2304 vindicabit!
2372 2262 2404 2290 ο

332 2331 574 2396 ‘Huius
626 2331 881 2414 quidem
930 2332 1085 2410 loci,
1142 2355 1330 2418 quem
1381 2331 1573 2398 modo
1627 2353 1772 2396 sum
1815 2353 2109 2410 exorsus,
2162 2331 2266 2398 hic
2301 2341 2380 2412 3112⁴

207 2434 313 2491 est
342 2423 546 2491 fi'nisz'
584 2424 789 2507 inquit
821 2425 1145 2490 Antonius
1184 2425 1516 2510 ‘quoniam
1548 2424 2021 2511 intellegeretur
2044 2447 2175 2489 non
2199 2423 2268 2487 in

210 2519 535 2585 hominum
571 2516 1131 2582 innumerabilibus
1166 2516 1455 2604 personis
1489 2538 1698 2601 neque
1731 2516 1799 2582 in
1829 2517 2076 2582 infinita
2108 2526 2268 2581 tem-

207 2633 439 2698 porum
488 2609 821 2686 varietate,
877 2611 992 2674 sed
1044 2610 1110 2674 in
1162 2631 1468 2696 generum
1521 2607 1730 2692 causis
1786 2621 1972 2694 atque
2023 2608 2266 2674 naturis

208 2703 425 2770 omnia
460 2702 582 2768 sita
617 2723 789 2780 esse,
827 2723 989 2786 quae
1025 2702 1093 2766 in
1128 2703 1392 2768 dubium
1428 2711 1833 2780 vocarentur,
1885 2724 2124 2788 genera
2157 2723 2270 2766 au-

156 2809 343 2862 *tem
376 2817 521 2861 esse
556 2794 815 2860 definita
847 2818 976 2860 non
1012 2796 1219 2861 solum
1244 2817 1528 2874 numero,
1567 2795 1683 2860 sed
1716 2794 1908 2861 etiam
1929 2794 2266 2883 paucitate,

210 2901 285 2956 ut
308 2913 459 2976 ¹eam
491 2889 820 2955 materiem
864 2889 1195 2968 orationis,
1243 2911 1406 2974 quae
1443 2889 1745 2974 cuiusque
1789 2898 1961 2956 esset
1993 2889 2265 2976 generis,

210 2984 481 3050 studiosi
533 2984 642 3070 qui
694 2993 911 3048 essent
962 2984 1240 3062 dicendi,
1304 2984 1597 3050 omnibus
1647 2983 1806 3050 locis
1861 2983 2262 3072 descriptam,

206 3079 583 3144 instructam
634 3087 1045 3162 ornatamque
1109 3078 1716 3164 comprehenderent
1764 3078 1956 3144 rebus
2011 3077 2152 3144 dico
2204 3091 2270 3144 et

210 3172 539 3238 sententiis
551 3197 570 3250 3
634 3195 713 3238 ea
760 3170 827 3236 vi
863 3195 981 3238 sua
1033 3174 1229 3239 verba
1282 3172 1516 3258 pariet,
1581 3193 1743 3256 quae
1799 3193 2050 3260 semper
2109 3171 2266 3237 satis
2303 3199 2380 3242 14⁶

204 3267 623 3358 ornata'mihi
658 3268 915 3351 quidem
948 3267 1151 3333 videri
1196 3268 1432 3344 solent,
1489 3267 1546 3332 si
1581 3267 1716 3332 eius
1759 3266 1934 3331 modi
1969 3277 2144 3346 sunt,
2195 3279 2268 3332 ut

188 3381 291 3425 ea
312 3381 417 3424 res
440 3359 585 3445 ipsa
616 3361 942 3447 peperisse
968 3361 1285 3439 videatur-3
1316 3383 1390 3426 ac
1419 3361 1476 3426 si
1504 3383 1725 3427 verum
1752 3361 2073 3445 quaeritis,
2096 3361 2268 3444 quod

208 3451 367 3517 mihi
402 3452 657 3536 quidem
690 3453 979 3518 videatur
1010 3489 1098 3502 -—
1130 3454 1291 3518 nihil
1325 3454 1495 3518 enim
1539 3454 1711 3519 aliud
1753 3453 2084 3520 adfirmare
2116 3475 2267 3540 pos·
2339 3448 2344 3452 ’

191 3567 355 3612 -sum
396 3545 524 3611 nisi
566 3546 943 3612 sententiam
987 3558 1052 3612 et
1096 3547 1461 3633 opinionem
1503 3570 1713 3614 meam
1743 3583 1834 3596 ·-
1867 3548 1990 3614 hoc
2032 3545 2268 3612 instru-

192 3651 495 3722 mentum
560 3661 896 3706 causarum
948 3652 1015 3706 et
1062 3663 1369 3727 generum
1431 3641 1872 3708 universorum
1929 3642 1997 3708 in
2055 3641 2268 3708 forum

205 3735 457 3801 deferre
483 3735 789 3800 debemus
814 3756 1041 3818 neque,
1079 3746 1151 3801 ut
1184 3757 1470 3821 quaeque
1495 3759 1599 3801 res
1630 3736 1841 3802 delata
1865 3735 1948 3801 ad
1974 3758 2091 3801 nos
2127 3734 2264 3812 erit,

43 3843 46 3894 t
81 3834 86 3839 ’
202 3839 345 3892 tum
372 3828 643 3912 denique
672 3828 937 3894 scrutari
959 3829 1155 3908 locos,
1183 3851 1265 3894 ex
1290 3829 1518 3914 quibus
1539 3840 1912 3918 argumenta
1939 3850 2262 3906 eruamus3

191 3941 372 4004 quae
426 3923 681 4004 quidem
734 3922 1045 4002 omnibus,
1102 3923 1209 4007 qui
1261 3945 1338 3988 ea
1385 3921 1783 3988 mediocriter
1831 3921 2024 3988 modo
2059 3921 2266 3987 consi-

204 4013 513 4092 derarint,
561 4016 769 4084 studio
806 4016 1085 4084 adhibito
1121 4027 1185 4082 et
1218 4039 1340 4082 usu
1373 4025 1756 4104 pertractata
1790 4037 1932 4082 esse
1965 4027 2262 4104 possunt3
