2784 4575
737 274 843 332 An
881 278 944 332 3.
981 260 1454 334 HERENNIUM
1488 279 1623 334 1111.
1658 279 1830 334 3—6.
2226 267 2311 334 59

235 413 310 469 et
347 410 666 467 vetustate
702 399 831 467 iam
867 400 1020 466 satis
1058 401 1350 468 omnibus
1384 400 1637 488 probati
1672 403 1827 468 sint:
1877 405 2048 489 quod
2085 405 2139 470 si
2174 406 2313 471 illo-

239 498 398 562 rum*
425 493 799 560 auctoritate
829 504 1076 560 remota
1105 495 1416 560 rationem
1445 495 1660 560 volent
1686 516 1831 560 cum
1864 498 2105 563 ratione
2142 520 2314 563 com-

239 611 501 678 parare,
563 588 963 674 intellegent,
1028 611 1157 654 non
1217 589 1431 653 omnia
1492 589 1899 654 concedenda
1956 613 2100 656 esse
2155 595 2313 656 anti-

245 683 493 768 quitati.
579 681 860 768 primum
890 681 1110 767 igitur,
1149 682 1320 765 quod
1355 683 1437 747 ab
1474 682 1567 747 eis
1604 684 1685 747 de
1720 683 2032 749 modestia
2066 685 2309 764 dicitur,
2346 703 2383 756 3

245 779 602 855 videamus,
637 799 720 842 ne
753 776 1020 842 nimium
1051 777 1378 864 pueriliter
1410 777 1796 862 proferatum
1831 777 1981 842 113111
2016 779 2072 842 31
2106 791 2313 845 tacere

248 883 316 938 et
347 871 509 936 nihil
544 871 822 936 scribere
857 871 1171 936 modestia
1206 881 1332 948 est,
1370 893 1481 936 cur
1518 871 1854 954 quicquam
1890 872 2173 936 scribunt
2206 885 2316 938 aut

245 964 632 1050 loquuntur?
721 963 824 1028 sin
877 965 1119 1048 aliquid
1173 985 1361 1030 suum
1416 963 1725 1042 scribunt,
1780 987 1892 1029 cur
1935 987 2059 1049 quo
2119 967 2313 1032 setius

247 1058 470 1124 omnia
529 1057 838 1136 scribant,
898 1058 1329 1145 impediuntur
1388 1057 1736 1124 modestia?
1822 1060 2005 1144 quasi
2056 1060 2112 1124 si
2172 1060 2313 1145 quis

252 1151 626 1239 Olympiam
669 1173 818 1217 cum
867 1153 1112 1218 venerit
1164 1175 1421 1218 cursum
1467 1164 1533 1218 et
1576 1153 1847 1232 steterit,
1901 1165 1972 1219 ut
2012 1155 2313 1234 mittatur,

243 1245 636 1332 impudentis
683 1246 854 1310 dicat
898 1265 1042 1312 esse
1085 1245 1258 1324 illos,
1315 1248 1425 1330 qni
1469 1269 1717 1313 currere
1772 1247 2121 1335 coeperint,
2174 1249 2314 1335 ipse

245 1341 416 1406 intra
449 1359 768 1406 narcetem
813 1351 940 1406 stet
981 1351 1046 1405 et
1077 1352 1290 1406 narret
1334 1341 1473 1406 aliis
1486 1389 1503 1420 ,
1558 1361 1686 1426 quo
1720 1344 1909 1409 modo
1946 1343 2167 1408 Ladas
2204 1355 2315 1409 aut

243 1435 536 1500 Boeotus
573 1431 914 1518 Sicyonius
949 1432 1338 1514 cursitarint,
1393 1435 1487 1500 sic
1520 1437 1653 1514 isti,
1702 1458 1849 1502 oum
1881 1437 1949 1501 in
1984 1439 2135 1502 artis
2174 1461 2315 1503 cur-

239 1527 518 1594 riculum
555 1528 1044 1606 descenderunt,
1089 1528 1261 1606 illos,
1311 1529 1418 1611 qui
1451 1528 1518 1592 in
1553 1547 1657 1607 30,
1706 1531 1879 1614 quod
1912 1541 2013 1594 est
2048 1532 2309 1608 artificii,

243 1623 606 1700 elaborant,
661 1623 838 1688 aiunt
872 1623 1082 1688 facere
1116 1623 1525 1702 immodeste,
1581 1625 1858 1708 aliquam
1894 1623 2135 1706 antiqui
2172 1648 2313 1690 ora-

245 1717 400 1785 toris
441 1728 552 1782 aut
582 1728 810 1803 poetae
844 1718 1109 1782 laudant
1145 1717 1550 1803 scripturam,
1596 1717 1722 1805 ipsi
1756 1718 1825 1782 in
1862 1718 2136 1783 stadium
2168 1718 2313 1782 rhe-

243 1811 484 1878 toricae
521 1811 674 1876 artis
709 1811 964 1898 prodire
998 1835 1130 1876 non
1165 1812 1419 1876 audent.
1508 1833 1639 1876 non
1675 1812 1881 1876 ausim
1916 1811 2152 1889 dicere,
2200 1811 2314 1874 sed
2348 1820 2375 1861 ⁵

244 1915 464 1970 tamen
498 1927 749 1983 vereor,
797 1927 899 1983 113,
938 1926 1066 1989 qua
1099 1905 1166 1969 in
1199 1927 1270 1970 re
1303 1905 1561 1970 laudem
1596 1905 1944 1972 modestiae
1980 1915 2309 1980 venantur,

243 1999 312 2063 111
349 2021 428 2065 ea
451 1999 620 2107 ‘ipsa
635 2021 706 2064 re
743 1999 870 2064 sint
918 1999 1340 2085 impudentes.
1432 2000 1587 2082 quid
1630 1999 1800 2064 enim
1844 1998 1959 2064 tibi
2012 1998 2149 2064 vis?
2203 1998 2315 2062 ali-

247 2093 391 2176 quis
446 2092 718 2176 inquiat.
783 2102 984 2158 artem
1035 2103 1212 2156 tuam
1273 2093 1528 2169 scribis,
1593 2093 1805 2180 gignis
1866 2113 2067 2158 novas
2129 2081 2312 2157 nobis

243 2187 760 2273 praeceptiones,
816 2209 924 2252 eas
978 2186 1118 2273 ipse
1171 2188 1546 2253 confirmare
1596 2210 1727 2253 non
1777 2197 1991 2274 potes:
2047 2189 2127 2252 ab
2174 2185 2312 2250 aliis

249 2282 546 2368 exempla
597 2281 815 2347 sumis.
922 2281 1096 2360 vide,
1159 2305 1242 2347 113
1295 2280 1495 2347 facias
1556 2281 1982 2369 impudenter,
2047 2281 2154 2365 qui
2206 2275 2313 2345 tuo

246 2376 492 2442 nomini
525 2376 683 2442 velis
729 2398 811 2441 ex
865 2376 1131 2443 aliorum
1173 2376 1499 2441 laboribus
1552 2376 1752 2441 libare
1804 2376 2077 2441 laudem.
2166 2398 2316 2439 nam

250 2470 307 2535 si
350 2480 462 2535 tua
503 2470 826 2535 volumina
865 2469 1316 2557 prehenderint
1369 2469 1611 2553 antiqui
1655 2480 1935 2534 oratores
1982 2480 2046 2532 et
2087 2477 2313 2553 poetae

249 2575 316 2630 et
359 2586 546 2629 suum
598 2564 866 2650 quisque
911 2565 992 2631 (13
1043 2565 1220 2630 libris
1267 2564 1394 2629 tuis
1440 2565 1680 2642 tulerit,
1736 2565 1893 2629 nihil
1948 2564 2092 2640 tibi,
2145 2563 2316 2646 quod

251 2680 438 2723 suum
471 2658 696 2737 velint,
733 2660 1146 2743 relinquatur.

371 2754 496 2818 ‘At
545 2755 864 2863 exempla,
928 2752 1226 2837 quoniam
1287 2751 1792 2816 testimoniorum
1856 2750 2085 2815 similia
2148 2762 2313 2828 sunt,

247 2847 404 2912 item
439 2848 761 2925 convenit,
797 2858 872 2913 ut
904 2846 1291 2923 testimonia,
1339 2846 1421 2910 ab
1455 2844 1815 2911 hominibus
1852 2844 2315 2931 probatissimis

252 2941 457 3006 sumi?
561 2942 836 3028 primum
885 2942 1168 3007 omnium
1221 2940 1515 3027 exempla
1574 2949 1896 3025 ponuntur
1947 2938 2050 3003 hic
2109 2959 2315 3023 neque

252 3036 666 3101 confirmandi
701 3058 909 3119 neque
961 3034 1342 3101 testificandi
1379 3056 1601 3111 causa,
1661 3034 1777 3099 sed
1820 3032 2315 3099 demonstrandi.

251 3152 384 3195 non
427 3130 624 3209 enim,
680 3150 824 3195 eum
868 3127 1134 3193 dicimus
1181 3148 1326 3195 esse
1373 3128 1875 3206 exornationem,
1932 3150 2093 3213 quae
2140 3128 2319 3193 verbi

254 3244 450 3289 causa
481 3234 734 3289 constet
766 3247 847 3288 ex
885 3224 1168 3289 similiter
1205 3224 1641 3288 desinentibus
1676 3220 1888 3287 verb'is
1926 3233 1991 3287 et
2022 3222 2315 3307 ponimus

254 3316 378 3382 hoc
411 3318 774 3403 exemplum
809 3340 848 3381 a
884 3314 1152 3383 Crasso:
1196 3316 1455 3400 ‘quibus
1491 3338 1832 3403 possumus
1870 3327 1935 3381 et
1970 3314 2315 3393 debemus?

255 3410 689 3477 testimonium
741 3411 1175 3488 conlocamus,
1231 3411 1346 3475 sed
1400 3410 1779 3497 exemplum.
1885 3409 2008 3475 hoc
2058 3409 2321 3473 interest

254 3504 448 3593 igitur
489 3505 656 3569 111131·
705 3504 1138 3570 testimonium
1171 3514 1237 3569 et
1279 3503 1670 3590 exemplum:
1724 3503 2015 3589 exemplo
2062 3502 2320 3566 demon-

257 3608 493 3663 stratur
525 3594 612 3675 id,
650 3598 822 3682 quod
855 3597 1152 3675 dicimus,
1188 3597 1366 3663 cuius
1403 3596 1577 3662 modi
1612 3596 1721 3675 sit3
1761 3595 2138 3671 testimonio,
2178 3614 2319 3657 esse

255 3690 415 3756 illud
447 3691 566 3769 ita,
601 3701 675 3756 111
706 3714 826 3757 1103
863 3690 1160 3769 dicimus,
1198 3691 1623 3757 confirmatur.
1710 3699 2039 3777 praeterea
2074 3696 2322 3775 oportet
2355 3702 2383 3743 6

258 3785 690 3851 testimonium
715 3806 863 3851 cum
888 3806 958 3851 re
986 3786 1345 3863 convenire,
1383 3785 1565 3850 aliter
1593 3784 1762 3851 enim
1786 3805 1923 3848 rem
1947 3804 2076 3846 non
2109 3789 2321 3867 potest

259 3879 660 3946 confirmare:
715 3890 782 3945 at
829 3877 924 3958 id,
979 3880 1152 3964 quod
1199 3880 1292 3944 illi
1343 3880 1615 3957 faciunt,
1670 3900 1815 3942 cum
1864 3898 1935 3941 re
1986 3898 2118 3941 non
2171 3896 2321 3940 con-

256 3974 449 4039 venit.
522 3975 677 4058 quid
700 3974 826 4039 ita?
861 3974 1009 4059 quia
1034 3974 1411 4061 pollicentur
1442 3996 1511 4038 se
1538 3982 1739 4037 artem
1774 3969 2069 4047 scribere,
2108 3991 2322 4033 exem-

253 4066 366 4153 pla
407 4068 738 4155 proferunt
786 4070 872 4135 ab
923 4068 1016 4133 eis
1069 4068 1469 4155 plerumque,
1525 4066 1633 4151 qui
1686 4075 1894 4131 artem-
1934 4063 2317 4130 nescierunt.
