2784 4575
518 270 646 338 184
1124 279 1199 336 M.
1239 278 1512 339 TULLII
1549 278 1955 338 CICERONIS

512 407 679 473 rium
721 427 912 490 quam
953 402 1182 483 latera,
1221 413 1429 489 'quam
1472 424 1810 481 cavernae,
1865 425 2056 488 quam
2105 424 2325 490 prora,
2381 424 2580 487 quam

513 499 776 588 puppis,
830 521 1021 584 quam
1072 509 1413 577 antennae,
1467 520 1659 583 quam
1702 498 1874 577 vela,
1928 519 2121 582 quam
2170 496 2359 563 mali?
2412 499 2582 581 quae

515 605 729 661 tamen
761 593 928 659 hanc
969 593 1209 658 habent
1241 591 1310 657 in
1345 592 1556 679 specie
1602 601 2032 670 venustatem,
2083 603 2158 658 ut
2199 614 2330 657 non
2366 590 2580 659 solum

518 688 768 768 salutis,
823 687 943 755 sed
975 687 1167 754 etiam
1211 687 1555 774 voluptatis
1601 708 1796 753 causa
1829 686 2092 752 inventa
2131 707 2275 752 esse
2311 684 2586 752 videan-

516 796 637 852 tur.
727 782 1057 849 columnae
1101 780 1338 869 templa
1380 792 1450 847 et
1488 781 1768 868 porticus
1813 781 2155 859 sustinent;
2209 790 2428 846 tamen
2462 780 2583 845 ha-

513 879 669 945 bent
710 899 839 943 non
879 876 1025 962 plus
1067 876 1355 942 utilitatis
1402 897 1593 960 quam
1637 875 1991 963 dignitatis:
2047 873 2349 962 Capitolii
2390 874 2584 940 fasti-

515 971 693 1058 gium
723 970 883 1035 illud
914 980 980 1036 et
1014 979 1365 1035 ceterarum
1400 969 1652 1036 aedium
1685 992 1814 1036 non
1839 979 2163 1047 venustae,
2201 968 2317 1035 sed
2349 989 2583 1033 neces-

518 1064 671 1131 sitas
724 1064 869 1150 ipsa
917 1062 1227 1129 fabricata
1260 1073 1387 1141 est,
1441 1074 1683 1142 tamen,
1738 1084 1882 1129 cum
1917 1073 2089 1129 esset
2129 1060 2350 1128 habita
2388 1061 2580 1139 ratio,

415 1229 418 1234 ,
516 1180 707 1243 quem
740 1157 825 1221 ad
867 1155 1129 1222 modum
1164 1176 1245 1221 ex
1286 1168 1554 1241 utraque
1607 1156 1758 1223 tecti
1808 1166 1988 1243 parte
2040 1178 2206 1240 aqua
2247 1154 2584 1221 delabere-

516 1263 646 1330 tur,
698 1250 1034 1317 utilitatem
1068 1249 1287 1336 templi
1321 1250 1564 1337 fastigii
1607 1250 1883 1338 dignitas
1931 1260 2272 1317 consecuta
2315 1260 2445 1328 est3
2479 1264 2580 1328 ut,

482 1344 765 1410 etiamsi
797 1344 866 1409 in
916 1344 1092 1410 caelo
1129 1341 1516 1431 Capitolium
1567 1354 1974 1423 statueretur,
2025 1344 2139 1409 ubi
2187 1345 2392 1411 imber
2427 1366 2575 1410 esse

406 1557 483 1599 181

404 2274 481 2387 147

400 3425 475 3467 183

516 1461 647 1504 ιιοιι
689 1447 937 1524 posset,
988 1438 1230 1503 nullam
1282 1438 1419 1505 sine
1471 1438 1730 1525 fastigio
1785 1438 2157 1525 dignitatem
2208 1438 2575 1504 habiturum

518 1531 720 1597 fuisse
756 1531 1065 1599 videatur.
1151 1532 1273 1597 hoc
1304 1531 1374 1599 in
1410 1533 1703 1597 omnibus
1746 1532 1900 1597 item
1943 1533 2229 1619 partibus
2266 1532 2572 1599 orationis

516 1626 746 1704 evenit,
781 1636 855 1690 ut
885 1625 1220 1692 utilitatem
1248 1647 1322 1691 ac
1345 1649 1545 1713 prope
1578 1626 2025 1692 necessitatem
2059 1626 2340 1693 suavitas
2377 1649 2576 1711 quae-

516 1719 664 1786 dam
707 1730 773 1786 et
812 1717 991 1806 lepos
1045 1730 1465 1804 consequatur
1472 1745 1493 1799 3
1548 1720 1863 1788 clausulas
1917 1720 2086 1787 enim
2138 1731 2326 1805 atque
2377 1720 2572 1786 inter-

515 1825 753 1900 puncta
786 1813 1125 1879 verborum
1160 1813 1408 1879 animae
1441 1812 1803 1882 interclusio
1847 1824 2036 1900 atque
2072 1815 2402 1901 angustiae
2441 1816 2570 1902 spi-

514 1909 673 1975 ritus
710 1910 1080 1975 attulerunt:
1124 1908 1193 1973 id
1224 1909 1552 1975 inventum
1586 1910 1677 1975 ita
1709 1920 1809 1976 est
1842 1931 2068 1987 suave,
2110 1920 2210 1988 ut,
2257 1910 2313 1975 si
2347 1909 2452 1975 cui
2487 1910 2571 1975 sit

515 2002 795 2069 infinitus
860 2003 1118 2088 spiritus
1180 2002 1398 2081 datus,
1460 2014 1672 2069 tamen
1731 2024 1878 2069 eum
1937 2014 2312 2091 perpetuare
2372 2005 2572 2069 verba

514 2095 820 2171 nolimus,
801 2119 817 2135 ·
874 2094 942 2159 id
975 2094 1143 2160 enim
1178 2096 1434 2162 auribus
1470 2097 1703 2163 nostris
1738 2108 1990 2183 gratum
2023 2107 2121 2162 est
2161 2094 2569 2183 [inventum],

516 2187 689 2269 quod
721 2186 1048 2252 hominum
1080 2187 1382 2255 lateribus
1420 2213 1550 2257 non
1583 2190 1908 2257 tolerabile
1947 2190 2181 2269 solum,
2227 2190 2338 2256 sed
2369 2190 2565 2255 etiam

515 2278 701 2346 facile
737 2303 879 2346 esse
914 2293 1153 2366 posset.
1239 2282 1616 2370 longissima
1658 2295 1760 2351 est
1801 2284 1994 2372 igitur
2037 2283 2388 2372 complexio
2419 2307 2573 2350 ver-

430 2347 767 2453 ⁸²,borum
822 2397 983 2459 quae
1035 2377 1207 2443 volvi
1247 2400 1376 2444 uno
1410 2379 1658 2488 spiritu
1705 2390 1945 2466 potest3
1999 2380 2116 2451 sed
2157 2379 2262 2444 hic
2302 2390 2568 2445 naturae

512 2469 739 2537 modus
794 2480 920 2548 est,
984 2471 1136 2537 artis
1189 2471 1371 2538 alius.
1475 2473 1604 2538 iam
1656 2495 1801 2538 cum
1856 2473 1982 2539 sint
2031 2473 2278 2540 numeri
2327 2473 2571 2561 plures,

512 2561 796 2628 iambum
848 2574 913 2629 et
964 2565 1331 2631 trochaeum
1382 2566 1781 2650 frequentem
1834 2577 2132 2654 segregat
2183 2566 2266 2637 ab
2319 2579 2573 2634 oratore

510 2656 923 2735 Aristoteles,
981 2655 1238 2737 Catule,
1283 2670 1522 2737 vester,
1577 2660 1687 2744 qui
1725 2671 1954 2725 natura
1985 2670 2198 2726 tamen
2238 2661 2570 2728 incurrunt

509 2749 634 2836 ipsi
684 2750 753 2816 in
806 2751 1155 2818 orationem
1206 2775 1690 2837 sermonemque
1744 2766 2063 2834 nostrum3
2118 2755 2235 2820 sed
2280 2768 2428 2823 sunt
2469 2757 2570 2822 in·-

512 2843 727 2928 signes
769 2845 1211 2930 percussiones
1260 2868 1480 2912 eorum
1521 2870 1928 2914 numerorum
1971 2861 2038 2914 et
2077 2848 2304 2914 minuti
2345 2850 2566 2936 pedes·

511 2957 639 3019 qua
687 2961 757 3002 re
799 2939 1073 3025 primum
1116 2940 1199 3008 ad
1250 2939 1516 3007 heroum
1557 2965 1674 3008 nos
1724 2938 1986 3028 [dactyli
2021 2953 2086 3009 et
2121 2943 2453 3029 anapaesti
2500 2955 2566 3008 et

509 3030 779 3114 spondei
829 3031 1085 3118 pedem]
1141 3033 1400 3100 invitat:
1463 3034 1531 3098 in
1584 3056 1708 3118 quo
1761 3035 2019 3122 impune
2070 3037 2366 3124 progredi
2413 3036 2567 3102 licet

512 3124 637 3188 duo
682 3124 1012 3193 dumtaxat
1043 3127 1241 3210 pedes
1280 3138 1389 3192 aut
1422 3127 1612 3215 paulo
1645 3129 1822 3214 plus,
1867 3152 1950 3194 ne
1983 3129 2226 3215 plane
2206 3153 2271 3195 m
2304 3151 2564 3195 versum

511 3226 621 3280 aut
673 3217 1145 3284 similitudinem
1196 3243 1497 3286 versuum
1556 3221 1936 3288 incidamus:
2003 3224 2199 3290 ‘altae
2249 3231 2392 3287 sunt
2443 3245 2568 3310 ge-

508 3309 747 3390 minae,
802 3311 1059 3396 quibus'
1112 3313 1181 3379 hi
1232 3325 1360 3382 tres
1402 3312 1636 3404 [heroi]
1687 3317 1885 3404 pedes
1937 3317 2005 3382 in
2055 3316 2364 3404 principia
2411 3337 2570 3384 con-

510 3404 957 3472 tinuandorum
1016 3409 1358 3478 verborum
1413 3411 1566 3477 satis
1631 3412 1856 3478 decore
1910 3411 2162 3478 cadunt.
2258 3412 2570 3499 probatur

508 3509 721 3565 autem
771 3500 853 3564 ab
905 3501 1132 3568 eodem
1182 3502 1292 3569 illo
1344 3504 1620 3584 maxime
1681 3528 1919 3592 paeon,
1982 3505 2092 3589 qui
2143 3515 2244 3573 est
2294 3504 2568 3593 duplex:

506 3615 657 3658 nam
694 3603 806 3658 aut
838 3615 877 3658 a
907 3593 1102 3682 longa
1136 3596 1360 3674 oritur,
1409 3619 1600 3682 quam
1633 3610 1761 3664 tres
1805 3600 2032 3665 breves
2067 3609 2567 3682 consequuntur,

506 3694 579 3748 ut
629 3685 787 3752 haec
847 3689 1047 3754 verba
1107 3688 1435 3768 ‘desinite,
1493 3691 1780 3779 incipite,
1844 3691 2294 3778 comprimite,’
2361 3704 2474 3757 aut
2525 3715 2566 3758 a

504 3779 805 3846 brevibus
844 3781 1141 3868 deinceps
1178 3783 1410 3861 tribus,
1465 3796 1746 3851 extrema
1776 3787 2085 3872 producta
2120 3795 2308 3871 atque
2342 3784 2563 3872 longa,

508 3873 671 3938 sicut
715 3873 825 3939 illa
876 3886 1024 3940 sunt
1075 3875 1504 3956 ‘domuerant,
1561 3879 1953 3966 sonipedes,
2010 3890 2199 3963 atque
2249 3878 2342 3942 illi
2391 3876 2565 3988 [phi-

506 3964 805 4051 losepho]
870 3968 1061 4034 ordiri
1121 3969 1333 4054 placet
1393 3992 1432 4035 a
1495 3974 1813 4057 superiore
1872 3995 2144 4059 paeone,
2205 3972 2567 4059 posteriore

388 4149 391 4152 ἡ
508 4054 715 4130 finire3
770 4069 867 4121 est
910 4070 1118 4126 autem
1158 4083 1366 4147 paeon
1418 4063 1521 4128 hic
1577 4063 1941 4150 [posterior]
1994 4089 2124 4131 non
2169 4066 2563 4152 syllabarum
