2784 4575
1524 53 1529 60 .
1691 45 1801 62 μ.»-

709 283 820 338 AD
858 281 918 338 0.
955 283 1422 342 HERENNIUM
1456 283 1591 338 1111.
1626 283 1711 355 54,
1746 283 1834 338 55.
2214 273 2295 338 91

235 410 476 475 iterum
511 416 620 470 aut
663 405 918 491 saepius
965 404 1102 470 aliis
1147 407 1387 483 verbis,
1443 429 1605 490 quae
1649 405 1820 471 idem
1851 406 2122 486 valeant,
2164 405 2298 494 [ea-

240 501 422 590 dem]
466 501 803 577 referetur,
857 499 979 567 hoc
1029 500 1248 566 modo:
1303 501 1575 565 ‘nullum
1628 511 1873 566 tantum
1914 513 2012 567 est
2052 503 2300 588 pericu-

241 596 396 674 lum,
435 595 606 679 quod
643 594 895 679 sapiens
930 616 1048 679 pro
1073 594 1276 659 salute
1301 595 1544 681 patriae
1572 593 1899 659 vitandum
1934 596 2297 663 arbitretur:

245 712 392 755 cum
428 699 654 775 agetur
686 688 1086 753 incolumitas
1128 699 1439 775 perpetua
1473 689 1773 767 civitatis,
1819 689 1929 773 qui
1960 690 2145 756 bonis
2182 691 2300 755 erit

241 784 592 850 rationibus
629 781 975 868 praeditae,
1010 783 1296 866 profecto
1331 783 1576 847 nullum
1612 783 1779 848 vitae
1807 783 2143 848 discrimen
2179 783 2299 849 sibi

240 902 360 966 pro
413 877 687 944 fortunis
738 876 833 942 rei
881 875 1176 962 publicae
1226 877 1601 963 fugiendum
1648 878 1897 964 putabit
1950 888 2015 943 et
2063 877 2183 944 erit
2230 877 2299 942 in

243 996 325 1038 ea
359 971 674 1038 sententia
719 993 996 1056 semper,
1048 980 1124 1035 ut
1161 991 1280 1056 pro
1322 971 1531 1057 patria
1583 971 1865 1036 studiose
1908 972 2197 1056 quamvis
2232 973 2298 1035 in

243 1088 550 1152 magnam
601 1065 946 1130 descendat
996 1065 1164 1130 vitae
1219 1063 1723 1132 dimicationem?
1834 1065 2299 1152 pronuntiando

246 1159 774 1226 commutabimus
787 1207 805 1237 ,
861 1158 918 1224 si
962 1181 1108 1224 cum
1147 1159 1216 1223 in
1268 1181 1587 1237 sermone,
1640 1169 1777 1224 tum
1818 1158 1886 1222 in
1938 1158 2297 1234 acrimonia,

244 1265 384 1320 tum
416 1254 485 1318 in
521 1253 644 1320 alio
679 1263 868 1336 atque
906 1253 1029 1318 alio
1073 1275 1306 1339 genere
1349 1253 1525 1319 vocis
1580 1263 1768 1338 atque
1812 1262 2031 1340 gestus
2076 1252 2300 1317 eadem

240 1346 457 1412 verbis
493 1347 938 1412 commutando
973 1346 1550 1432 pronuntiationem
1575 1367 1827 1430 quoque
1862 1345 2296 1412 vehementius

241 1439 736 1506 immutabimus.
832 1440 956 1505 hoc
1005 1461 1212 1524 neque
1264 1439 1773 1506 commodissime
1826 1439 2015 1504 scribi
2063 1448 2292 1525 potest,

241 1556 448 1620 neque
500 1555 730 1620 parum
781 1544 880 1599 est
932 1544 1248 1621 apertum,
1310 1556 1437 1619 qua
1485 1556 1557 1599 re
1605 1555 1737 1599 non
1797 1543 1944 1618 eget
2003 1532 2294 1618 exempli.

241 1628 497 1695 tertium
548 1649 754 1715 genus
799 1639 897 1694 est
948 1627 1486 1706 commutationis,
1542 1627 1715 1711 quod
1766 1627 2095 1692 tractando
2147 1646 2295 1692 con-
2338 1649 2391 1691 55

239 1723 507 1800 ficietur,
545 1722 602 1787 si
639 1721 1014 1787 sententiam
1050 1721 1410 1788 traiciamus
1448 1731 1558 1787 aut
1593 1722 1675 1786 ad
1710 1720 2294 1787 sermocinationem

242 1827 352 1882 aut
385 1816 471 1881 ad
504 1815 1089 1881 exsuscitationem:
1129 1814 1652 1881 sermocinatione
1668 1851 1757 1863 -—-
1774 1815 1853 1879 de
1888 1836 2014 1897 qua
2046 1813 2294 1901 planius
2334 1825 2400 1880 43

240 1911 432 1997 paulo
483 1919 635 1996 post
687 1931 804 1974 suo
854 1909 995 1975 loco
1051 1909 1331 1976 dicemus
1344 1958 1362 1988 ,
1416 1932 1588 1975 nunc
1635 1909 1937 1988 breviter,
1994 1909 2162 1992 quod
2216 1909 2298 1972 ad

241 2006 407 2069 hanc
448 2025 586 2069 rem
639 2003 794 2070 satis
841 2003 950 2081 sit,
1004 2005 1385 2090 attingemus
1420 2039 1509 2052 -—-
1546 2002 1641 2090 [in
1686 2001 1837 2090 qua]
1885 2001 2299 2068 constituetur

246 2098 509 2164 alicuius
543 2118 857 2183 personae
885 2097 1084 2163 oratio
1112 2097 1597 2164 adcommodata
1631 2099 1715 2162 ad
1749 2097 2140 2184 dignitatem,
2175 2097 2299 2162 hoc

242 2192 464 2268 modo,
497 2201 598 2268 ut,
636 2212 762 2275 quo
798 2190 1047 2256 facilius
1082 2213 1188 2256 res
1204 2184 1527 2301 cognosci
1560 2190 1793 2279 possit,
1839 2213 1923 2256 ne
1958 2191 2039 2255 ab
2074 2190 2299 2255 eadem

249 2284 562 2351 sententia
601 2284 1000 2351 recedamus:
1056 2283 1339 2371 ‘sapiens
1383 2284 1599 2351 omnia
1639 2285 1733 2350 rei
1774 2283 2067 2372 publicae
2102 2305 2297 2349 causa

250 2376 654 2463 suscipienda
683 2377 964 2464 pericula
994 2379 1271 2487 putabit,
1319 2402 1511 2465 saepe
1544 2378 1683 2465 ipse
1730 2400 1946 2443 secum
1978 2377 2297 2462 loquetur:

245 2493 380 2538 non
409 2470 564 2535 mihi
600 2471 744 2551 soli,
800 2472 916 2537 sed
949 2472 1140 2537 etiam
1185 2482 1374 2555 atque
1412 2472 1569 2538 adeo
1614 2472 1813 2537 multo
1856 2472 2067 2558 potius
2111 2481 2299 2535 natus

248 2590 390 2632 sum
423 2566 696 2653 patriae.
749 2566 908 2645 vita,
963 2588 1125 2650 quae
1159 2567 1292 2632 fato
1338 2566 1632 2644 debetur,
1688 2565 1877 2629 saluti
1908 2563 2150 2650 patriae
2186 2586 2301 2647 po-

247 2660 564 2727 tissimum
615 2660 925 2725 solvatur:
989 2660 1147 2725 aluit
1193 2660 1354 2724 haec
1404 2681 1537 2737 me,
1598 2668 1733 2724 tute
1786 2668 1975 2742 atque
2035 2656 2300 2721 honeste

244 2753 546 2840 produxit
585 2774 794 2838 usque
837 2754 920 2818 ad
971 2754 1137 2818 hanc
1182 2762 1482 2830 aetatem,
1532 2751 1761 2817 muniit
1802 2773 1979 2817 meas
2024 2750 2301 2814 rationes

244 2848 430 2914 bonis
475 2847 753 2933 legibus,
809 2848 1064 2933 optimis
1113 2846 1482 2934 disciplinis.
1572 2846 1725 2930 quid
1759 2854 1886 2923 est,
1933 2845 2105 2928 quod
2150 2843 2301 2909 satis

245 2941 308 3009 ei
337 2940 618 3027 persolvi
650 2941 883 3027 possit,
919 2942 1090 3007 unde
1126 2942 1285 3007 haec
1320 2940 1703 3027 acceperisP’
1764 2936 1920 3025 [qua
1950 2960 2021 3003 re
2058 2937 2113 3003 si
2146 2938 2305 3003 haec

245 3035 525 3118 loquitur
571 3056 788 3100 secum
835 3036 1090 3122 sapiens
1141 3058 1358 3122 saepe,
1414 3056 1567 3122 ergo
1612 3032 1680 3098 in
1729 3032 2025 3120 periculis
2060 3032 2154 3097 rei
2186 3055 2306 3118 pu-

246 3128 453 3195 blicae
485 3128 734 3193 nullum
766 3128 907 3215 ipse
937 3130 1289 3215 periculum
1341 3126 1597 3215 fugiet]
1686 3127 1840 3191 item
1880 3136 2158 3191 mutatur
2199 3148 2302 3190 res

205 3227 222 3239 ²
248 3222 607 3301 tractando,
664 3222 720 3286 si
755 3222 1099 3288 traducitur
1135 3223 1217 3289 ad
1259 3222 1843 3298 exsuscitationem,
1902 3241 2047 3285 cum
2090 3229 2156 3285 et
2186 3240 2305 3283 nos

251 3316 548 3383 commoti
593 3314 802 3381 dicere
854 3316 1169 3395 videmur,
1224 3328 1289 3383 et
1341 3316 1645 3381 auditoris
1699 3314 1979 3379 animum
2031 3335 2308 3379 commo-

252 3431 504 3487 vemus,
555 3410 677 3474 sic.
734 3410 904 3495 ‘quis
942 3422 1040 3477 est
1075 3422 1206 3477 tam
1241 3410 1418 3475 tenui
1454 3421 1518 3475 et
1549 3432 1750 3497 prava
1781 3408 2024 3473 ratione
2058 3406 2308 3493 praedi-

249 3513 384 3580 tus,
447 3501 628 3568 cuius
682 3504 928 3569 animus
982 3504 1173 3569 tantis
1227 3502 1537 3590 angustiis
1599 3500 1875 3568 invidiae
1936 3498 2305 3574 continetur,

251 3595 362 3680 qui
395 3618 526 3661 non
560 3596 731 3660 hunc
765 3596 1087 3663 hominem
1121 3596 1584 3662 studiosissime
1626 3596 1843 3661 laudet
1877 3602 1943 3657 et
1976 3589 2320 3675 sapientis-.
2350 3628 2360 3637 ·

253 3690 486 3754 simum
518 3689 784 3767 iudicet,
839 3691 948 3773 qui
988 3713 1105 3777 pro
1152 3691 1354 3756 salute
1397 3689 1668 3776 patriae,
1720 3711 1836 3775 pro
1880 3682 2309 3749 incolumitate

254 3782 554 3861 civitatis,
608 3805 726 3869 pro
760 3783 854 3848 rei
886 3784 1177 3869 publicae
1220 3784 1490 3850 fortunis
1525 3782 1825 3893 ‘quamvis
1874 3798 2181 3863 magnum
2216 3785 2309 3839 at-

254 3898 376 3960 que
405 3887 587 3942 atrox
610 3876 962 3963 periculum
991 3877 1269 3943 studiose
1307 3877 1611 3963 suscipiat
1646 3886 1710 3940 et
1734 3870 2021 3938 lubenter
2049 3869 2310 3935 subeat?

255 3969 551 4053 equidem
585 3970 756 4035 hunc
790 3970 1112 4036 hominem
1151 3971 1358 4059 magis
1394 3971 1580 4057 cupio
1626 3968 1781 4032 satis
1824 3962 2083 4029 laudare
2120 3984 2311 4047 quam

254 4084 550 4148 possum,
619 4063 915 4149 idemque
977 4065 1101 4131 hoc
1159 4076 1329 4131 certo
1393 4063 1525 4129 scio
1589 4060 1770 4127 vobis
1833 4057 2124 4125 omnibus
2186 4079 2311 4121 usu
