2784 4575
490 228 596 284 DE
631 226 942 285 PARTIT.
983 226 1385 285 ORATORIA
1420 220 1627 285 DIAL.
1662 229 1901 287 51-60.
2086 220 2217 288 355

161 352 224 419 si
257 373 448 417 causa
479 352 741 438 patitur,
798 374 959 435 quae
995 348 1307 417 habentur
1341 374 1605 439 magna,
1660 372 1927 438 quorum
1964 366 2063 421 est
2097 358 2215 423 du-

159 447 314 533 plex
345 466 577 533 genus:
633 446 756 511 alia
791 444 959 511 enim
991 456 1218 511 natura
1252 468 1487 533 magna
1519 446 1840 526 videntur,
1896 448 2020 513 alia
2052 471 2204 517 usu:
2248 478 2303 519 56

155 549 414 618 natura,
458 550 532 604 ut
566 539 889 616 caelestia,
941 549 1016 604 ut
1049 539 1291 618 divina,
1343 550 1417 603 ut
1450 562 1557 618 ea,
1602 562 1872 623 quorum
1907 542 2213 609 obscurae

157 654 419 711 causae,
471 644 572 712 ut,
624 633 690 697 in
733 632 916 699 terris
966 634 1328 717 mundoque
1381 633 1775 699 admirabilia
1829 656 1991 719 quae
2044 650 2212 718 sunt,

158 750 248 793 ex
281 726 506 812 quibus
563 726 1026 811 similibusque,
1083 727 1138 793 si
1182 728 1503 806 attendas,
1559 729 1641 793 ad
1678 730 2037 815 augendum
2068 753 2215 819 per-
2268 734 2271 737 ’

161 822 360 887 multa
395 832 765 907 suppetunt3
809 843 961 899 usn,
1007 842 1170 905 quae
1205 821 1499 887 videntur
1532 820 1889 888 hominibus
1927 831 2035 889 aut
2065 848 2215 911 pro-

156 916 348 981 desse
401 926 510 980 aut
561 915 788 980 obesse
843 915 1308 993 vehementius,
1365 938 1635 999 quorum
1679 927 1825 981 sunt
1858 940 2097 1003 genera
2130 920 2214 984 ad

158 1008 674 1094 >amplificandum
707 1008 855 1074 tria:
907 1032 1057 1073 nam
1094 1020 1205 1074 aut
1235 1010 1499 1075 caritate
1534 1020 1867 1076 moventur
1901 1010 2209 1090 homines,

161 1112 232 1165 ut
265 1101 552 1180 deorum,
605 1113 677 1166 ut
709 1102 981 1189 patriae,
1023 1114 1096 1167 ut
1126 1114 1462 1191 parentum
1470 1130 1491 1182 3
1546 1115 1656 1169 aut
1691 1128 1932 1183 amore,
1976 1115 2049 1169 ιιι
2081 1106 2211 1170 fra-

155 1206 354 1272 trum,
389 1204 464 1259 ut
495 1194 865 1281 coniugum,
901 1206 971 1260 ut
1003 1195 1363 1276 liberorum,
1398 1208 1471 1263 ut
1503 1197 1915 1277 familiarum3
1954 1208 2064 1263 aut
2094 1198 2212 1265 ho-

151 1298 426 1367 nestate,
460 1298 535 1352 ut
566 1287 869 1353 virtutum
901 1288 1302 1375 maximeque
1337 1314 1575 1369 earum,
1612 1312 1775 1375 quae
1812 1293 1895 1357 ad
1930 1312 2210 1357 commu-

155 1384 416 1449 nionem
479 1384 805 1457 hominum
865 1398 934 1451 et
989 1386 1431 1455 liberalitatem
1500 1388 1734 1453 valent.
1838 1410 1921 1453 ex
1990 1388 2082 1453 eis
2144 1396 2211 1453 et

153 1476 622 1543 cohortationes
687 1490 1020 1545 sumuntur
1073 1481 1156 1545 ad
1215 1504 1293 1546 ea
1343 1481 1673 1547 retinenda
1732 1492 1799 1547 et
1846 1481 1915 1546 in
1966 1503 2105 1560 eos,
2169 1504 2209 1547 a

148 1569 387 1653 quibus
423 1593 501 1636 ea
535 1570 770 1637 violata
804 1584 970 1651 sunt,
1007 1573 1154 1639 odia
1186 1574 1525 1640 incitantur
1559 1586 1623 1640 et
1656 1576 1977 1642 miseratio
2001 1574 2209 1641 nasci-

153 1663 580 1753 tur-[proprius
633 1666 810 1732 locus
854 1680 956 1733 est
1006 1668 1308 1756 augendi]
1347 1669 1415 1733 in
1468 1668 1559 1734 eis
1603 1670 1793 1734 rebus
1849 1680 1959 1733 aut
2012 1667 2203 1732 amis-
2240 1658 2303 1771 15}

156 1758 248 1823 sis
285 1769 396 1824 aut
429 1759 756 1827 amittendi
789 1762 1098 1848 periculo;
1150 1763 1308 1827 nihil
1343 1773 1444 1829 est
1476 1763 1646 1829 enim
1680 1774 1811 1828 tam
1842 1761 2201 1827 miserabile

149 1874 349 1936 quam
383 1873 464 1919 ex
497 1854 685 1920 beato
721 1856 940 1933 miser3
995 1865 1060 1921 et
1091 1856 1230 1923 hoc.
1263 1866 1469 1921 totum
1521 1856 1778 1940 quidem
1818 1866 2097 1933 moveat,
2152 1856 2206 1920 si

151 1968 283 2031 qua
334 1968 416 2011 ex
469 1946 724 2012 fortuna
775 1949 916 2032 quis
967 1948 1183 2028 cadat,
1263 1959 1330 2013 et
1391 1973 1433 2015 a
1482 1971 1751 2033 quorum
1803 1948 2060 2015 caritate
2112 1948 2209 2013 di-

151 2038 451 2118 vellatur,
508 2062 671 2124 quae
716 2042 963 2105 amittat
1007 2052 1117 2107 aut
1167 2042 1477 2120 amiserit,
1529 2043 1597 2106 in
1641 2042 1869 2126 quibus
1904 2042 2088 2106 malis
2126 2039 2208 2106 sit

151 2134 484 2199 futurusve
539 2134 650 2213 sit,
703 2134 1090 2221 exprimatur
1141 2136 1445 2213 breviter3
1500 2136 1625 2201 cito
1678 2136 1848 2201 enim
1898 2135 2210 2201 exarescit

150 2224 442 2304 lacrima,
491 2229 866 2314 praesertim
914 2228 984 2297 in
1036 2229 1256 2296 alienis
1309 2229 1493 2296 malis
1505 2254 1524 2309 3
1585 2250 1704 2296 nec
1755 2228 2091 2316 quicquam
2140 2227 2210 2293 in

135 2316 643 2404 amplificatione
693 2323 884 2386 nimis
939 2323 1399 2388 enucleandum
1443 2334 1569 2400 est,
1622 2323 1865 2388 minuta
1898 2333 1999 2387 est
2040 2321 2209 2386 enim

147 2409 364 2476 omnis
399 2411 726 2498 diligentia
732 2439 752 2492 3
789 2413 894 2478 hic
927 2424 1140 2480 autem
1175 2415 1352 2480 locus
1387 2416 1656 2500 grandia
1686 2414 1967 2499 requirit.
2050 2413 2211 2476 illud
2250 2441 2305 2481 58

151 2504 282 2568 iam
317 2515 418 2568 est
447 2503 693 2585 iudicii,
749 2527 871 2590 quo
907 2529 1156 2591 quaque
1190 2508 1258 2572 in
1293 2530 1489 2573 causa
1538 2531 1769 2594 genere
1813 2519 2065 2574 utamur
2099 2526 2209 2591 aue

145 2595 378 2684 gandi:
429 2596 498 2662 in
529 2599 656 2670 illis
695 2601 864 2665 enim
898 2600 1137 2680 causis,
1194 2623 1358 2686 quae
1393 2601 1476 2666 ad
1510 2601 1991 2666 delectationem
2027 2621 2211 2666 exor-

151 2698 413 2768 nantur,
485 2690 544 2757 ei
611 2692 736 2758 loci
804 2694 1116 2758 tractandi
1183 2705 1359 2773 sunt,
1443 2693 1552 2778 qui
1618 2715 1873 2760 movere
1940 2701 2213 2778 possunt

149 2784 722 2870 exspectationem,
778 2788 1284 2867 admirationem,
1341 2787 1756 2876 voluptatem3
1809 2787 1876 2853 in
1920 2785 2210 2854 cohorta—

148 2877 434 2944 tionibus
489 2891 702 2946 autem
751 2882 1062 2948 bonorum
1087 2879 1094 2883 ’
1115 2905 1192 2948 ac
1240 2883 1553 2948 malorum
1599 2881 2101 2948 enumerationes
2144 2889 2211 2945 et

143 2971 450 3060 exempla
481 2975 698 3041 valent
717 2976 1060 3064 plurimum
1067 3003 1087 3057 3
1123 2978 1190 3042 in
1215 2977 1463 3043 iudiciis
1494 2977 1845 3042 accusatori
1878 2977 2011 3040 fere
2047 2995 2209 3058 quae

141 3066 238 3130 ad
287 3064 707 3148 iracundiam,
767 3093 878 3136 reo
929 3071 1302 3158 plerumque
1355 3093 1521 3157 quae
1574 3071 1663 3136 ad
1714 3067 2213 3135 misericordiam

149 3158 470 3244 pertinent
479 3186 500 3239 3
529 3185 660 3228 non
675 3185 1020 3248 numquam
1037 3175 1250 3231 tamen
1281 3175 1350 3231 et
1363 3174 1695 3232 accusator
1712 3160 2209 3233 misericordiam

151 3273 414 3317 movere
448 3255 639 3322 debet
671 3268 738 3323 ει
787 3257 1084 3324 defensor
1135 3258 1546 3324 iracundiam.
1636 3255 2023 3324 enumeratio
2063 3250 2211 3318 reli-
2254 3275 2307 3318 ω

140 3369 282 3436 qua
327 3355 456 3422 28¹⁵,
517 3347 830 3416 laudatori
862 3375 1240 3437 numquam,
1297 3353 1544 3419 suasori
1588 3375 1717 3419 non
1756 3371 1979 3436 saepe,
2027 3367 2213 3412 aceu-

141 3442 352 3510 satori
391 3441 650 3528 saepius
687 3463 878 3526 quam
917 3467 1028 3510 reo
1081 3446 1471 3512 necessa-iaz
1524 3445 1713 3510 huius
1743 3440 2048 3530 ⁸tempora
2085 3440 2212 3505 duo

149 3549 332 3616 sunt,
389 3536 445 3603 si
479 3546 591 3602 aut
621 3537 960 3602 memoriae
1006 3537 1260 3602 diffidas
1315 3560 1567 3616 eorum,
1622 3538 1791 3624 apud
1836 3555 1995 3621 quos
2033 3555 2210 3620 agas,

145 3631 254 3696 vel
289 3629 624 3698 intervallo
658 3630 959 3716 temporis
997 3630 1100 3696 vel
1134 3629 1532 3718 longitudine
1566 3630 1866 3698 orationis
1878 3655 1899 3709 3
1946 3638 2056 3694 aut
2086 3627 2217 3694 fre-

147 3724 472 3809 quentatis
515 3723 926 3790 firmamentis
979 3723 1281 3792 orationis
1317 3736 1383 3790 et
1416 3725 1691 3790 breviter
1740 3723 2045 3810 expositis
2082 3720 2215 3785 vim

139 3827 250 3882 »est
301 3817 601 3884 habitura.
648 3839 843 3884 causa
893 3817 1226 3898 maiorenn
1289 3840 1401 3886 reo
1461 3817 1663 3884 rarius
1724 3815 2033 3882 utendum
2092 3823 2209 3890 est,
2254 3831 2315 3876 σο

135 3911 325 3994 quod
373 3913 670 3998 ponenda
719 3923 870 3978 sunt
911 3911 1248 3991 contraria,
1301 3933 1573 3996 quorum
1606 3909 1939 3978 dissolutio
1970 3908 2039 3974 in
2070 3908 2215 3973 bre—

137 4003 347 4070 vitate
401 4028 532 4071 non
579 4006 845 4086 lucebit,
901 4006 1102 4074 aculei
1154 4017 1463 4096 pungent.
1554 4007 1671 4076 sed
1704 4006 1823 4072 erit
1854 4005 1923 4071 in
1958 4023 2219 4072 enumc-

1722 4110 1821 4162 23·
