2784 4575
459 227 612 285 LIB.
643 226 751 285 DE
789 225 964 283 OPT.
1002 222 1180 284 GEN.
1217 220 1659 283 ORATORUM
1692 223 1898 281 6-13.
1967 279 1977 292 ,
2082 210 2211 277 339

151 368 283 421 tem
339 350 770 441 potissimum3
835 362 936 416 est
985 348 1156 415 enim
1213 348 1431 415 multis
1480 346 1641 415 locis
1702 346 2029 448 grandior,
2090 348 2209 414 sed

151 448 306 534 quia
348 458 414 515 et
451 446 734 536 privatas
776 444 884 510 ille
925 444 1265 532 plerasque
1308 453 1376 509 et
1418 465 1531 509 eas
1572 442 1747 530 ipsas
1792 442 1931 507 aliis
1967 452 2033 507 et
2063 464 2210 529 par-

157 564 377 608 varum
407 562 622 607 rerum
655 538 949 605 causulas
981 537 1252 625 scripsit,
1287 536 1541 603 videtur
1564 558 1708 602 esse
1740 534 2028 614 ieiunior,
2065 554 2212 600 cum

153 660 230 703 se
271 637 408 725 ipse
460 634 750 701 consulto
795 632 880 699 ad
920 633 1304 698 minutarum
1357 651 1693 699 causarum
1743 653 1981 717 genera
2030 628 2211 695 lima-

157 730 336 797 verit.
405 729 578 814 quod
611 727 721 813 qui
751 727 844 793 ita
876 727 1089 806 faciet,
1123 737 1216 805 ut,
1251 725 1310 791 si
1346 725 1561 813 cupiat
1590 725 1847 791 uberior
1881 747 2047 803 esse,
2081 747 2213 791 non
2246 740 2283 795 4

150 824 382 912 possit,
434 824 744 889 habeatur
779 845 933 887 sane
969 833 1208 900 orator,
1263 821 1380 886 sed
1424 822 1503 885 de
1546 819 1925 901 minoribus3
1977 842 2211 907 magno

149 930 366 985 autem
399 916 634 985 oratori
669 916 861 982 etiam
893 916 1004 981 illo
1039 917 1230 981 modo
1267 937 1461 1002 saepe
1496 914 1835 981 dicendum
1868 925 1969 980 est
1999 914 2069 979 in
2101 913 2214 981 tali

149 1035 388 1101 genere
442 1033 798 1079 causarum.
895 1012 986 1075 ita
1028 1012 1100 1076 fit
1142 1022 1216 1075 ut
1255 1010 1731 1077 Demosthenes
1786 1020 1955 1077 certe
2003 1010 2213 1097 possit
2240 1035 2291 1074 ιο

155 1106 492 1171 summisse
534 1105 774 1184 dicere,
829 1104 1014 1170 elate
1036 1105 1276 1191 Lysias
1321 1105 1595 1170 fortasse
1636 1127 1768 1170 non
1810 1103 2044 1191 possit3
2100 1104 2215 1169 sed

151 1200 214 1265 si
256 1199 484 1265 eodem
531 1199 728 1265 modo
777 1210 1007 1286 putant
1060 1198 1343 1265 exercitu
1393 1198 1464 1263 in
1506 1198 1647 1265 foro
1690 1209 1757 1263 et
1796 1198 1865 1262 in
1920 1197 2214 1264 omnibus

155 1292 436 1379 templis,
473 1314 637 1377 quae
673 1292 909 1357 circum
943 1292 1154 1358 forum
1191 1303 1369 1371 sunt,
1409 1292 1737 1358 conlocato
1774 1292 1899 1356 dici
1932 1314 2049 1379 pro
2082 1290 2215 1355 Mi-

151 1388 298 1452 lone
334 1386 654 1466 decuisse,
689 1398 762 1451 ut
795 1386 853 1451 si
887 1387 966 1451 de
1001 1409 1073 1451 re
1104 1386 1354 1473 privata
1388 1386 1473 1451 ad
1504 1407 1704 1451 unum
1736 1385 2011 1451 iudicem
2046 1384 2219 1451 dice-

153 1502 399 1559 remus,
461 1479 593 1546 vim
646 1480 1043 1567 eloquentiae
1097 1502 1216 1545 sua
1266 1480 1600 1559 facultate,
1656 1502 1787 1545 non
1836 1479 1931 1546 rei
1990 1489 2219 1545 natura

153 1573 514 1642 metiuntur.
604 1595 732 1659 qua
762 1598 834 1641 re
871 1575 1167 1660 quoniam
1201 1596 1330 1639 non
1364 1574 1681 1640 nullorum
1717 1595 1924 1639 sermo
1958 1572 2088 1637 iam
2120 1572 2218 1637 in·-
2244 1600 2298 1639 11

148 1666 460 1747 crebruit,
503 1669 736 1755 partim
771 1692 842 1735 se
875 1670 1054 1757 ipsos
1087 1668 1305 1734 Attice
1342 1668 1582 1746 dicere,
1625 1668 1857 1755 partim
1900 1666 2221 1732 neminem

155 1774 443 1828 nostrum
487 1762 725 1841 dicere,
783 1763 1014 1829 alteros
1061 1764 1509 1851 neglegamus;
1566 1762 1719 1827 satis
1765 1761 1936 1826 enim
1978 1760 2071 1825 eis
2114 1782 2218 1825 res

149 1858 299 1944 ipsa
331 1858 705 1945 respondet,
759 1878 905 1921 cum
941 1866 1052 1922 aut
1084 1880 1216 1924 non
1261 1856 1683 1923 adhibeantur
1728 1856 1812 1920 ad
1846 1876 2073 1920 causas
2109 1864 2221 1919 aut

151 1951 421 2018 adhibiti
473 1951 878 2018 derideantur
887 1977 906 2031 3
961 1976 1112 2017 nam
1147 1950 1205 2017 si
1240 1952 1627 2029 riderentur,
1682 1960 1857 2016 esset
1896 1948 1966 2015 id
2008 1948 2222 2035 ipsum

152 2047 544 2125 Atticorum3
607 2046 724 2111 sed
777 2048 884 2131 qui
936 2046 1063 2129 dici
1121 2070 1160 2111 a
1211 2046 1399 2111 nobis
1451 2046 1673 2111 Attico
1734 2067 1913 2110 more
1972 2042 2217 2120 nolunt,

149 2141 276 2227 ipsi
321 2153 532 2207 autem
577 2164 648 2207 se
699 2165 832 2207 non
883 2152 1166 2207 oratores
1223 2164 1366 2207 esse
1420 2142 1824 2227 profitentur,
1880 2138 1936 2204 si
1986 2147 2219 2203 teretes

146 2235 322 2300 auris
358 2235 598 2300 habent
629 2234 1132 2322 intellegensque
1167 2235 1503 2314 iudicium,
1541 2246 1865 2320 tamquam
1900 2231 1984 2298 ad
2016 2230 2224 2320 pictu-

149 2350 294 2392 ram
344 2327 741 2413 probandam
792 2331 1212 2396 adhibeantur
1266 2331 1457 2395 etiam
1510 2329 1697 2395 inscii
1748 2327 2024 2393 faciendi
2076 2347 2222 2391 cum

147 2421 370 2504 aliqua
414 2420 694 2485 sollertia
743 2421 1062 2486 iudicandi
1072 2449 1092 2500 ;
1149 2423 1251 2487 sin
1303 2435 1516 2489 autem
1566 2421 2065 2508 intellegentiam
2106 2441 2223 2504 po-
2248 2414 2301 2503 ἰε

151 2525 318 2580 nunt
350 2515 420 2578 in
455 2514 752 2580 audiendi
799 2517 1060 2582 fastidio
1103 2539 1311 2600 neque
1365 2539 1479 2582 eos
1525 2517 1864 2600 quicquam
1898 2513 2221 2580 excelsum

147 2607 689 2696 magnificumque
726 2609 1017 2688 delectat,
1058 2609 1272 2674 dicant
1306 2632 1376 2674 se
1413 2610 1713 2694 quiddam
1742 2607 1972 2672 subtile
2008 2615 2075 2670 et
2105 2627 2222 2692 po-

149 2703 337 2768 litum
373 2702 566 2780 velle,
611 2704 854 2790 grande
890 2714 1308 2786 ornatumque
1345 2714 1779 2782 contemnere3
1824 2701 1891 2764 id
1926 2721 2078 2764 vero
2113 2700 2227 2763 de-

149 2797 371 2862 sinant
405 2796 643 2876 dicere,
699 2797 806 2882 qui
851 2797 1167 2862 subtiliter
1202 2796 1446 2874 dicant,
1501 2817 1641 2862 eos.
1668 2793 1839 2859 solos
1874 2791 2091 2858 Attice
2128 2792 2225 2857 di-

145 2913 329 2970 cere,
375 2890 446 2956 ld
488 2902 614 2969 est,
670 2891 853 2976 quasi
897 2892 1064 2956 sicce
1101 2901 1168 2955 et
1208 2890 1486 2978 integre:
1540 2898 1607 2965 et
1640 2889 1849 2975 ample
1896 2899 1962 2953 et
2003 2890 2225 2952 ornate

147 2997 219 3052 et
254 2984 512 3073 copiose
547 3007 692 3052 cum
729 2987 954 3052 eadem
1005 2985 1370 3072 integritate
1414 2983 1782 3049 Atticorum
1826 2993 1945 3047 est.
2035 2981 2225 3065 quid?

144 3080 422 3146 dubium
480 3091 579 3147 est
632 3092 844 3148 utrum
898 3080 1252 3147 orationem
1302 3091 1587 3146 nostram
1642 3077 2034 3143 tolerabilem
2086 3085 2226 3140 tan-

145 3187 292 3240 tum
350 3197 435 3240 an
488 3175 682 3241 etiam
744 3173 1185 3241 admirabilem
1241 3196 1385 3240 esse
1450 3172 1817 3260 cupiamus?
1877 3193 2009 3236 non
2058 3168 2227 3234 enim

147 3269 284 3333 iam
322 3268 716 3352 quaerimuS,
764 3269 916 3354 quid
961 3269 1044 3335 sit
1076 3268 1327 3347 Attice,
1383 3267 1499 3334 sed
1544 3267 1697 3352 quid
1738 3265 1827 3330 sit
1860 3263 2095 3351 optime
2132 3263 2229 3326 di-

144 3383 325 3426 cere.
432 3383 515 3425 ex
568 3385 693 3446 quo
745 3361 1162 3450 intellegitur,
1217 3363 1519 3448 qnoniam
1573 3360 1965 3428 Graecorum
2017 3367 2225 3423 orato-
2252 3381 2305 3422 ιε

145 3477 304 3521 rum
335 3455 864 3542 praestantissimi
900 3457 1027 3522 sint
1077 3457 1166 3534 ei,
1221 3457 1330 3541 qui
1361 3457 1619 3522 fuerunt
1652 3453 1957 3532 Athenis,
2011 3471 2229 3518 eorum

145 3560 378 3616 autem
419 3550 716 3638 princeps
761 3533 948 3616 facile
994 3550 1502 3629 Demosthenes,
1554 3549 1727 3615 hunc
1772 3548 1827 3614 si
1873 3547 1981 3633 qui
2022 3546 2229 3611 imite-

145 3657 294 3724 tur,
361 3665 530 3710 eum·
561 3656 629 3711 et
675 3645 894 3711 Attice
956 3644 1272 3710 dictumm
1323 3656 1389 3711 et
1442 3644 1677 3732 optime
1688 3688 1707 3724 ,
1768 3653 1868 3721 ut,
1932 3640 2233 3726 quoniam

153 3739 369 3808 Attici
401 3739 587 3807 nobis
623 3740 934 3828 propositi
973 3749 1122 3806 sunt
1155 3740 1238 3805 ad
1269 3739 1675 3818 imitandum,
1719 3739 1884 3848 bene
1921 3735 2129 3800 dicere
2163 3733 2231 3798 id

143 3835 246 3900 sit
280 3834 502 3901 Attice
538 3833 769 3901 dicere.

285 3925 427 3994 Sed
459 3951 604 3994 cum
639 3929 708 3996 in
741 3953 820 3996 eo
853 3951 1128 4017 magnus
1165 3951 1339 3996 error
1373 3937 1566 4008 esset,
1604 3925 1791 4012 quale
1826 3931 1999 3992 esset
2031 3920 2100 3986 id
2135 3920 2229 3985 di—
2263 3933 2303 3988 5

141 4021 350 4088 cendi
395 4045 630 4109 genus,
691 4023 914 4112 putavi
956 4023 1112 4143 mihi
1157 4023 1631 4112 suscipiendum
1682 4022 1966 4112 laborem
2008 4015 2229 4083 utilem

1780 4124 1881 4174 22·
