2784 4575
506 276 631 342 196
1110 289 1187 344 Μ.
1224 290 1497 348 TULLII
1533 287 1931 379 clengzoms

501 412 667 477 ‘fore
705 412 928 478 dicis?
981 413 1186 496 inquit
1221 418 1373 498 ‘ego
1411 435 1562 478 vero
1607 434 1752 477 esse
1785 412 1915 477 iam
1947 412 2156 478 iudico
2189 422 2254 479 et
2285 422 2412 478 tum
2442 411 2523 477 iu-

500 505 736 584 dicavi,
782 527 929 571 cum
962 529 1066 571 me
1103 507 1364 572 consule
1400 505 1469 571 in
1504 517 1731 571 senatu
1765 528 2024 572 causam
2058 505 2339 572 defendit
2367 506 2524 573 Afn'-

499 621 612 666 eae
646 623 972 688 nuperque
1007 600 1199 667 etiam
1232 601 1460 688 magis,
1499 623 1645 666 eum
1669 624 1786 688 pro
1810 601 2152 686 Bithyniae
2184 624 2332 688 rege
2366 601 2521 666 dixit.

499 715 687 777 quam
724 695 807 760 ob
841 718 980 761 rem
1011 707 1185 761 recte
1220 694 1517 775 confidis,
1558 693 1788 761 Catule
1796 719 1817 773 ς
1861 694 2020 759 nihil
2052 695 2223 761 enim
2253 695 2358 761 isti
2389 695 2524 760 adu-

502 788 762 853 lffioenti
803 811 1010 873 neque
1048 812 1087 854 a
1120 799 1349 855 natura
1389 811 1598 873 neque
1645 811 1684 853 a
1720 789 2010 855 doctrina
2051 789 2274 855 deesse
2315 789 2522 855 sentio:

504 905 624 965 quo
664 883 865 969 magis
902 894 1003 948 est
1036 883 1179 962 tibi,
1218 880 1442 962 Cotta,
1478 894 1544 949 et
1577 882 1710 961 tibi,
1750 880 2014 970 Sulpici,
2053 882 2430 971 vigilandum
2460 902 2524 947 ao

504 976 944 1054 latam-andum3
978 1000 1110 1042 non
1137 976 1307 1041 enim
1333 977 1443 1042 ille
1477 974 1812 1043 mediocris
1840 989 2052 1043 orator
2087 988 2332 1043 vestrae
2365 976 2523 1061 quasi

504 1070 843 1135 simo-rescit
876 1071 1095 1149 aetati,
1133 1071 1249 1136 sed
1278 1081 1344 1136 et
1370 1070 1628 1157 ingenio
1654 1070 1900 1158 peracri
1935 1082 1999 1137 et
2025 1070 2234 1137 studio
2258 1068 2518 1157 flagranti

500 1181 556 1225 *ft
600 1164 881 1229 doctrina
924 1164 1157 1229 eximia
1199 1177 1264 1230 et
1297 1164 1605 1230 memoria
1641 1164 1978 1250 singulari3
2030 1164 2136 1230 cui
2169 1186 2519 1249 quamquam

503 1261 711 1334 faveo,
768 1268 980 1322 tamen
1030 1258 1212 1323 illum
1264 1258 1461 1323 aetati
1514 1280 1669 1323 suae
1720 1268 2046 1343 praestare
2100 1258 2311 1346 cupio,
2361 1256 2516 1323 vobis

500 1373 648 1413 τετε]
681 1350 859 1415 illum
892 1361 1067 1417 tanto
1111 1353 1420 1418 minorem
1461 1374 1867 1439 praecurrere
1903 1353 2012 1419 vix
2053 1352 2384 1420 honestum
2415 1362 2514 1417 est.

507 1445 616 1505 f-'ffll
656 1443 779 1509 iam
814 1447 1178 1532 surgamus'
1230 1447 1437 1532 inquit
1473 1453 1745 1531 ‘nosque
1781 1469 2072 1513 curemus
2111 1460 2176 1514 et
2210 1445 2516 1532 aliquando

504 1541 584 1601 nh
620 1537 737 1602 hac
772 1539 1170 1607 contentione
1208 1541 1654 1629 disputationis
1691 1539 1935 1607 animos
1971 1553 2227 1609 nostros
2265 1561 2510 1624 curaque

496 1633 821 1698 ,laxemusss
