2784 4575
444 275 568 340 132
1051 284 1132 341 ιι.
1173 283 1446 341 TULLn
1482 255 1882 338 emenonis

437 409 698 487 misera,
754 408 811 474 si
843 406 1120 494 ingrata,
1173 406 1231 472 si
1262 405 1552 492 indigna,
1608 405 1665 471 si
1698 426 1891 483 nova,
1946 404 1999 468 si
2036 425 2197 487 quae
2248 403 2498 469 restitui

439 504 776 591 sanarique
826 524 957 567 non
1005 501 1212 588 possit
1217 526 1238 580 3
1299 523 1383 567 ex
1434 501 1526 566 eis
1589 511 1828 577 autem,
1891 499 2061 586 apud
2121 520 2283 583 quos
2344 521 2497 587 age-

439 607 569 675 tur,
623 607 696 661 ιιι
728 595 1074 662 benevolos
1110 595 1399 678 beneque
1435 594 1853 660 existimantis
1888 594 2267 674 efficiamus,
2320 595 2498 680 quod

439 692 688 776 agendo
741 689 1014 755 efficitur
1064 687 1290 754 melius
1343 711 1533 772 quam
1584 689 1889 776 rogando.
1978 699 2077 754 est
2115 689 2185 755 id
2239 688 2499 774 quidem

437 784 506 848 in
540 794 738 850 totam
783 783 1132 848 orationem
1186 782 1702 848 confundendum
1733 804 1855 847 nec
1894 781 2153 850 minime
2184 781 2254 847 in
2286 793 2500 848 exn-e-

435 899 636 953 mam3
675 876 792 940 sed
826 886 1040 941 tamen
1061 875 1265 939 multa
1311 875 1623 961 principia
1656 897 1739 942 ex
1772 898 1848 940 eo
1880 897 2113 960 genere
2148 874 2497 962 gignuntur

323 995 404 1036 323
436 1007 527 1018 —
557 993 708 1035 nam
741 979 806 1034 et
841 979 1148 1035 attentum
1183 980 1445 1034 monent
1470 968 1702 1034 Graeci
1734 981 1809 1034 ut
1843 971 2151 1057 principio
2185 971 2495 1036 faciamus

435 1064 709 1129 iudicem
753 1074 818 1128 et
861 1061 1157 1142 docilem3
1213 1085 1376 1147 quae
1424 1073 1573 1128 sunt
1621 1063 1829 1141 utilia,
1883 1065 2001 1130 sed
2032 1088 2163 1130 non
2202 1064 2499 1152 principii

414 1158 645 1244 ⁴magis
680 1157 938 1264 propria
972 1179 1164 1240 quam
1204 1156 1591 1241 reliquarum
1631 1157 1933 1243 partium3
1987 1158 2271 1224 faciliora
2303 1159 2498 1224 etiam

436 1251 505 1315 in
537 1250 880 1336 principiis,
918 1251 1091 1334 quod
1123 1261 1187 1316 et
1222 1250 1446 1314 attenti
1485 1260 1622 1314 tum
1656 1251 1929 1316 maxime
1966 1263 2141 1330 sunt,
2178 1273 2325 1316 cum
2359 1275 2499 1317 om-

435 1344 544 1408 nia
593 1354 993 1429 exspectant,
1048 1355 1114 1409 et
1156 1342 1391 1410 dociles
1446 1343 1653 1430 magis
1704 1341 1953 1432 [initiis]
2002 1367 2145 1410 esse
2194 1356 2493 1432 possunt3

435 1436 799 1501 inlustriora
843 1436 1012 1501 enim
1057 1447 1233 1515 sunt,
1288 1459 1449 1522 quae
1491 1437 1559 1501 in
1608 1436 1931 1524 principiis
1986 1460 2177 1521 quam
2221 1459 2385 1522 quae
2428 1438 2499 1503 in

323 1557 402 1596 324
437 1530 662 1595 mediis
699 1530 908 1595 causis
941 1530 1232 1595 dicuntur
1260 1542 1369 1596 aut
1404 1531 1727 1618 arguendo
1759 1543 1869 1596 aut
1892 1531 2239 1597 refellendo
2254 1555 2497 1598 —ma-

435 1624 676 1690 ximam
726 1634 938 1690 autem
983 1624 1234 1712 copiam
1281 1625 1737 1712 principiorum
1790 1625 1872 1691 ad
1915 1624 2189 1690 iudicem
2230 1637 2341 1689 aut
2382 1627 2497 1690 ad-

433 1717 778 1783 liciendum
830 1730 942 1783 aut
973 1718 1362 1784 incitandum
1398 1742 1480 1784 ex
1524 1719 1619 1784 eis
1651 1718 1811 1784 locis
1859 1719 2210 1797 trahemus,
2265 1719 2375 1803 qui
2410 1721 2497 1784 ad

433 1823 645 1876 motus
709 1811 1062 1878 animorum
1122 1812 1548 1878 conficiendos
1613 1811 1866 1878 inerunt
1916 1811 1986 1878 in
2035 1833 2258 1891 causa,
2329 1834 2493 1897 quos

435 1915 649 1970 tamen
713 1916 880 1972 totos
945 1905 1250 1991 explicari
1296 1905 1366 1970 in
1414 1906 1723 2014 principio
1782 1929 1913 1972 non
1972 1907 2312 2017 oportebit,
2374 1907 2494 1972 sed

437 2009 684 2064 tantum
734 1999 976 2084 impelli
1027 1998 1301 2064 iudicem
1349 2001 1576 2086 primo
1605 2000 1857 2080 leviter,
1908 2013 1981 2065 ut
2021 2002 2150 2066 iam
2190 1999 2489 2067 inclinato

321 2090 403 2200 3822
434 2093 680 2176 reliqua
718 2093 1043 2157 incumbat
1085 2094 1306 2158 oratio.
1393 2116 1707 2160 conexum
1752 2107 1963 2160 autem
2004 2096 2094 2162 ita
2138 2095 2220 2161 sit
2256 2093 2492 2182 priuci-

430 2185 610 2270 pium
635 2185 1046 2269 consequenti
1071 2186 1358 2266 orationi,
1377 2197 1451 2252 ιιι
1474 2211 1604 2254 ιιοιι
1632 2200 1954 2274 tamquam
1978 2187 2317 2255 citharoedi
2335 2210 2489 2276 pro-

433 2278 711 2345 oemium
755 2279 1054 2345 adfictum
1089 2280 1372 2366 aliquod,
1430 2281 1547 2347 sed
1579 2283 1925 2351 cohaerens
1960 2307 2106 2350 cum
2144 2282 2315 2350 omni
2348 2306 2493 2349 cor-

429 2396 585 2459 pore
621 2376 972 2441 membrum
1007 2398 1153 2442 esse
1186 2376 1477 2441 videatur
1492 2412 1581 2425 -·—-
1595 2402 1745 2444 nam
1777 2402 1907 2445 non
1940 2379 2115 2457 nulli,
2154 2400 2299 2443 cum
2332 2378 2491 2443 illud

430 2467 716 2533 meditati
761 2468 1119 2548 ediderunt,
1173 2469 1266 2535 sic
1310 2471 1392 2537 ad
1434 2472 1679 2555 reliqua
1712 2482 2068 2551 transeunt,
2122 2484 2195 2537 ut
2230 2471 2489 2536 audien·-

430 2562 586 2641 tiam
635 2562 772 2629 fieri
825 2564 947 2629 sibi
998 2563 1168 2629 nolle
1222 2564 1555 2630 videantur
1604 2601 1693 2614 -—-
1749 2577 1937 2652 atque
1982 2566 2119 2631 eius
2165 2566 2339 2631 modi
2378 2564 2493 2629 illa

429 2656 712 2741 prolusio
749 2657 940 2722 debet
966 2680 1130 2737 esse,
1171 2681 1302 2723 non
1325 2669 1400 2723 ut
1426 2656 1825 2738 Samnitium,
1862 2660 1972 2744 qui
1996 2660 2247 2725 vibrant
2270 2659 2488 2724 hastas

431 2762 576 2816 ante
618 2774 928 2838 pugnam,
984 2754 1212 2837 quibus
1247 2752 1314 2817 in
1348 2754 1701 2840 pugnando
1736 2753 1893 2819 nihil
1926 2765 2215 2832 utuntur,
2272 2752 2385 2819 sed
2418 2764 2493 2817 ut

428 2843 584 2928 ipsis
633 2846 990 2923 sententiis,
1043 2847 1269 2931 quibus
1301 2847 1715 2933 proluserint,
1761 2848 1863 2913 vel
1897 2870 2183 2934 pugnare
2217 2848 2489 2934 possint.

317 2967 396 3006 326
549 2936 822 3004 Narrare
875 2960 1025 3005 vero
1087 2962 1224 3005 rem
1283 2942 1457 3024 quod
1515 2942 1791 3007 breviter
1848 2942 2097 3021 iubent,
2162 2943 2219 3007 si
2278 2942 2490 3009 brevi-

427 3042 526 3097 tas
563 3034 944 3118 appellanda
992 3044 1118 3112 est,
1173 3055 1318 3098 cum
1353 3036 1620 3101 verbum
1664 3036 1910 3100 nullum
1943 3038 2284 3116 redundat,
2340 3040 2489 3103 bre-

425 3126 525 3189 vis
561 3138 661 3190 est
693 3126 777 3191 L.
817 3125 1040 3193 Crassi
1073 3128 1272 3193 oratio
1282 3153 1303 3206 3
1360 3129 1460 3194 sin
1497 3140 1632 3193 tum
1666 3140 1766 3195 est
1806 3129 2112 3210 brevitas,
2168 3154 2314 3197 cum
2346 3142 2489 3196 tan-

426 3230 562 3282 tum
587 3220 922 3286 verborum
949 3230 1067 3299 est,
1097 3231 1403 3305 quantum
1424 3244 1687 3288 necesse
1716 3234 1833 3301 est,
1868 3224 2203 3308 aliquando
2230 3224 2299 3289 id
2321 3247 2485 3310 opus

426 3323 552 3391 est3
591 3314 708 3379 sed
743 3336 934 3400 saepe
970 3314 1155 3381 obest
1187 3314 1290 3380 vel
1324 3316 1601 3381 maxime
1639 3317 1707 3381 in
1744 3318 2077 3396 narrando,
2112 3340 2243 3384 non
2278 3319 2488 3383 solum

426 3407 596 3489 quod
631 3408 1081 3475 obscuritatem
1115 3408 1348 3487 adfert,
1404 3411 1521 3475 sed
1556 3410 1746 3475 etiam
1781 3410 1955 3496 quod
1988 3434 2128 3477 eam
2164 3411 2481 3490 virtutem,

425 3522 586 3582 quae
620 3500 995 3567 narrationis
1025 3514 1124 3567 est
1155 3502 1453 3581 maxima,
1487 3514 1562 3568 ut
1585 3504 1861 3570 iucunda
1886 3516 1952 3571 et
1985 3507 2068 3571 ad
2094 3506 2485 3591 persuaden-

425 3592 578 3657 dum
613 3595 915 3661 adcurata
949 3595 1057 3675 sit,
1096 3596 1279 3664 tollit.
1367 3596 1625 3664 videant
1655 3598 1831 3663 illam

595 3712 746 3755 nam
777 3690 834 3757 is
870 3702 1209 3777 postquam
1241 3694 1519 3759 excessit
1552 3716 1633 3758 ex
1668 3694 1929 3779 ephebis
1967 3743 1985 3760 .
2006 3743 2023 3759 .
2045 3742 2061 3760 .
2084 3742 2101 3761 .

310 3807 387 3847 327
425 3806 617 3867 quam
665 3784 862 3871 longa
913 3797 1014 3851 est
1063 3786 1368 3851 narratiol
1423 3809 1631 3851 mores
1687 3788 2109 3853 adulescentis
2160 3788 2361 3876 ipsius
2416 3798 2481 3854 et

427 3876 673 3943 servilis
717 3878 1138 3963 percontatio,
1191 3903 1362 3945 mors
1403 3877 1765 3965 Chrysidis,
1824 3882 2032 3948 voltus
2068 3893 2134 3947 et
2176 3883 2382 3949 forma
2414 3893 2481 3945 et

422 3968 786 4035 lamentatio
823 3972 1076 4049 sororis,
1112 3972 1356 4055 reliqua
1377 3974 1665 4058 pervarie
1691 3974 2087 4059 iucundeque
2122 3984 2477 4063 narrantur.

419 4059 653 4141 quodsi
687 4062 851 4126 hanc
883 4066 1259 4131 brevitatem
1295 4066 1679 4149 quaesisset:
