2784 4575
499 209 587 278 80
995 217 1415 276 CORNIFICII
1449 214 2075 276 RHETORIGORUM

497 346 738 413 formae
791 342 1068 430 dignitas
1126 339 1521 408 deflorescit!
1622 341 1704 405 ad
1754 340 2169 406 festivitatem
2223 338 2566 408 disiunctio

499 453 598 508 est
649 441 966 527 adposita,
1022 461 1150 522 qua
1195 459 1266 502 re
1317 436 1523 501 rarius
1575 445 1854 513 utemur,
1908 457 1991 499 110
2038 432 2395 499 satietatem
2446 457 2567 520 pa—

495 537 644 614 riat3
709 536 793 600 ad
852 534 1232 600 brevitatem
1293 528 1679 606 0011111ῃο110,
1744 550 1873 612 qua
1928 550 2001 593 re
2064 527 2319 614 saepius
2380 527 2568 592 adhi-

497 629 706 695 benda
755 638 873 693 est.
985 625 1134 713 [hae
1187 636 1316 691 tres
1371 624 1815 690 exornationes
1870 623 1949 687 de
2004 621 2275 708 simplici
2325 645 2567 708 genere

395 833 463 890 28
495 720 1116 926 mmgsdssduplicatio
1145 825 1244 878 est
1271 834 1417 877 cum
1450 812 1693 878 ratione
1724 808 2226 898 amplificationis
2252 821 2363 876 aut
2388 831 2567 876 com-

495 911 918 978 miserationis
950 909 1237 974 eiusdem
1263 908 1451 972 unius
1480 918 1590 971 aut
1615 906 1893 994 plurium
1927 906 2267 971 verborum
2290 905 2564 984 iteratio,

497 1006 620 1072 hoc
661 1005 884 1070 modo:
937 1002 1274 1066 ‘tumultus
1319 999 1624 1078 Gracchi,
1682 999 1958 1066 Gracchi
1993 999 2299 1064 tumultus
2344 999 2567 1065 dome·
2743 964 2761 1065 11

499 1099 692 1164 811008
745 1108 810 1162 01
860 1096 1194 1162 intestinos
1249 1094 1681 1182 comparant?
1748 1094 1930 1158 item:
1994 1100 2379 1158 ‘commotus
2430 1115 2573 1159 non

497 1215 598 1269 es,
655 1213 800 1256 cum
831 1190 950 1255 tibi
981 1190 1181 1277 pedes
1217 1201 1421 1255 mater
1464 1188 1956 1276 amplexaretur,
2010 1211 2140 1253 non
2176 1211 2245 1254 es
2284 1208 2567 1254 commo-

497 1285 666 1350 tus?'
727 1285 909 1350 item:
973 1291 1172 1348 ‘nunc
1233 1284 1433 1349 audes
1494 1282 1686 1347 etiam
1736 1282 1953 1347 venire
2002 1281 2071 1345 in
2131 1281 2359 1346 horum
2410 1302 2566 1346 con-

500 1389 813 1466 spectum,
879 1378 1164 1465 proditor
1223 1376 1495 1465 patriae,
1565 1375 1877 1463 proditor,
1937 1376 2227 1458 inquam,
2294 1374 2562 1460 patriae,

498 1473 714 1538 venire
751 1473 947 1537 audes
982 1472 1051 1537 in
1086 1471 1316 1538 horum
1351 1470 1825 1559 conspectum?
1870 1469 2280 1535 vehementer
2314 1469 2566 1534 audito-

495 1590 633 1632 rem
697 1578 1056 1634 commovet
1115 1567 1403 1632 eiusdem
1460 1565 1913 1652 redintegratio
1975 1563 2153 1628 verbi
2214 1573 2281 1628 et
2332 1563 2563 1632 volnus

494 1662 700 1726 maius
755 1661 950 1726 efficit
998 1661 1065 1725 in
1119 1660 1429 1726 contrario
1486 1680 1745 1736 causae,
1808 1657 1991 1741 quasi
2056 1656 2313 1740 aliquod
2362 1659 2563 1724 telum

497 1755 752 1843 saepius
786 1753 1116 1841 perveniat
1150 1754 1216 1818 in
1251 1753 1521 1818 eandem
1554 1763 1801 1838 partem
1836 1750 2137 1837 corporis.

613 1848 1062 1934 Interpretatio
1107 1858 1234 1923 est,
1291 1867 1455 1928 quae
1497 1868 1627 1911 non
1670 1845 1905 1910 iterans
1949 1846 2121 1910 idem
2171 1845 2561 1930 redintegrat

495 1943 790 2017 verbum,
827 1941 944 2004 sed
975 1940 1044 2003 id
1080 1949 1452 2016 commutat,
1502 1939 1671 2022 quod
1702 1939 1984 2024 positum
2018 1951 2143 2017 est,
2183 1938 2307 2004 alio
2341 1939 2558 2016 verb0,

497 2035 671 2116 quod
718 2032 890 2097 idem
942 2032 1139 2109 valet,
1204 2031 1326 2096 hoc
1375 2033 1599 2098 modo:
1664 2039 1825 2097 ‘rem
1878 2033 2198 2119 publicam
2256 2031 2557 2097 radicitus

497 2125 799 2203 evertisti,
837 2126 1158 2191 civitatem
1193 2125 1478 2190 funditus
1516 2126 1840 2192 deiecisti?
1920 2126 2102 2191 item:
2142 2132 2414 2212 ‘patrem
2447 2148 2561 2190 ne-

495 2218 656 2282 farie
699 2219 1076 2299 verberasti,
1128 2219 1378 2307 parenti
1424 2241 1653 2284 manus
1706 2220 2011 2286 scelerate
2055 2219 2359 2284 attulisti!
2446 2243 2560 2284 ne-

497 2336 678 2379 cesse
713 2325 812 2379 est
847 2315 1011 2392 eius,
1063 2316 1170 2399 qui
1207 2314 1411 2393 audit,
1459 2315 1741 2380 animum
1775 2316 2185 2393 commoveri,
2234 2338 2377 2381 cum
2412 2313 2561 2401 gra-'-

495 2408 661 2486 vitas
693 2409 921 2496 prioris
959 2408 1110 2473 dicti
1144 2419 1485 2474 renovatur
1517 2410 2033 2496 interpretatione
2069 2411 2428 2476 verborum.

401 2529 452 2571 89
619 2500 1050 2569 Commutatio
1088 2514 1213 2580 est,
1252 2524 1413 2567 cum·
1434 2504 1597 2568 duae
1635 2504 1983 2569 sententiae
2017 2504 2181 2601 inter
2216 2526 2286 2569 se
2323 2504 2562 2568 discre-

494 2607 720 2685 pantes
748 2620 828 2662 ex
857 2596 1304 2662 transiectione
1329 2596 1421 2661 ita
1448 2598 1813 2675 efferuntur,
1848 2608 1923 2664 ut
1946 2622 1987 2663 a
2011 2594 2220 2685 priore
2246 2597 2559 2685 posterior

497 2692 810 2757 contraria
858 2690 1054 2779 priori
1103 2691 1569 2778 proficiscatur,
1624 2692 1747 2757 hoc
1790 2693 2007 2759 modo.
2065 2699 2237 2758 ‘esse
2288 2703 2557 2779 oportet,

493 2796 565 2851 ut
605 2788 816 2865 vivas,
870 2810 1000 2853 non
1051 2786 1296 2864 vivere,
1349 2797 1426 2851 ut
1476 2786 1672 2851 edas?
1758 2787 1941 2853 item:
1994 2794 2103 2853 ‘ea
2150 2810 2220 2853 re
2262 2798 2561 2875 poemata

493 2902 624 2945 non
676 2880 870 2957 facio,
927 2880 1102 2963 quia,
1161 2880 1340 2946 cuius
1391 2879 1567 2945 modi
1618 2880 1791 2958 volo,
1846 2904 1977 2947 non
2026 2904 2321 2968 possum,
2376 2882 2557 2946 0111118

493 2974 668 3039 modi
699 2997 993 3060 possum,
1047 2975 1236 3041 nolo?
1323 2976 1507 3041 item:
1562 2981 1754 3058 ‘quae
1791 2976 1869 3040 de
1912 2976 2023 3043 illo
2059 2976 2379 3055 dicuntur,
2433 2975 2558 3040 (1101

493 3091 624 3134 11011
675 3079 947 3155 possunt
954 3095 974 3147 3
1029 3091 1192 3152 quae
1246 3071 1371 3136 (1101
1420 3082 1719 3158 possunt,
1772 3092 1903 3137 non
1956 3071 2287 3139 dicuntur?
2374 3072 2553 3137 item:

496 3156 754 3249 ‘poema
803 3162 1069 3247 loquens
1122 3164 1397 3250 pictura,
1458 3164 1707 3251 pictura
1768 3165 2028 3230 tacitum
2085 3189 2316 3253 poema
2366 3166 2558 3230 debet

496 3256 678 3322 esse?
767 3257 948 3323 item:
987 3258 1075 3323 ‘si
1113 3259 1342 3324 stultus
1367 3280 1449 3323 'es
1486 3270 1552 3324 et
1586 3280 1663 3324 ea
1694 3282 1764 3324 re
1800 3270 1993 3338 taces,
2034 3262 2205 3347 sapis
2216 3286 2234 3340 3
2290 3258 2347 3325 si
2382 3259 2553 3346 sapis

496 3360 560 3414 et
587 3359 801 3416 tamen
828 3361 1021 3430 taces,
1059 3352 1289 3418 stultus
1319 3352 1431 3417 es.’
1500 3374 1631 3417 non
1653 3362 1866 3439 potest
1892 3353 2017 3417 diei
2044 3354 2197 3437 quin
2225 3352 2555 3419 commode

493 3444 632 3523 fiat,
695 3468 842 3510 011111
894 3446 1243 3511 contrariae
1299 3445 1649 3511 sententiae
1698 3446 2003 3512 relatione
2056 3449 2253 3514 verba
2304 3470 2555 3531 quoque

467 3550 964 3605 convertuntur.
1061 3538 1247 3625 plura
1300 3537 1683 3603 subiecimus
1730 3542 2048 3627 exempla,
2102 3552 2201 3618 111,
2256 3540 2554 3623 quoniam

496 3632 750 3699 difficile
803 3644 903 3699 est
954 3634 1076 3698 hoc
1129 3654 1332 3719 genus
1387 3631 1813 3700 exornationis
1864 3634 2153 3712 inventu,
2208 3632 2553 3699 dilucidum

494 3737 693 3805 esset,
728 3738 828 3804 ut,
867 3748 1014 3793 cum
1047 3726 1210 3791 bene
1247 3735 1421 3791 esset
1450 3726 1862 3807 intellectum,
1897 3728 2145 3794 facilius
2178 3728 2247 3791 in
2283 3726 2553 3794 dicendo

493 3818 898 3886 inveniretur.
1173 3886 1177 3893 „

389 3924 460 3979 29
612 3912 960 3980 Permissio
1003 3922 1130 3991 est,
1187 3932 1332 3976 cum
1375 3913 1769 3980 ostendimus
1812 3916 1883 3981 in
1926 3914 2220 3993 dicende,
2274 3937 2393 3981 nos
2440 3915 2555 3980 ali-

494 4026 685 4090 quam
717 4029 856 4071 rem
888 4017 1088 4073 totam
1129 4006 1378 4073 tradere
1424 4017 1489 4073 et
1532 4010 1878 4076 concedere
1914 4009 2177 4075 alicuius
2221 4008 2552 4087 voluntati,
