2784 4575
871 249 977 304 DE
1015 247 1381 306 ORATORE
1418 250 1523 305 ΙΙΙ.
1558 249 1796 307 33-40.
2233 235 2355 302 151

287 373 412 462 ris]
469 397 540 440 sc
603 370 952 438 calcaribus
1007 372 1074 437 in
1123 373 1418 460 Ephoro,
1484 383 1703 439 contra
1764 382 1977 440 autem
2027 371 2095 437 in
2146 371 2361 440 Theo-

287 491 531 558 pompo
565 465 766 535 frenis
797 466 896 532 uti
932 465 1166 545 solere,
1218 467 1488 532 alterum
1542 467 1711 534 enim
1752 465 2175 534 exsultantem
2217 489 2360 534 ver-

290 565 521 630 borum
559 560 829 629 audacia
859 561 1274 648 reprimebat,
1328 561 1597 628 alterum
1638 571 2041 627 cunctantem
2076 571 2142 628 et
2174 562 2360 646 quasi

293 656 831 728 verecundantem
879 655 1213 734 incitabat,
1267 679 1474 740 neque
1511 679 1623 724 eos
1678 657 1899 724 similis
1936 657 2153 724 effecit
2195 659 2360 725 inter

289 773 436 830 se,
455 750 570 818 sed
602 760 852 816 tantum
905 749 1086 816 alteri
1139 749 1434 828 adfinxit,
1490 751 1571 818 (10
1624 751 1821 818 altero
1856 751 2127 830 limavit,
2177 763 2251 816 ut
2290 751 2359 817 id

286 843 773 911 conformaret'
752 868 822 910 m
853 855 1150 928 utroque,
1189 845 1361 928 quod
1391 844 1721 928 utriusque
1754 855 1983 910 natura
2014 856 2354 932 pateretur.

287 939 454 1004 haec
486 960 565 1004 eo
598 937 756 1004 1111111
787 937 1213 1024 praedicenda
1239 938 1512 1017 fuerunt,
1550 949 1639 1016 ut,
1679 939 1734 1004 si
1768 961 1897 1004 non
1924 939 2156 1017 omnia,
2194 961 2355 1025 quae
2392 947 2462 1004 10

285 1042 727 1118 proponentur
771 1055 812 1096 a
853 1054 986 1110 me,
1043 1031 1126 1096 ad
1180 1031 1463 1097 omnium
1514 1042 1798 1098 vestrum
1853 1032 2131 1098 studium
2176 1043 2240 1100 et
2272 1035 2358 1098 ad
2399 1019 2451 1062 ⁸⁷

289 1148 500 1212 genus
535 1125 622 1204 id,
660 1126 831 1211 quod
867 1125 1132 1211 quisque
1167 1135 1452 1192 vestrum
1484 1125 1552 1190 in
1588 1125 1856 1192 dicendo
1889 1124 2207 1240 probaret,
2238 1127 2357 1191 ad-

290 1221 756 1298 haerescerent,
791 1219 860 1284 id
895 1243 936 1284 a
967 1242 1073 1285 me
1107 1241 1312 1307 genus
1348 1219 1617 1307 exprimi
1644 1221 1979 1300 sentiretis,
2016 1221 2189 1306 quod
2220 1245 2381 1296 mar

287 1313 462 1378 xime
496 1313 653 1378 mihi
686 1313 813 1399 ipsi
844 1312 1238 1399 probaretur.

413 1409 594 1494 Ergo
629 1407 790 1474 haec
822 1417 888 1474 et
921 1408 1173 1494 agenda
1229 1419 1376 1474 sunt
1422 1409 1504 1473 ab
1539 1419 1815 1487 oratore,
1870 1431 2033 1494 quae
2076 1410 2354 1498 explica-

289 1507 386 1571 vit
418 1503 772 1582 Antonius,
825 1513 890 1569 et
925 1503 1194 1569 dicenda
1247 1503 1524 1588 quodam
1571 1503 1781 1570 modo.
1870 1507 2127 1588 quinam
2159 1505 2353 1592 igitur

287 1598 544 1671 ‘dicendi
579 1607 678 1663 est
711 1597 939 1662 modus
991 1597 1245 1676 melior,
1297 1619 1450 1664 nam
1484 1598 1563 1663 de
1618 1597 1863 1665 actione
1915 1608 2064 1685 post
2112 1599 2351 1676 videro,

285 1717 484 1778 quam
515 1702 590 1757 ut
619 1690 884 1770 Latine,
937 1702 1012 1756 ut
1059 1691 1279 1778 plane,
1329 1701 1407 1757 ut
1454 1703 1703 1770 ornate,
1754 1703 1827 1757 ut
1878 1693 1961 1757 ad
2001 1692 2097 1771 id,
2152 1692 2353 1775 quod-

285 1809 564 1873 cumque
599 1796 850 1874 agetur,
889 1796 1036 1873 apte
1073 1796 1617 1872 congruenterque
1654 1787 1977 1852 dicamus?
2020 1797 2209 1870 atque
2242 1808 2352 1852 eo-
2394 1823 2447 1864 33

285 1905 434 1947 rum
467 1880 744 1966 quidem,
782 1902 946 1964 quae
982 1880 1107 1946 duo
1141 1879 1348 1966 prima
1381 1880 1542 1959 dixi,
1578 1879 1889 1946 rationem
1922 1902 2051 1947 non
2086 1880 2353 1949 arbitror

288 1975 647 2063 exspectari
683 1997 722 2040 a
753 1996 860 2039 me
892 1973 1038 2062 puri
1090 1974 1474 2059 dilucidique
1528 1975 1866 2053 sermonis,
1921 1997 2129 2060 neque
2182 1974 2351 2040 enim

283 2091 594 2136 conamur
629 2068 857 2134 docere
893 2091 1042 2134 eum
1075 2068 1312 2146 dicere,
1367 2069 1475 2152 qui
1508 2067 1683 2152 loqui
1726 2068 1971 2136 nesciat
1980 2093 1999 2147 3
2052 2089 2173 2134 nec
2208 2091 2351 2155 spe-

286 2185 461 2241 rare,
507 2161 618 2246 qui
651 2161 888 2228 Latine
921 2185 1054 2228 non
1083 2161 1317 2248 possit,
1360 2163 1531 2235 hunc
1566 2173 1787 2229 ornate
1821 2185 1965 2228 esse
1999 2161 2347 2240 dicturum3

283 2277 500 2339 neque
534 2277 706 2333 vero,
742 2255 851 2341 qui
884 2278 1012 2323 non
1049 2255 1218 2321 dicat
1251 2256 1423 2342 quod
1454 2256 1919 2343 intellegamus,
1955 2256 2125 2323 hunc
2157 2274 2350 2344 posse

285 2348 470 2434 quod
519 2348 898 2415 admiremur
949 2350 1178 2418 dicere.
1283 2352 1641 2435 linquamus
1692 2349 1888 2437 igitur
1938 2351 2123 2429 haec,
2188 2372 2351 2435 quae

291 2442 722 2531 cognitionem
753 2443 992 2510 habent
1023 2444 1306 2523 facilem,
1357 2465 1549 2509 usum
1580 2444 2040 2523 necessarium,
2076 2466 2225 2507 nam
2261 2443 2353 2508 al-

287 2548 498 2603 terum
533 2536 801 2603 traditur
831 2536 1058 2604 litteris
1114 2537 1524 2621 doctrinaque
1558 2536 1815 2623 puerili,
1871 2538 2137 2602 alterum
2173 2535 2353 2601 adhi-

290 2632 478 2697 betur
511 2631 595 2697 ob
631 2653 773 2697 eam
808 2653 1092 2711 causam,
1125 2643 1198 2697 ut
1231 2631 1634 2717 intellegatur
1669 2630 1823 2713 quid
1858 2630 2127 2713 quisque
2162 2629 2349 2707 dicat,

281 2724 464 2809 quod
499 2725 788 2791 videmus
823 2725 916 2791 ita
947 2748 1092 2792 esse
1144 2724 1603 2801 necessarium,
1654 2733 1748 2788 ut
1750 2733 1976 2789 tamen
2011 2743 2103 2789 eo
2139 2722 2347 2787 minus

283 2819 450 2885 nihil
483 2841 628 2885 esse
661 2818 884 2907 possit.
977 2819 1092 2885 sed
1127 2818 1332 2885 omnis
1375 2817 1679 2902 loquendi
1734 2816 2077 2903 elegantia,
2131 2838 2351 2900 quam·
2392 2850 2445 2896 39

283 2934 485 2996 quam
518 2914 834 3000 expolitur
869 2913 1135 2979 scientia
1167 2913 1545 2991 litterarum,
1583 2922 1797 2977 tamen
1832 2921 2099 2997 augetur
2129 2910 2352 2997 legen-

295 3006 394 3071 dis
429 3007 784 3073 oratoribus
821 3017 885 3071 et
917 3007 1150 3093 poi-itis3
1181 3016 1329 3072 sunt
1363 3006 1534 3087 enim
1558 3005 1651 3071 illi
1677 3015 1945 3084 veteres,
1984 3004 2092 3089 qui
2126 3027 2351 3071 ornare

284 3100 574 3169 nondum
609 3110 903 3187 poterant
937 3123 1041 3179 ea,
1095 3122 1258 3184 quae
1294 3084 1617 3177 dicebant,
1671 3120 1889 3164 omnes
1932 3120 2133 3207 prope
2166 3120 2352 3185 prae-

283 3193 460 3259 clare
512 3192 738 3271 locuti3
791 3214 1061 3277 quorum
1115 3217 1409 3261 sermone
1454 3193 1809 3259 adsuefacti
1851 3192 1960 3276 qui
2003 3203 2219 3271 erunt,
2268 3216 2352 3260 ne
2468 3196 2473 3202 '

281 3286 620 3372 cupientes
657 3286 913 3371 quidem
963 3298 1260 3374 poterunt
1300 3288 1477 3373 loqui
1516 3288 1643 3353 nisi
1676 3286 1930 3352 Latine.
2015 3308 2225 3370 neque
2258 3296 2353 3352 ta-

280 3402 443 3451 ,men
497 3380 618 3447 erit
667 3381 974 3447 utendum
1036 3382 1248 3448 verbis
1303 3382 1427 3461 eis,
1489 3382 1716 3466 quibus
1770 3380 1901 3445 iam
1959 3380 2351 3445 consuetudo

279 3482 514 3539 nostra
569 3496 702 3539 non
769 3474 990 3554 utitur,
1062 3476 1187 3541 nisi
1255 3476 1510 3560 quando
1584 3474 1850 3541 ornandi
1908 3493 2105 3539 causa
2162 3494 2352 3561 parce

274 3564 498 3653 [quod
532 3567 926 3657 ostendam]‚
910 3596 927 3611 ·
981 3570 1098 3637 sed
1129 3570 1378 3635 usitatis
1423 3570 1512 3635 ita
1554 3568 1787 3680 poterit
1818 3568 1937 3646 uti,
1991 3566 2351 3633 lectissimis

287 3674 362 3727 ut
405 3671 649 3741 utatur,
700 3663 790 3742 is,
844 3664 954 3749 qui
1002 3664 1070 3729 in
1121 3664 1442 3730 veteribus
1496 3664 1615 3730 erit
1666 3662 1915 3750 scriptis
1962 3661 2245 3728 studiose
2286 3674 2354 3727 et

283 3755 562 3821 multum
596 3756 940 3824 volutatus.
1029 3769 1246 3842 atque,
1299 3769 1372 3823 ut
1404 3735 1639 3824 Latine
1672 3758 2030 3843 loquamur,
2082 3779 2215 3822 non
2249 3779 2353 3823 so·
2384 3750 2451 3808 11

277 3848 426 3913 lum
459 3849 810 3917 videndum
846 3863 973 3930 est,
1007 3863 1080 3917 ut
1115 3862 1180 3917 et
1213 3854 1411 3919 verba
1446 3852 1783 3919 efferamus
1822 3876 1928 3931 ea,
1965 3874 2128 3937 quae
2161 3825 2422 3918 11011104ι

289 3942 430 4006 11110
479 3945 935 4031 reprehendat,
991 3955 1056 4011 et
1091 3968 1168 4011 ea
1211 3945 1306 4011 sic
1349 3956 1415 4011 et
1448 3945 1701 4012 casibus
1756 3955 1821 4011 01
1864 3945 2251 4034 temporibus
2286 3956 2353 4014 et

279 4056 530 4121 genere
566 4049 632 4105 et
663 4062 929 4106 numero
965 4060 1413 4125 conservemus
1426 4088 1444 4117 ,
1498 4050 1570 4104 ut
1603 4060 1686 4103 ne
1718 4037 1873 4122 quid
1913 4040 2354 4125 perturbatum
