2784 4575
885 257 1198 316 BRUTUS
1234 258 1543 314 178—186.
2108 245 2233 314 237

180 385 365 474 pisse
394 384 630 460 dicere,
684 405 816 448 non
847 381 1156 470 plurimos
1193 402 1384 447 ausos
1421 402 1593 457 esse,
1650 379 1936 467 potuisse
1979 399 2241 466 paucos.

181 501 308 566 ego
341 489 557 544 tamen
587 476 679 542 ita
714 475 794 542 de
835 488 966 542 u‘no
1000 496 1252 559 quoque
1287 473 1525 552 dicam,
1578 485 1652 540 ut
1690 473 1977 560 intellegi
2016 473 2249 559 possit,

182 595 376 658 quem
410 570 767 638 existimem
803 571 1238 647 clamatorem,
1275 590 1466 652 quem
1498 578 1814 636 oratorem
1848 567 2071 633 fuisse.
2156 567 2245 632 is-

182 671 332 734 dem
366 668 500 734 fere
537 665 926 753 temporibus
963 675 1170 731 aetate
1202 657 1532 730 inferiores
1567 663 1759 751 paulo
1796 686 1987 749 quam
2018 662 2244 743 Iulius,

183 763 304 828 sed
345 760 644 845 aequales
687 759 1149 847 propemodum
1198 759 1459 824 fuerunt
1502 755 1581 824 C.
1628 756 1849 838 Cotta,
1902 757 1984 824 P.
2031 754 2247 844 Sulpi-

183 857 352 933 cius,
406 855 492 940 Q.
524 854 793 934 Varius,
840 851 963 921 Cn.
997 853 1425 941 Pomponiae,
1472 849 1553 918 C.
1590 848 1819 930 Curio,
1868 851 1955 919 L.
1998 851 2245 930 Fufius,

181 949 284 1016 M.
317 949 606 1027 Drusus,
655 949 739 1014 P.
771 947 1126 1026 Antistius,
1179 969 1300 1014 nec
1332 947 1467 1012 ulla
1500 957 1705 1012 aetate
1747 947 2003 1013 uberior
2037 957 2248 1013 orato-

184 1065 332 1108 rum
365 1043 534 1108 fetus
587 1041 730 1106 fuit.
825 1063 906 1108 ex
942 1042 1042 1107 his
1080 1040 1275 1108 Cotta
1309 1053 1375 1106 et
1411 1039 1733 1127 Sulpicius
1780 1062 1925 1107 cum
1958 1061 2103 1107 meo
2145 1039 2243 1104 iu·-
2280 1063 2359 1104 183

185 1136 350 1201 dicio
404 1146 541 1201 tum
592 1135 876 1201 omnium
925 1135 1112 1202 facile
1154 1135 1391 1223 primas
1438 1134 1754 1202 tulerunt!
1840 1134 1945 1199 hic
1987 1133 2244 1200 Atticus

185 1236 343 1314 ‘quo
376 1230 568 1296 modo
603 1229 768 1295 istuc
803 1229 960 1295 dicis
971 1229 1010 1308 ‚'
1064 1229 1270 1314 inquit
1303 1234 1479 1294 ‘cum
1520 1239 1631 1294 tuo
1664 1227 1897 1294 iudicio
1939 1239 2076 1292 tum
2110 1250 2247 1294 om·-

183 1324 402 1389 nium?
465 1345 797 1411 semperne
849 1323 917 1388 in
977 1333 1224 1390 oratore
1283 1322 1615 1409 probando
1670 1332 1779 1387 aut
1828 1321 2244 1408 improbando

183 1416 362 1504 volgi
411 1418 715 1483 iudicium
765 1439 911 1482 cum
960 1417 1463 1506 intellegentium
1514 1416 1747 1481 iudicio
1792 1416 2108 1502 congruit,
2163 1437 2246 1480 an

185 1511 293 1576 alii
324 1511 674 1599 probantur
707 1536 746 1576 a
777 1511 1210 1590 multitudine,
1249 1511 1354 1576 alii
1389 1521 1602 1576 autem
1638 1511 1721 1576 ab
1757 1510 1886 1588 eis,
1916 1509 2026 1593 qui
2059 1508 2245 1574 intel-

185 1605 473 1694 legunt?
513 1612 712 1671 ‘recte
745 1605 1063 1693 requiris,'
1116 1607 1377 1691 inquam
1424 1607 1699 1683 ‘Attice;
1756 1605 1873 1671 sed
1907 1603 2125 1669 audies
2162 1625 2244 1667 ex

183 1721 289 1765 me
323 1700 626 1778 fortasse,
682 1702 854 1784 quod
904 1723 1035 1766 non
1069 1723 1289 1767 omnes
1335 1700 1651 1788 probent?
1744 1705 1857 1764 ‘an
1891 1698 1986 1762 tu’
2038 1696 2245 1780 inquit
2279 1721 2357 1761 184

187 1792 284 1857 ‘id
315 1792 597 1871 laboras,
637 1795 691 1858 si
727 1795 876 1859 huic
908 1795 1102 1860 modo
1134 1796 1340 1860 Bruto
1373 1795 1754 1880 probaturus
1791 1792 1926 1858 esP’
1986 1789 2242 1877 ‘plane,’

183 1886 444 1969 inquam
479 1887 752 1965 ‘Attice,
792 1886 1284 1973 disputationem
1317 1887 1484 1953 hanc
1520 1887 1599 1954 de
1634 1897 1883 1952 oratore
1916 1883 2246 1971 probando

185 1991 298 2046 aut
328 1979 746 2068 improbando
781 1984 979 2048 multo
1023 1983 1242 2047 malim
1283 1982 1413 2048 tibi·
1436 1992 1501 2047 et
1529 1983 1736 2046 Bruto
1778 1981 2059 2065 placere,
2114 1978 2257 2050 elo-⁴

185 2074 508 2156 quentiam
561 2086 774 2141 autem
833 2098 1044 2141 meam
1108 2075 1348 2163 populo
1411 2075 1669 2161 probari
1729 2073 1949 2138 velim:
2012 2071 2245 2137 etenim

181 2189 446 2234 necesse
482 2181 600 2248 est,
638 2171 746 2253 qui
778 2169 870 2236 ita
903 2170 1090 2248 dicat,
1125 2181 1198 2235 ut
1232 2193 1272 2235 a
1302 2169 1702 2235 multitudine
1734 2168 2055 2254 probetur,
2093 2187 2247 2231 eun-

187 2261 336 2326 dem
371 2262 572 2327 doctis
607 2263 890 2347 probari3
944 2287 1094 2329 nam
1139 2263 1296 2347 quid
1331 2263 1401 2328 in
1435 2262 1705 2329 dicendo
1736 2272 1982 2327 rectum
2017 2259 2101 2325 sit
2137 2268 2247 2324 aut

188 2377 486 2440 pravum,
541 2377 662 2439 ego
695 2355 1019 2434 iudicabo,
1075 2357 1132 2421 si
1181 2357 1374 2423 modo
1415 2355 1472 2421 is
1511 2378 1680 2433 sum,
1734 2355 1844 2438 qui
1884 2354 1953 2419 id
2003 2352 2246 2440 possim

188 2457 300 2513 aut
351 2448 547 2512 sciam
597 2448 905 2514 iudicare:
959 2450 1162 2532 qualis
1216 2472 1368 2514 vero
1424 2449 1507 2513 sit
1540 2460 1749 2514 orator
1785 2469 1873 2513 ex·
1909 2469 1985 2512 eo
2004 2493 2022 2522 ,
2076 2445 2248 2528 quod

187 2540 244 2605 is
283 2540 550 2605 dicendo
586 2540 846 2618 efficiet,
899 2541 1132 2626 poterit
1179 2540 1485 2625 intellegi.
1574 2540 1697 2604 tria
1730 2550 1879 2605 sunt
1922 2538 2120 2615 enim,
2172 2547 2245 2601 ut
2280 2560 2361 2601 185

189 2632 446 2718 quidem
481 2654 602 2720 ego
641 2632 844 2698 sentio
852 2680 873 2711 ‚
926 2654 1090 2717 quae
1127 2633 1256 2697 sint
1297 2632 1633 2698 efficienda
1676 2631 1972 2698 dicendo:
2024 2640 2099 2695 ut
2133 2629 2246 2695 do·-

191 2736 410 2792 ceatur
441 2726 530 2804 is,
583 2726 754 2813 apud
787 2748 980 2810 quem
1014 2726 1286 2805 dicetur,
1339 2738 1413 2791 ut
1448 2726 1824 2803 delectetur,
1876 2734 1951 2790 ut
1991 2746 2250 2797 movea-

190 2831 295 2885 tur
325 2818 822 2886 vehementiusz·
857 2820 1085 2905 quibus
1113 2818 1459 2885 virtutibus
1495 2818 1761 2886 oratoris
1804 2819 2031 2884 horum
2065 2815 2249 2901 quid-

188 2934 316 2997 que
351 2912 662 2979 efficiatur
697 2924 808 2979 aut
841 2913 1070 2998 quibus
1105 2912 1279 2979 vitiis
1311 2922 1525 2980 orator
1557 2921 1668 2978 aut
1699 2934 1829 2977 non
1864 2912 2249 2995 adsequatur

187 3007 352 3071 haec
403 3017 514 3072 aut
563 3007 754 3073 etiam
803 3007 874 3073 in
914 3008 1016 3073 his
1065 3006 1320 3074 labatur
1363 3017 1431 3074 et
1472 3006 1685 3085 cadat,
1738 3004 1969 3070 artifex
2019 3004 2245 3087 aliquis

187 3101 493 3169 iudicabit
499 3126 520 3180 3
574 3103 884 3168 efficiatur
919 3111 1130 3169 autem
1182 3102 1264 3167 ab
1299 3110 1547 3168 oratore
1588 3120 1818 3178 necne,
1870 3110 1944 3163 ut
1996 3096 2084 3175 ei,
2138 3096 2246 3182 qui

192 3194 482 3283 audiunt,
537 3195 627 3261 ita
671 3196 1072 3275 adficiuntur,
1125 3206 1199 3262 ut
1241 3206 1455 3263 orator
1504 3195 1686 3273 velit,
1739 3192 1916 3281 volgi
1967 3192 2245 3257 adsensu

189 3297 258 3351 et
289 3288 582 3374 populari
611 3290 1066 3377 approbatione
1098 3289 1364 3356 iudicari
1400 3289 1590 3355 solet:
1641 3289 1856 3373 itaque
1898 3306 2247 3371 numquam

191 3380 273 3443 de
306 3379 476 3446 bono
512 3392 759 3449 oratore
795 3394 906 3449 aut
935 3407 1066 3451 non
1098 3384 1267 3450 bono
1305 3382 1507 3450 doctis
1555 3382 1917 3449 hominibus
1952 3402 2098 3445 cum
2129 3377 2249 3465 po-
2464 3454 2466 3456 .

189 3471 344 3561 pulo
378 3472 692 3539 dissensio
726 3474 867 3541 fuit.
955 3499 1038 3541 an
1072 3498 1327 3555 censes,
1365 3475 1518 3542 dum
1550 3476 1645 3541 illi
1677 3476 2045 3564 viguerunt,
2082 3494 2241 3557 quos
2277 3466 2349 3521 5⁰

188 3576 342 3633 ante
377 3566 536 3645 dixi,
589 3590 720 3633 non
755 3570 1014 3634 eosdem
1047 3570 1284 3657 gradus
1328 3581 1650 3637 oratorum
1698 3570 1875 3657 volgi
1914 3568 2146 3641 iudicio
2181 3578 2245 3633 et
2280 3538 2369 3579 ¹⁸⁶

193 3661 523 3728 doctorum
558 3660 797 3727 fuisse?
841 3663 920 3729 de
953 3664 1190 3750 populo
1226 3665 1282 3729 si
1316 3685 1507 3749 quem
1538 3665 1629 3730 ita
1661 3664 2055 3751 rogavissest
2102 3663 2242 3747 quis

193 3764 295 3821 est
325 3754 393 3820 in
427 3755 550 3821 hac
583 3754 838 3823 civitate
871 3756 1467 3842 eloquentissimus?
1499 3756 1567 3824 in
1592 3756 1877 3823 Antonio
1912 3767 1977 3822 et
2003 3754 2243 3822 Crasso

190 3857 306 3913 aut
358 3849 674 3916 dubitaret
723 3860 836 3915 aut
883 3849 1052 3915 hunc
1104 3850 1293 3929 alius,
1345 3851 1525 3917 illum
1576 3851 1737 3917 alius
1791 3850 2045 3917 diceret.
2131 3871 2243 3914 ne-

189 3962 382 4005 mone
429 3940 802 4029 Philippum
852 3952 984 4009 tam
1043 3966 1305 4010 suavem
1367 3955 1707 4022 oratorem,
1769 3954 1901 4009 tam
1959 3964 2245 4030 gravem,
2332 3992 2341 4021 .-

191 4044 328 4104 tam
359 4032 638 4100 facetum
672 4034 772 4102 his
809 4036 1179 4116 anteferret,
1223 4057 1416 4122 quem
1448 4048 1701 4105 nosmet
1740 4037 1896 4125 ipsi,
1940 4036 2049 4121 qui
2082 4033 2245 4100 haec
