2784 4575
414 415 494 456 178

416 1535 492 1577 1⁷9

413 2190 493 2232 180

525 251 654 319 236
870 226 872 228 ’
1141 259 1221 318 Μ.
1257 259 1531 319 'runnu
1566 229 1967 319 monnoms

527 386 662 452 eius
717 384 998 470 aequalis
1031 384 1120 449 P:
1151 381 1511 470 Cethegus,
1564 383 1671 451 cui
1701 383 1781 450 de
1823 406 1893 450 re
1938 382 2193 470 publica
2238 383 2391 448 satis
2430 405 2597 471 sup-

523 480 852 569 peditabat
883 478 1138 556 ⁴orati03
1201 488 1402 544 totam
1464 477 1633 544 enim
1686 479 1943 545 tenebat
2000 501 2145 544 eam
2200 479 2591 566 penitusque

525 583 939 660 cognoverat3
997 572 1212 656 itaque
1261 570 1341 636 in'
1383 583 1609 638 senatu
1648 572 2087 640 consularium
2142 573 2589 638 auctoritatem

523 667 1018 751 adsequebatur,
1079 665 1197 732 sed
1243 665 1314 730 in
1365 667 1579 733 causis
1628 667 1900 753 publicis
1952 667 2138 745 nihil,
2198 668 2269 733 in
2317 667 2587 753 privatis

525 761 682 828 satis
717 771 1030 827 veterator
1065 760 1415 826 videbatur.
1502 773 1643 826 erat
1674 762 1742 825 in
1774 761 2037 847 privatis
2074 760 2283 828 causis
2320 760 2405 843 Q.
2442 762 2589 827 Lu·-

511 855 756 921 cretius
797 854 1073 940 Vispillo
1125 865 1191 920 et
1241 867 1465 924 acutus
1520 865 1587 920 et
1635 855 1790 920 iuris
1842 855 2081 941 peritus
2092 881 2113 934 3
2168 877 2319 921 nam
2364 854 2591 922 Ofella

521 946 924 1014 contionibus
961 947 1166 1034 aptior
1201 970 1392 1032 quam
1435 947 1713 1026 iudiciis3
1765 949 2045 1034 prudens
2098 947 2289 1014 etiam
2324 948 2403 1014 T.
2440 949 2591 1014 An-

523 1041 670 1107 nius
703 1041 940 1110 Velina
973 1051 1040 1106 et
1070 1040 1139 1106 in
1171 1041 1308 1108 eius
1353 1042 1607 1128 generis
1652 1042 1863 1106 causis
1908 1052 2119 1108 orator
2154 1065 2309 1107 sane
2354 1041 2590 1107 tolera}-

523 1134 690 1202 bilis.
760 1134 829 1200 in
863 1135 1088 1202 eodem
1121 1157 1354 1220 genere
1389 1157 1725 1200 causarum
1757 1134 2029 1200 multum
2062 1145 2199 1200 erat
2233 1135 2314 1201 Τ.
2346 1135 2589 1200 Iuven-

526 1227 652 1294 tius
685 1227 874 1294 nimis
907 1227 1014 1294 ille
1047 1228 1308 1313 quidem
1329 1228 1541 1293 lentus
1566 1229 1636 1294 in
1664 1228 1933 1294 dicendo
1968 1239 2035 1294 et
2058 1250 2261 1314 paene
2286 1228 2583 1315 frigidus,

527 1320 644 1387 sed
695 1333 761 1387 et
811 1321 1074 1391 callidus
1139 1331 1205 1388 et
1253 1322 1324 1386 in
1373 1321 1681 1409 capiendo
1744 1323 2108 1388 adversario
2168 1335 2462 1389 versutus
2516 1334 2585 1388 et

525 1427 854 1501 praeterea
894 1436 1015 1480 nec
1063 1415 1357 1481 indoctus
1393 1426 1459 1482 et
1499 1438 1735 1503 magna
1779 1437 1926 1480 cum
1945 1415 2121 1480 ‘iuris
2158 1415 2360 1482 civilis
2394 1415 2586 1482 intel-

523 1508 832 1596 legentia3
887 1508 1066 1573 cuius
1117 1508 1368 1575 auditor
1397 1510 1479 1575 P.
1519 1509 1761 1577 Orbius
1804 1533 1987 1576 meus
2022 1509 2157 1578 fere
2194 1509 2474 1594 aequalis
2506 1510 2583 1574 in

527 1601 794 1668 dicendo
835 1625 968 1669 non
1007 1602 1200 1668 nimis.
1241 1602 1648 1681 exercitatus,
1700 1603 1769 1667 in
1808 1604 1947 1671 iure
1990 1614 2205 1670 autem
2248 1603 2416 1670 civili
2448 1625 2585 1668 non

524 1694 784 1763 inferior
817 1695 1024 1781 quam
1040 1696 1344 1783 magister
1375 1696 1526 1776 fuit,
1578 1719 1731 1762 nam
1764 1697 1843 1762 Τ.
1887 1697 2187 1762 Aufidius
2196 1707 2219 1776 ‚'
2272 1697 2381 1781 qui
2422 1695 2587 1761 vixit

527 1788 612 1854 ad
673 1811 986 1856 summam
1055 1800 1475 1868 senectutem,
1547 1789 1803 1856 volebat
1864 1810 2009 1858 esse
2070 1791 2291 1856 similis
2350 1790 2583 1859 horum

526 1893 786 1968 eratque
837 1895 904 1949 et
960 1884 1168 1950 bonus
1213 1883 1310 1950 vir
1361 1896 1427 1950 et
1468 1884 1801 1962 innocens,
1858 1885 1975 1950 sed
2024 1883 2273 1950 dicebat
2318 1903 2546 1968 parum
2554 1908 2579 1959 3

525 1998 649 2042 nec
701 1999 856 2043 sane
906 1977 1052 2064 plus
1121 1979 1318 2046 frater
1369 1979 1507 2044 eius
1556 1974 1657 2044 M.
1708 1979 2062 2066 Vergilius,
2126 1977 2232 2062 qui
2284 1977 2577 2040 tribunus

523 2068 731 2155 plebis
775 2070 860 2136 L.
897 2069 1118 2137 Sullae
1158 2070 1524 2159 imperatori
1567 2072 1734 2138 diem
1778 2072 1961 2136 dixit:
2014 2069 2149 2134 eius
2195 2068 2461 2154 conlega
2488 2067 2605 2135 P.

525 2164 788 2251 Magius
823 2165 892 2230 in
926 2165 1193 2232 dicendo
1236 2167 1429 2254 paulo
1464 2177 1679 2232 tamen
1720 2164 2047 2253 copiosior.
2136 2163 2254 2228 sed
2292 2161 2583 2228 omnium

525 2269 844 2325 oratorum
896 2259 1031 2325 sive
1083 2261 1476 2341 rabularum,
1532 2261 1639 2346 qui
1683 2272 1749 2327 et
1790 2260 1976 2347 plane
2017 2256 2259 2329 indocti
2298 2267 2365 2323 et
2406 2255 2578 2321 inur-

523 2352 674 2418 bani
707 2365 818 2419 aut
849 2354 1070 2419 rustici
1105 2356 1304 2423 ‘etiam
1349 2357 1633 2434 fuerunt,
1687 2377 1849 2440 quos
1892 2353 2151 2439 quidem
2184 2374 2307 2439 ego
2344 2372 2576 2437 cogno—

399 2467 404 2469 ·
522 2445 749 2524 verim,
812 2447 1270 2515 solutissimum
1319 2450 1386 2515 in
1441 2450 1707 2517 dicendo
1763 2458 1829 2513 et
1880 2448 2319 2513 acutissimum
2365 2444 2575 2509 iudico

369 3178 381 3186 ⁵
418 3189 488 3243 49

411 3262 489 3302 181

525 2540 730 2607 nostri
789 2542 1026 2608 ordinis
1079 2542 1167 2625 Ω.
1223 2542 1603 2623 Sertorium,
1665 2544 1979 2629 equestris
2036 2542 2116 2612 C.
2162 2540 2575 2629 Gargonium.

523 2634 645 2700 fuit
678 2635 870 2701 etiam
896 2637 1101 2704 facilis
1131 2649 1197 2705 et
1223 2638 1557 2726 expeditus
1586 2637 1669 2704 ad
1704 2638 2044 2704 dicendum
2072 2649 2139 2703 et
2170 2638 2337 2703 vitae
2366 2633 2579 2720 splen-

522 2727 677 2794 dore
727 2730 928 2795 multo
976 2742 1046 2797 et
1093 2730 1350 2819 ingenio
1406 2755 1559 2799 sane
1612 2732 1945 2820 probabili
1980 2731 2059 2797 Τ.
2104 2731 2327 2797 Iunius
2370 2728 2452 2793 L.
2496 2726 2576 2793 F.

524 2821 894 2888 tribunicius
907 2870 927 2901 ‚
982 2846 1108 2909 quo
1153 2837 1493 2892 accusante
1533 2826 1613 2891 P.
1654 2822 1933 2901 Sestius,
1984 2835 2241 2909 praetor
2282 2820 2583 2907 designa-

523 2925 655 2991 tus,
719 2914 1053 2983 damnatus
1107 2927 1208 2983 est
1267 2919 1569 2984 ambitus·
1553 2967 1569 2984 .
1630 2917 1688 2983 is
1749 2916 2171 3003 processisset
2229 2915 2579 2979 honoribus

521 3006 806 3094 longius,
861 3010 988 3077 nisi
1027 3034 1280 3099 semper
1319 3014 1569 3078 infirma
1618 3022 1809 3095 atque
1860 3010 2053 3077 etiam
2095 3030 2289 3093 aegra
2332 3008 2585 3071 valetu-

527 3100 674 3167 dine
709 3103 957 3170 fuisset.

642 3195 862 3281 Atque
906 3218 1028 3283 ego
1067 3197 1392 3282 praeclare
1442 3196 1743 3281 intellego
1784 3216 1889 3261 me
1931 3193 1999 3258 in
2034 3214 2252 3258 eorum
2294 3211 2580 3257 comme-

521 3290 871 3356 moratione
923 3290 1188 3380 versari,
1251 3290 1360 3373 qui
1409 3310 1530 3355 nec
1579 3288 1781 3354 habiti
1832 3298 2013 3354 sunt·
2031 3296 2314 3353 oratores
2365 3307 2579 3370 neque

522 3380 807 3461 fuerunt,
847 3381 1294 3471 praeteririque
1331 3406 1371 3448 a
1404 3406 1509 3450 me
1541 3383 1784 3467 aliquot
1816 3406 1901 3449 ex
1933 3382 2253 3449 veteribus
2301 3401 2577 3446 comme-

400 3492 407 3498 ·
521 3475 868 3542 moratione
903 3485 1012 3540 aut
1042 3475 1230 3541 laude
1267 3476 1524 3565 dignos3
1562 3479 1679 3545 sed
1710 3478 1835 3545 hoc
1868 3478 2127 3563 quidem
2156 3474 2573 3563 ignoratione.

479 3570 486 3576 ’
523 3568 678 3652 quid
720 3568 890 3637 enim
934 3579 1035 3633 est
1088 3566 1461 3655 [superioris
1514 3570 1769 3661 aetatis]
1826 3572 1999 3658 quod
2032 3570 2224 3637 scribi
2253 3568 2459 3656 possit
2492 3569 2573 3633 de

412 3963 488 4003 182

523 3661 644 3741 eis,
699 3665 780 3729 de
823 3664 1050 3749 quibus
1094 3664 1268 3731 nulla
1303 3680 1721 3735 monumenta
1761 3669 2105 3753 loquuntur
2144 3685 2265 3729 nec
2308 3663 2575 3729 aliorum

517 3778 640 3823 nec
669 3757 992 3845 ipsorum?
1035 3760 1114 3825 de
1149 3759 1242 3825 eis
1280 3772 1519 3840 autem,
1566 3786 1724 3847 quos
1758 3762 1885 3849 ipsi
1918 3762 2221 3835 vidimus,
2256 3756 2574 3821 neminem

521 3851 655 3917 fere
714 3854 1269 3937 praetermittimus
1337 3853 1627 3965 [eorum,·
1686 3879 1845 3941 quos
1906 3851 2243 3938 aliquando
2304 3850 2572 3916 dicentis

521 3941 859 4029 vidimus].
913 3948 1060 4013 volo
1107 3947 1275 4014 enim
1327 3949 1475 4015 sciri
1506 3950 1577 4015 in
1620 3962 1795 4015 tanta
1828 3960 1893 4014 et
1926 3959 2058 4012 tam
2101 3956 2315 4011 vetere
2349 3968 2419 4009 re
2452 3966 2573 4031 pu»-

525 4033 693 4097 blica
723 4037 1016 4126 maximis
1051 4043 1348 4127 praemiis
1393 4042 1789 4150 eloquentiae
1824 4040 2169 4174 propositis
2216 4037 2421 4105 omnis
2460 4060 2576 4103 cu·-
