2784 4575
807 312 916 366 nn
949 288 1439 371 INVENTIONE
1472 308 1518 365 1.
1553 310 1793 366 89—92.
2202 300 2329 365 145

267 436 378 514 sit,
423 432 750 499 transferri
783 431 1017 521 possit,
1062 442 1136 498 ut
1170 432 1317 499 hoo:
1363 432 1453 497 ‘si
1488 454 1747 499 oausam
1790 456 2006 499 veram
2048 457 2177 501 non
2210 435 2325 501 ha-

264 532 463 607 beret,
500 527 682 595 vobis
709 550 802 606 se,
836 527 1098 605 iudices,
1135 521 1266 594 non
1293 527 1753 619 commisisset?
1822 528 1965 595 leve
2000 538 2117 607 est,
2157 532 2327 613 quod

267 635 380 689 aut
419 633 570 709 post
610 632 862 709 tempus
907 621 1166 699 dieitur,
1219 620 1342 687 hoo
1381 622 1604 688 modo:
1660 621 1745 687 ‘si
1787 621 1856 689 in
1898 633 2177 697 mentem
2218 646 2333 688 ve-

267 717 500 793 nisset,
545 738 676 783 non
709 715 1185 792 eommisisset3’
1218 726 1328 781 aut
1359 716 1695 803 perspicue
1739 726 1990 803 turpem
2032 738 2167 785 rem
2202 716 2330 784 levi

269 825 488 899 tegere
523 809 661 877 vult
695 808 1094 887 defensione,
1129 808 1252 876 hoo
1285 808 1507 879 modo:

299 922 308 930 ·
441 925 589 969 eum
623 912 697 972 te'
721 902 1106 989 expetebant
1140 924 1360 970 omnes
1371 950 1390 981 ,
1428 902 1875 975 florentissimo

441 1019 642 1083 regno
676 997 930 1081 reliqui3
967 1018 1149 1063 nuno‘
1171 998 1495 1069 desertum
1530 997 1612 1063 ab
1646 997 1941 1063 omnibus

449 1112 700 1157 summo
731 1090 970 1177 periclo
1007 1091 1144 1158 sola
1176 1103 1248 1157 ut
1279 1091 1640 1169 restituam,
1674 1114 1851 1178 paro.

274 1193 592 1252 remotum
633 1195 758 1262 est,
805 1185 978 1269 quod
1019 1184 1188 1251 ultra
1228 1208 1421 1269 quam
1464 1186 1620 1251 satis
1664 1196 1790 1264 est,
1836 1184 2098 1271 petitur,
2142 1184 2329 1252 huius
2363 1182 2437 1237 49

271 1277 474 1345 ωοᾶὶε
523 1276 782 1361 ‘quodsi
814 1300 943 1345 non
976 1278 1056 1343 P.
1095 1275 1316 1364 Scipio
1352 1276 1719 1369 Corneliam
1758 1278 1955 1345 filiam
1989 1277 2091 1345 Ti.
2132 1276 2345 1359 Grae-v
2373 1254 2427 1294 9¹
2486 1329 2491 1333 .

275 1370 396 1436 eho
439 1371 836 1440 conloca-sset
879 1382 1068 1455 atque
1114 1393 1196 1440 ex
1229 1394 1308 1440 ea
1341 1372 1503 1437 duos
1546 1370 1872 1439 Graoohos
1913 1383 2330 1459 procreasset,

275 1473 488 1531 tantae
525 1464 872 1533 seditiones
901 1469 1088 1536 natae
1123 1487 1254 1532 non
1287 1476 1505 1537 essent
1512 1490 1532 1543 3
1570 1488 1697 1551 qua
1728 1488 1799 1531 re
1832 1465 1955 1533 hoo
1986 1465 2333 1533 incommo-

275 1558 428 1621 dum
465 1554 752 1643 Scipioni
786 1558 1230 1629 ascribendum
1272 1558 1561 1628 videtur?
1651 1559 1838 1626 huius
1872 1559 2047 1628 modi
2090 1572 2189 1637 est
2220 1559 2330 1625 illa-

275 1672 528 1735 quoque
564 1651 964 1734 conquestio:

445 1745 690 1812 utinam
723 1766 806 1811 ne
839 1745 906 1814 in
941 1768 1198 1813 nemore
1233 1746 1416 1815 Pelio
1454 1747 1781 1819 securibus

449 1860 638 1905 caesa
671 1839 1008 1907 aooidisset
1043 1839 1315 1927 abiegna
1350 1840 1435 1905 ad
1467 1852 1699 1913 terram
1733 1839 1975 1907 trabesl

276 1933 530 2019 longius
585 1931 754 1998 enim
797 1934 1068 2021 repetita
1117 1945 1244 2012 est,
1301 1956 1493 2018 quam
1542 1957 1645 2001 res
1697 1934 2083 2021 postulabat.
2169 1934 2339 2003 mala

277 2026 556 2094 definitio
613 2036 740 2105 est,
795 2048 941 2095 eum
995 2038 1104 2093 aut
1149 2029 1511 2097 communia
1562 2028 1889 2106 describit,
1943 2028 2065 2095 hoo
2116 2028 2334 2099 modo:

281 2121 652 2210 ‘seditiosus
689 2135 790 2187 est
821 2122 908 2200 is,
961 2122 1072 2206 qui
1103 2123 1310 2191 malus
1357 2132 1548 2209 atque
1581 2122 1821 2190 inutilis
1859 2120 2015 2187 oivis
2052 2122 2205 2201 est3'
2250 2158 2338 2171 -—

277 2237 428 2279 nam
477 2215 602 2281 hoo
651 2238 782 2281 non
833 2214 1042 2304 magis
1105 2215 1417 2296 seditiosi,
1482 2239 1675 2302 quam
1734 2215 2080 2296 ambitiosi,
2146 2238 2337 2302 quam

281 2307 769 2386 calumniatoris,
807 2331 997 2393 quam
1031 2308 1294 2380 alieuius
1321 2311 1597 2378 hominis
1632 2310 1903 2398 improbi
1936 2310 2069 2376 vim
2103 2310 2339 2378 deseri-

280 2401 372 2466 bit
413 2437 502 2450 --
545 2413 654 2470 aut
695 2403 930 2470 falsum
975 2404 1278 2488 quiddam
1322 2406 1503 2484 dicit,
1557 2405 1678 2472 hoo
1728 2416 1944 2493 paeto:
2002 2406 2339 2490 ‘sapientia

277 2505 380 2560 est
418 2495 726 2583 pecuniae
779 2497 1178 2580 quaerendae
1220 2498 1707 2584 intellegentia3’
1762 2509 1872 2564 aut
1924 2497 2161 2580 aliquid
2210 2521 2340 2562 non

279 2613 474 2678 grave
507 2611 627 2654 neo
660 2613 966 2674 magnum
1001 2591 1358 2668 continens,
1398 2591 1519 2655 sie:
1567 2591 1862 2656 ‘stultitia
1898 2602 1997 2656 est
2029 2591 2344 2656 immensa

279 2683 520 2770 gloriae
581 2683 936 2769 cupiditas!
1043 2695 1144 2748 est
1198 2684 1360 2750 haee
1422 2684 1677 2768 quidem
1739 2683 2030 2762 stultitia,
2096 2685 2213 2750 sed
2261 2706 2342 2766 ex

279 2789 460 2866 parte
506 2779 806 2862 quadam,
859 2801 990 2845 non
1024 2799 1106 2844 ex
1141 2778 1312 2844 omni
1347 2799 1583 2864 genere
1618 2778 1893 2844 definita.
1981 2788 2343 2844 controver-

283 2897 426 2940 sum
459 2884 587 2952 est,
631 2872 700 2938 in
737 2895 860 2958 quo
897 2873 980 2940 ad
1015 2871 1280 2944 dubium
1313 2872 1877 2946 demensa-andum
1920 2871 2115 2939 dubia
2150 2893 2343 2938 causa

281 2968 591 3046 adfertur,
625 2967 748 3034 hoe
777 2967 1004 3035 modot
1989 3000 1994 3006 ·
2084 3043 2089 3048 q

450 3062 570 3130 eho
607 3057 696 3141 tu,
734 3062 818 3140 di,
857 3061 1086 3146 quibus
1123 3072 1266 3214 elsltfe
1255 3071 1540 3148 potestas
1576 3071 1786 3136 motus
1816 3064 2117 3148 superum
2153 3071 2343 3145 atque

1133 3147 1156 3215 i
1267 3152 1432 3227 rum,

449 3264 672 3329 paoem
705 3241 868 3308 inter
904 3264 1052 3308 sese
1083 3241 1449 3320 conciliant,
1488 3241 1821 3308 conferunt
1854 3239 2273 3314 concordiam.

281 3343 686 3430 perspicuum
721 3355 848 3423 est,
897 3343 977 3410 de
1013 3365 1140 3429 quo
1175 3367 1308 3410 non
1342 3354 1443 3410 est
1488 3343 1945 3412 controversia:
1999 3354 2071 3407 ut
2105 3342 2189 3422 si,
2236 3341 2344 3427 qui
2386 3366 2437 3406 92

287 3435 566 3501 Oresten
601 3449 886 3515 accuset,
930 3437 1193 3522 planum
1226 3437 1425 3507 faeiat
1458 3438 1540 3503 ab
1576 3459 1653 3507 eo
1697 3447 1965 3502 matrem
2000 3457 2145 3502 esse
2180 3434 2347 3500 oeci-

285 3551 442 3595 sam.
530 3551 660 3594 non
696 3550 1071 3597 conoessum
1107 3541 1224 3608 est,
1261 3553 1409 3599 eum
1440 3531 1528 3610 id,
1566 3531 1739 3616 quod
1772 3540 2059 3617 augetur,
2094 3529 2162 3592 in
2197 3548 2346 3592 eon-

283 3621 594 3690 trovorsia
625 3632 754 3700 est,
795 3633 870 3690 ut
905 3622 987 3702 si,
1035 3623 1144 3708 qui
1176 3623 1421 3692 Ulixen
1466 3634 1751 3702 aoouset,
1796 3623 1864 3696 in
1906 3622 2031 3692 hoo
2070 3620 2345 3690 maxime

285 3709 735 3795 commoretur,
771 3716 1105 3803 indignum
1139 3739 1283 3786 esse
1311 3719 1392 3784 ab
1420 3717 1675 3790 bomine
1699 3715 2113 3803 ignavissimo
2141 3713 2345 3788 virum

284 3812 703 3878 fortissimum
744 3810 1016 3880 Aiacem
1069 3822 1381 3884 necatum.
1471 3823 1655 3899 turpe
1706 3820 1833 3890 est,
1888 3808 2060 3893 quod
2110 3819 2221 3872 aut
2270 3829 2347 3872 eo

285 3903 454 3983 loeo,
509 3906 576 3970 in
621 3927 748 3990 quo
801 3903 1055 3984 dicitur,
1109 3915 1220 3970 aut
1261 3928 1339 3975 eo
1384 3905 1667 3984 homine,
1724 3903 1832 3987 qui
1884 3899 2035 3969 dicit
2042 3949 2061 3980 ,
2118 3910 2228 3966 aut
2270 3921 2345 3965 eo

285 4009 594 4086 tempore,
647 4022 774 4084 quo
810 3999 1066 4078 dieitur,
1121 4011 1230 4070 aut
1279 4001 1403 4079 eis,
1456 4001 1565 4085 qui
1618 3998 1907 4076 audiunt,
1962 4007 2071 4063 aut
2122 4002 2200 4062 e'a
2246 4017 2345 4072 re,
2458 4016 2462 4020 ·

285 4113 410 4177 qua
463 4092 542 4158 de
588 4095 822 4180 agitur,
873 4094 1205 4182 indignum
1255 4104 1514 4181 propter
1562 4092 2029 4158 inhonestatem
2078 4089 2345 4157 videtur.

389 4193 614 4239 Ciceronis
631 4195 716 4241 vol.
738 4195 774 4240 1.
1590 4229 1594 4233 -
1934 4198 2002 4246 10
2138 4202 2145 4209 '
