2784 4575
840 276 944 330 DE
985 273 1348 332 ORATORE
1385 277 1433 333 1.
1468 276 1570 331 114
1589 277 1776 332 -123.
2252 264 2339 331 25

267 399 398 468 mis
433 399 822 476 oratoribus,
859 397 1092 464 idcirco
1127 421 1244 464 nos
1281 398 1423 477 hoc,
1461 399 1632 482 quod
1667 398 2023 483 quaerimus
2036 450 2053 478 ,
2090 400 2342 468 omitte-

267 517 444 560 mus.
531 492 748 576 itaque
781 491 854 556 in
885 491 978 557 eis
1017 491 1285 570 artibus,
1341 491 1411 556 in
1445 492 1674 576 quibus
1710 515 1840 560 non
1872 493 2109 558 utilitas
2148 516 2341 578 quae-

270 588 437 654 ritur
486 585 892 664 necessaria,
945 585 1058 650 sed
1111 585 1303 650 animi
1350 586 1553 650 libera
1612 586 1925 670 quaedam
1983 587 2340 666 oblectatio,

276 704 474 768 quam
535 680 875 766 diligenter
932 689 998 743 et
1059 700 1250 763 quam
1308 701 1509 766 prope
1571 679 1900 746 fastidiose
1959 680 2338 747 iudicamus!

281 775 500 842 nullae
536 772 708 840 enim
741 772 888 838 lites
923 794 1128 857 neque
1183 773 1651 840 controversiae
1687 785 1864 853 sunt,
1914 795 2079 858 quae
2113 786 2345 864 cogant

280 869 572 936 homines
613 867 776 935 sicut
809 867 878 931 in
911 867 1053 932 foro
1079 889 1210 932 non
1241 867 1447 932 bonos
1474 879 1776 946 oratores,
1810 867 1965 934 item
1996 869 2063 932 in
2098 867 2343 934 theatro
2378 911 2385 918 ·
2432 916 2437 920 -

282 974 543 1030 actores
565 961 770 1028 malos
821 961 1088 1049 perpeti.
1178 971 1277 1026 est
1309 960 1505 1047 igitur
1556 963 1789 1027 oratori
1833 962 2165 1050 diligenter
2196 985 2343 1050 pro-
2378 991 2458 1032 us

287 1057 661 1134 videndum,
712 1078 844 1122 non
882 1055 990 1120 'uti
1035 1054 1127 1120 eis
1173 1053 1328 1120 satis
1381 1055 1606 1134 faciat,
1660 1055 1889 1141 quibus
1924 1077 2187 1121 necesse
2224 1067 2340 1136 est,

287 1150 409 1215 sed
440 1159 516 1214 ut
547 1150 638 1214 eis
673 1149 1062 1214 admirabilis
1097 1171 1242 1215 esse
1277 1148 1595 1227 videatur,
1648 1149 1879 1233 quibus
1920 1149 2116 1215 libere
2156 1149 2345 1216 liceat

280 1243 595 1320 iudicare3
653 1264 756 1321 ac,
813 1242 868 1308 si
905 1242 1234 1328 quaeritis,
1287 1243 1479 1329 plane
1514 1242 1668 1327 quid
1704 1243 1970 1309 sentiam
2004 1243 2343 1310 enuntiabo

281 1337 457 1423 apud
491 1336 778 1402 homines
820 1335 1379 1414 familiarissimos,
1436 1337 1609 1422 quod
1642 1337 1853 1404 adhuc
1886 1359 2138 1426 semper
2174 1337 2343 1404 tacui

279 1443 349 1497 et
381 1432 722 1497 tacendum
761 1431 1010 1518 putavit
1064 1431 1221 1496 mihi
1263 1431 1457 1498 etiam
1491 1431 1601 1516 qui
1644 1431 1880 1520 optime
1933 1433 2153 1498 dicunt
2204 1432 2345 1517 qui-

279 1547 406 1609 que
439 1525 511 1590 id
553 1525 850 1592 facillime
889 1522 1108 1611 [atque
1161 1524 1591 1613 ornatissime]
1646 1525 1856 1591 facere
1896 1537 2195 1613 possunt,
2250 1538 2344 1592 ta-

277 1641 460 1696 men,
515 1619 642 1684 nisi
677 1620 894 1684 timide
931 1620 1015 1685 ad
1046 1619 1383 1686 dicendum
1418 1620 1728 1686 accedunt
1761 1631 1826 1686 et
1858 1620 1925 1686 in
1959 1620 2344 1687 exordienda

281 1713 568 1780 oratione
618 1715 1094 1800 perturbantur,
1155 1736 1360 1800 paene
1410 1713 1813 1801 impudentes
1874 1714 2195 1792 videntur,
2254 1749 2345 1762 --·

283 1807 540 1872 tametsi
573 1806 642 1871 id
676 1807 962 1874 accidere
1005 1829 1136 1872 non
1185 1817 1426 1893 potest3
1479 1819 1553 1872 ut
1585 1807 1753 1872 enim
1796 1807 2062 1892 quisque
2107 1806 2341 1894 optime
2379 1835 2461 1876 120

285 1899 464 1980 dicit,
516 1901 608 1967 ita
639 1901 918 1968 maxime
952 1901 1204 1966 dicendi
1239 1901 1676 1968 difficultatem
1710 1903 2045 1986 variosque
2080 1911 2344 1968 eventus

285 1995 590 2062 orationis
625 1995 1290 2083 exspectationemque
1322 1996 1653 2062 hominum
1674 1995 2062 2082 pertimescit
2069 2021 2089 2074 3
2122 2031 2213 2044 --
2238 1996 2347 2080 qui

291 2087 502 2178 [vero]
539 2088 696 2156 nihil
747 2100 962 2176 potest
1016 2091 1280 2176 dignum
1314 2113 1383 2156 re
1396 2141 1415 2169 ,
1469 2091 1735 2178 dignum
1767 2091 2023 2158 nomine
2058 2089 2344 2166 oratoris,

285 2185 554 2270 dignum
587 2184 916 2250 hominum
969 2185 1226 2250 auribus
1263 2185 1515 2250 efficere
1552 2197 1740 2269 atque
1782 2185 1999 2264 edere,
2060 2185 2115 2250 is
2167 2184 2343 2262 mihi,

291 2276 541 2343 etiamsi
581 2287 1016 2345 commovetur
1041 2277 1107 2343 in
1135 2278 1426 2357 dicende,
1463 2290 1676 2346 tamen
1702 2278 2037 2367 impudens
2066 2279 2341 2357 videtur3

287 2393 422 2437 non
458 2370 624 2435 enim
656 2372 972 2457 pudendo,
1010 2372 1124 2440 sed
1159 2395 1289 2438 non
1322 2373 1615 2439 faciendo
1648 2373 1735 2450 id,
1773 2374 1943 2458 quod
1976 2396 2106 2439 non
2140 2375 2341 2451 decet,

287 2464 718 2551 impudentiae
745 2490 977 2533 nomen
1003 2468 1286 2554 effugere
1315 2468 1651 2546 debemus3
1678 2488 1869 2552 quem
1897 2492 2049 2535 vero
2076 2492 2205 2534 non
2227 2492 2348 2555 pu·
2382 2492 2459 2532 m

289 2560 426 2637 det,
475 2593 567 2607 --
615 2559 684 2624 id
737 2562 906 2645 quod
954 2560 1024 2625 in
1076 2561 1397 2648 plerisque
1452 2561 1636 2626 video
1684 2597 1777 2610 —-
1824 2562 1993 2626 hunc
2044 2583 2167 2647 ego
2218 2583 2349 2626 non

287 2653 779 2739 reprehensione
841 2655 1074 2733 solum,
1145 2656 1264 2721 sed
1322 2655 1515 2719 etiam
1569 2677 1782 2741 poena
1848 2654 2113 2763 dignum
2172 2666 2348 2741 puto.

289 2748 580 2832 equidem
633 2760 700 2813 et
749 2749 817 2813 in
851 2750 1034 2815 vobis
1087 2748 1589 2815 animadvertere
1643 2748 1817 2815 soleo
1861 2760 1930 2814 et
1959 2748 2027 2813 in
2068 2770 2173 2813 me
2204 2748 2349 2835 ipso

291 2842 662 2928 saepissime
716 2842 1034 2930 experior,
1087 2854 1162 2909 ut
1205 2854 1269 2909 et
1320 2842 1785 2909 exalbescam
1766 2866 1835 2907 ιιι
1883 2841 2209 2929 principiis
2256 2840 2351 2905 di-

293 2938 478 3001 cendi
511 2947 576 3003 et
609 2948 744 3004 tota
766 2950 979 3003 mente
1007 2948 1195 3023 atque
1224 2938 1485 3004 artubus
1515 2937 1808 3003 omnibus
1838 2936 2349 3013 contremiscam3
2430 2978 2437 2985 -

291 3029 805 3097 adulescentulus
867 3054 1020 3098 vero
1082 3033 1175 3097 sic
1225 3031 1404 3097 initio
1434 3062 1440 3066 ·
1470 3030 1888 3097 accusationis
1952 3031 2348 3097 exanimatus

293 3146 461 3203 sum,
517 3136 590 3190 ut
623 3125 747 3191 hoc
782 3148 1102 3191 summum
1145 3126 1523 3193 beneficium
1558 3124 1642 3207 Q.
1676 3124 1967 3191 Maximo
2006 3124 2349 3201 debuerim,

291 3220 464 3303 quod
496 3219 796 3285 continuo
832 3220 1165 3286 consilium
1219 3220 1554 3297 dimiserit,
1612 3219 1798 3285 simul
1834 3240 1909 3284 ac
1941 3242 2044 3283 me
2080 3218 2351 3285 fractum

294 3334 372 3375 ac
405 3312 800 3378 debilitatum
839 3324 1018 3379 metu
1059 3314 1325 3380 viderit?
1415 3314 1520 3379 hic
1554 3336 1777 3381 omnes
1821 3313 2076 3381 adsensi
2112 3312 2353 3399 signifi·-
2386 3336 2467 3377 122

295 3424 442 3469 care
475 3404 639 3471 inter
689 3430 762 3473 se
805 3420 869 3473 et
903 3408 1198 3492 conloqui
1252 3418 1623 3517 coeperunt3
1677 3408 1797 3473 fuit
1840 3409 2009 3473 enim
2050 3406 2351 3470 mirificus

294 3496 554 3581 quidam
601 3500 671 3565 in
725 3499 964 3568 Crasso
1018 3502 1249 3589 pudor,
1303 3502 1412 3586 qui
1464 3512 1675 3569 tamen
1728 3524 1857 3566 non
1908 3500 2165 3566 obesset
2216 3497 2351 3562 eius
2426 3542 2435 3548 -

291 3592 593 3674 orationi,
647 3598 764 3662 sed
796 3596 1130 3684 probitatis
1185 3597 1732 3664 commendatione
1775 3596 2129 3681 prodesset.
2218 3602 2355 3657 tum
2386 3604 2460 3657 27

288 3687 618 3755 Antonius
655 3696 908 3778 ‘saepe,
950 3703 1024 3756 ut
1067 3690 1275 3769 dicis,'
1328 3690 1535 3775 inquit
1570 3686 2040 3765 ‘animadverti,
2094 3682 2352 3762 Crasse,

289 3792 358 3847 et
405 3793 471 3848 te
526 3794 592 3848 et
643 3795 890 3851 ceteros
943 3794 1225 3851 oratores
1281 3807 1595 3862 summos,
1648 3803 2031 3866 quamquam
2083 3778 2197 3845 tibi
2238 3801 2355 3865 par

290 3898 438 3959 mea
471 3878 789 3944 sententia
813 3900 1002 3945 nemo
1027 3901 1330 3963 umquam
1363 3878 1559 3956 fuit,
1538 3900 1609 3943 ιιι
1634 3874 1883 3941 dicendi
1916 3872 2177 3939 exordio
2210 3894 2356 3959 per-

289 3972 563 4051 moveri3
617 3972 798 4039 cuius
835 3973 1094 4058 quidem
1127 3974 1223 4039 rei
1257 3995 1404 4039 cum
1438 3993 1698 4037 causam
1731 3990 2126 4053 quaererem,
2172 3967 2356 4053 quid-
2389 3992 2469 4033 123

285 4085 440 4129 nam
491 4078 694 4146 esset,
751 4090 890 4147 cur,
941 4068 1009 4132 in
1061 4090 1314 4153 quoquo
1366 4076 1616 4133 oratore
1648 4063 1989 4151 plurimum
2032 4072 2219 4141 esset,
2264 4062 2354 4127 ita
