2784 4575
364 398 422 442 50

358 1341 414 1384 51

465 235 591 302 154
1019 303 1024 308 ,
1079 250 1158 304 Μ.
1195 249 1466 306 TULLII
1504 249 1906 308 CICERONIS

462 372 601 460 ipse
643 373 778 452 ille,
834 373 943 458 qui
991 384 1328 462 patronum
1380 373 1666 453 adhibet,
1720 375 1799 440 de
1850 397 1921 440 re
1974 397 2093 440 sua
2142 375 2411 442 diceretz
2467 375 2537 442 ei

459 467 660 546 enim,
715 467 826 552 qui
877 467 964 534 ad
1009 491 1128 534 nos
1183 489 1411 534 causas
1466 469 1786 550 desserunt,
1838 468 1931 535 ita
1978 493 2096 537 nos
2147 470 2535 557 plerumque

459 560 586 650 ipsi
627 563 887 641 docent,
939 572 1013 628 ut
1052 585 1183 628 non
1233 561 1559 630 desideres
1612 563 1865 652 planius
1909 564 2063 644 dici3
2116 565 2376 632 easdem
2420 589 2533 632 res

457 667 675 724 autem
735 657 1001 722 simulac
1049 657 1274 724 Fufius
1337 667 1448 722 aut
1506 669 1720 724 vester
1780 659 2062 743 aequalis
2122 659 2535 748 Pomponius

457 774 654 839 agere
688 752 923 838 coepit,
975 774 1106 818 non
1141 773 1340 836 aeque
1375 751 1529 836 quid
1580 751 1819 830 dicant,
1872 752 1997 818 nisi
2048 753 2393 818 admodum
2430 765 2537 820 at-

349 885 356 891 —
459 845 664 926 tendi,
715 845 1045 933 intelleg03
1097 847 1189 910 ita
1241 846 1511 912 confusa
1560 857 1661 912 est
1711 845 1940 924 oratio,
1992 847 2083 912 ita
2131 848 2531 933 perturbata,

459 940 616 1006 nihil
667 951 740 1006 ut
791 939 876 1006 sit
922 939 1225 1028 primum,
1292 939 1451 1004 nihil
1508 950 1581 1004 ut
1630 940 2005 1018 secundum,
2070 951 2371 1025 tantaque
2424 942 2532 1006 in·-

458 1033 732 1100 selentia
765 1055 842 1100 ac
883 1034 1072 1099 turba
1121 1033 1491 1110 verborum,
1542 1043 1617 1098 ut
1664 1033 1895 1112 oratio,
1950 1055 2113 1118 quae
2154 1034 2371 1100 lumen
2404 1036 2529 1100 ad-

457 1127 678 1194 hibere
719 1127 911 1194 rebus
957 1115 1176 1206 debet,
1228 1149 1308 1192 ea
1349 1125 1801 1193 obscuritatem
1834 1138 1900 1192 et
1932 1128 2225 1194 tenebras
2272 1128 2527 1194 adferat

459 1232 650 1307 atque
682 1231 756 1286 ut
804 1219 1084 1306 quodam
1124 1219 1316 1287 modo
1365 1220 1493 1307 ipsi
1544 1220 1667 1286 sibi
1715 1221 1784 1285 in
1831 1220 2097 1288 dicendo
2150 1223 2525 1310 obstrepere

459 1315 809 1381 videantur.
898 1337 1148 1393 verum,
1203 1315 1258 1380 si
1309 1314 1547 1402 placet,
1599 1315 1897 1399 quonia-m
1930 1315 2090 1381 haec
2136 1316 2290 1382 satis
2329 1339 2521 1402 spero

458 1408 639 1475 vobis
692 1409 951 1493 quidem
993 1419 1162 1476 certe
1212 1407 1557 1475 maioribus
1607 1409 1879 1475 molesta
1922 1421 1989 1476 et
2027 1409 2251 1496 putida
2292 1409 2517 1489 videri,

356 1518 425 1572 14
459 1503 543 1569 ad
573 1503 818 1588 reliqua
849 1503 1173 1588 aliquanto
1209 1502 1533 1569 odiosiora·
1577 1503 1961 1589 pergamus?
2050 1503 2256 1588 ‘atqui
2288 1503 2515 1583 vides,’

353 2003 410 2042 62

455 1597 660 1683 inquit
691 1597 1013 1664 Antonius
1067 1603 1288 1682 ‘quam
1321 1597 1479 1662 alias
1512 1619 1617 1662 res
1652 1619 1940 1684 agamus,
1978 1595 2201 1684 [quam
2234 1609 2297 1664 te
2331 1597 2519 1664 inviti

455 1692 840 1782 audiamuS,]
879 1693 989 1779 qui
1039 1693 1270 1760 adduci
1301 1692 1625 1780 possimus
1656 1728 1747 1741 ·—-
1781 1693 1859 1759 de
1901 1716 2005 1759 me
2048 1693 2217 1758 enim
2268 1693 2514 1760 conicio

454 1823 543 1836 ·—-
574 1788 808 1854 relictis
843 1799 916 1854 ut
948 1789 1140 1854 rebus
1176 1787 1469 1854 omnibus
1504 1797 1571 1852 te
1606 1796 1921 1852 sectemur
1928 1813 1947 1866 ;
2000 1787 2091 1852 ita
2125 1787 2205 1852 de
2239 1787 2513 1854 horridis

452 1882 646 1948 rebus
679 1883 907 1962 nitida,
946 1883 1026 1948 de
1060 1880 1286 1948 ieiunis
1320 1881 1541 1970 plena,
1578 1881 1659 1947 de
1690 1879 2080 1968 pervolgatis
2115 1904 2281 1948 nova
2313 1903 2515 1965 quae·

456 1976 604 2042 dam
639 1987 740 2043 est
772 1976 971 2042 oratio
1005 1975 1156 2041 tua!
1246 1975 1497 2041 ‘faciles
1532 1974 1748 2054 enim‚'
1785 1972 1991 2059 inquit
2026 1974 2321 2053 ‘Antoni,
2356 1997 2507 2062 par-

452 2081 552 2135 tes
587 2092 702 2136 eae
735 2070 992 2134 fuerunt
1039 2070 1233 2146 duae,
1287 2090 1449 2153 quas
1502 2069 1694 2135 modo
1744 2070 2109 2155 percucurri
2152 2069 2256 2136 vel
2294 2068 2507 2156 potius

452 2184 656 2248 paene
689 2161 1012 2248 praeterii,
1065 2161 1302 2228 Latine
1336 2162 1638 2247 loquendi
1687 2163 2001 2250 planeque
2036 2163 2313 2242 dicendi3
2362 2162 2510 2230 reli-

453 2277 616 2341 quae
671 2267 820 2322 sunt
867 2277 1169 2344 magnae,
1221 2255 1611 2345 implicatae,
1674 2257 1913 2336 variae,
1968 2279 2228 2345 graves,
2280 2255 2507 2343 quibus

453 2350 658 2417 omnis
695 2350 1079 2417 admiratio’
1059 2350 1326 2438 ingenii,
1381 2350 1587 2418 omnis
1620 2351 1763 2417 laus
1800 2351 2194 2437 eloquentiae
2230 2352 2507 2418 contine—

453 2456 584 2523 tur3
638 2467 826 2511 nemo
863 2444 1034 2511 enim
1065 2466 1369 2530 umquam
1412 2456 1513 2511 est
1546 2454 1889 2524 oratorem,
1943 2446 2114 2531 quod
2145 2445 2382 2511 Latine
2414 2445 2507 2511 lo—

453 2549 776 2623 queretur,
815 2537 1158 2605 admiratus
1169 2564 1190 2618 3
1245 2540 1300 2605 si
1337 2535 1495 2626 [est]
1534 2538 1742 2617 aliter,
1787 2539 2089 2618 inrident,
2123 2561 2330 2624 neque
2365 2562 2507 2604 eum

351 2644 356 2649 “
453 2643 768 2698 oratorem
819 2634 1280 2711 tantummode,
1335 2633 1452 2698 sed
1484 2632 1807 2699 hominem
1854 2656 1985 2699 non
2016 2644 2243 2721 putant
2249 2659 2269 2712 ;
2320 2656 2504 2699 nemo

355 2937 412 2977 53

453 2725 680 2791 extulit
713 2748 859 2791 eum
893 2726 1136 2805 verbis,
1171 2726 1281 2810 qui
1311 2725 1405 2791 ita
1438 2725 1733 2806 dixisset,
1770 2736 1868 2805 ut,
1906 2726 2019 2811 qui
2052 2728 2378 2805 adessent,
2412 2726 2507 2791 in-

453 2819 826 2905 tellegerent
859 2820 1014 2904 quid
1048 2820 1312 2898 diceret,
1367 2820 1485 2887 sed
1517 2820 1899 2907 contempsit
1932 2843 2105 2899 eum,
2155 2821 2267 2904 qui
2300 2820 2505 2885 minus

451 2910 522 2976 id
553 2912 766 2978 facere
800 2914 1132 3001 potuisset.
1201 2912 1270 2978 in
1303 2934 1433 2999 quo
1467 2913 1661 3000 igitur
1694 2914 1983 2980 homines
2019 2914 2506 2980 exhorrescunt?

452 3028 641 3091 quem
677 3007 1016 3094 stupefacti
1060 3008 1374 3073 dicentem
1424 3007 1782 3073 intuentur?
1830 3006 1901 3072 in
1943 3029 2070 3092 quo
2116 3008 2506 3073 exclamant?

451 3124 640 3185 quem
695 3102 914 3179 deum,
964 3113 1037 3166 ut
1085 3102 1177 3167 ita
1230 3101 1467 3179 dicam,
1518 3102 1685 3166 inter
1732 3099 2022 3166 homines
2076 3102 2343 3185 putant?
2403 3100 2507 3185 qui

357 3246 361 3253 .
452 3194 775 3274 distincte,
829 3194 937 3279 qui
973 3195 1312 3284 explicate,
1363 3195 1474 3279 qui
1518 3193 1940 3270 abundanter,
1996 3191 2103 3276 qui
2136 3191 2505 3259 inluminate

450 3298 516 3354 et
548 3288 740 3355 rebus
776 3300 840 3355 et
873 3289 1084 3357 verbis
1129 3290 1346 3355 dicunt
1379 3298 1445 3353 et
1475 3287 1543 3351 in
1576 3286 1721 3372 ipsa
1763 3284 2047 3352 oratione
2092 3286 2275 3370 quasi
2310 3305 2506 3370 quen-

450 3382 599 3449 dam
633 3403 965 3449 numerum
1001 3403 1378 3467 versumque
1414 3379 1771 3460 conficiunt,
1786 3380 1959 3445 -id
1992 3390 2109 3459 est,
2147 3379 2319 3465 quod
2344 3381 2500 3459 dice,

451 3488 670 3543 ornate
701 3510 793 3526 —--
825 3476 934 3562 qui
965 3477 1136 3543 idem
1171 3477 1260 3541 ita
1293 3474 1729 3554 moderantur,
1784 3485 1860 3540 ut
1890 3496 2131 3553 rerum,
2183 3487 2258 3539 ut
2288 3496 2503 3562 perso-

449 3592 674 3636 narum
709 3571 1048 3659 dignitates
1084 3572 1312 3648 ferunt,
1341 3604 1435 3619 --·
1458 3569 1519 3635 ei
1554 3580 1705 3635 sunt
1734 3568 1804 3634 in
1836 3591 1914 3635 eo
1949 3590 2183 3655 genere
2205 3568 2501 3634 laudandi

336 3686 413 3730 τω
451 3664 684 3743 laudis,
738 3666 911 3751 quod
944 3688 1065 3752 ego
1101 3673 1318 3750 aptum
1353 3674 1420 3730 et
1452 3684 1808 3751 congruens
1842 3663 2121 3741 nomino,
2154 3697 2245 3710 ·—-
2271 3661 2385 3746 'qui
2416 3661 2501 3727 ita

449 3757 758 3837 dicerent,
813 3782 925 3825 eos
978 3757 1235 3844 negavit
1286 3757 1497 3827 adhuc
1540 3780 1613 3823 se
1664 3756 1903 3823 vidisse
1936 3756 2259 3823 Antonius
2314 3766 2379 3823 et
2412 3756 2497 3821 eis

448 3850 572 3918 hoc
605 3875 839 3918 nomen
873 3852 1032 3919 dixit
1065 3852 1461 3936 eloquentiae
1498 3850 1651 3917 solis
1688 3872 1835 3917 esse
1868 3850 2290 3917 tribuendum.
2379 3872 2499 3935 qua

445 3966 520 4007 re
553 3945 757 4010 omnis
793 3945 951 4012 istos
986 3970 1090 4012 me
1125 3956 1380 4012 auctore
1417 3944 1697 4011 deridete
1731 3956 1925 4029 atque
1958 3943 2358 4021 contemnite,
2396 3942 2497 4027 qui

449 4054 522 4098 se
557 4035 780 4101 horum
791 4086 810 4117 ,
865 4040 973 4122 qui
1007 4062 1176 4107 nunc
1207 4040 1300 4107 ita
1333 4040 1756 4127 appellantur,
1791 4038 2113 4105 rhetorum
2146 4034 2495 4125 praeceptis
