2784 4575
842 286 951 347 DE
988 281 1352 343 ORATORE
1385 286 1468 368 ιι.
1505 287 1882 385 178-1sqf
1919 262 2379 366 ά,ἑᾚθθ

429 410 625 479 Valet
656 410 850 497 igitur
891 410 1160 475 multum
1205 409 1290 474 ad
1330 410 1711 475 vincendum
1767 404 1770 413 ’
1799 410 1847 427 ⁴²*

301 504 593 571 instituta
648 504 741 592 [et
791 505 965 571 facta
1014 514 1079 570 et
1129 503 1354 591 vitam]
1410 526 1656 582 eorum,
1708 526 1753 587 q
1871 578 1889 591 ⁴

306 610 371 665 et
406 621 654 677 eorum,
696 620 813 687 pro
850 599 1110 683 quibus,
1159 592 1225 663 et
1255 598 1411 664 item
1451 598 1796 685 improbari

306 693 677 777 animosque
728 715 948 759 eorum
960 741 979 771 ,
1044 694 1215 780 apud
1264 715 1427 778 quos
1490 703 1740 780 agetur,
1805 714 1924 759 con
1965 692 1980 708 '
2031 716 2100 758 ar

305 786 582 851 maxime
618 786 703 851 ad
733 787 1245 853 benevolentiam
1288 809 1436 852 cum
1470 809 1625 873 erga
1666 796 1982 851 oratorem
2033 797 2170 851 tum
2213 810 2369 873 erga

302 878 513 958 illum,
563 902 682 967 pro
726 903 853 964 quo
906 880 1074 945 dicet
1124 889 1356 946 orator.
1445 879 1856 946 conciliantur
1909 890 2122 945 autem
2173 880 2368 945 animi

306 972 613 1059 dignitate
646 973 943 1052 hominis,
978 975 1170 1039 rebus
1205 973 1428 1060 gestis,
1465 972 1930 1039 existimatione
1967 973 2164 1051 vitae3
2202 995 2366 1057 quae

305 1066 553 1131 facilius
606 1067 817 1131 ornari
868 1078 1171 1155 possunt,
1235 1066 1291 1133 si
1342 1068 1534 1133 modo
1589 1078 1765 1146 sunt,
1829 1089 2020 1153 quam
2069 1067 2257 1153 fingi,
2313 1066 2368 1133 si

304 1158 481 1223 nulla
516 1171 681 1225 sunt.
752 1160 868 1225 sed
910 1160 1071 1225 haec
1124 1160 1428 1225 adiuvant
1459 1160 1527 1225 in
1570 1171 1845 1226 oratore:
1898 1160 2124 1226 lenitas
2169 1159 2366 1239 vocis,

304 1253 515 1320 voltus
564 1250 859 1341 pudor[is
914 1251 1343 1363 significatio}
1387 1256 1727 1320 verborum
1777 1254 2070 1333 comitas,
2053 1279 2068 1295 ·
2125 1254 2181 1319 si
2213 1252 2366 1337 quid

302 1369 686 1433 persequare
732 1348 969 1425 acrius,
1021 1358 1095 1412 ut
1136 1348 1373 1413 invitus
1419 1359 1484 1413 et
1527 1359 1782 1415 coactus
1836 1349 2046 1413 facere
2089 1347 2364 1413 videare.

306 1440 658 1519 facilitatis,
738 1441 1161 1520 liberalitatis,
1232 1442 1763 1520 mansuetudinis,
1845 1442 2127 1528 pietatis,
2201 1441 2368 1528 grati

306 1533 529 1611 animi,
581 1557 712 1600 non
750 1535 1134 1621 appetentis,
1186 1559 1317 1602 non
1352 1536 1524 1601 avidi
1561 1535 1746 1621 signa
1777 1536 2061 1622 proferre
2094 1535 2366 1621 perutile

306 1638 435 1704 est3
498 1648 699 1711 eaque
761 1628 1002 1706 omnia,
1066 1650 1230 1737 quae
1288 1630 1661 1716 proborum,
1727 1628 2174 1707 demissorum,
2237 1651 2367 1693 non

308 1720 575 1798 acrium,
622 1744 753 1787 non
784 1721 1230 1808 pertinacium,
1284 1744 1417 1787 non
1451 1721 1898 1808 litigiosorum,
1941 1744 2074 1788 non
2109 1722 2368 1787 acerbo-

302 1836 445 1879 rum
489 1825 665 1893 sunt,
719 1814 906 1880 valde
947 1816 1458 1881 benevolentiam
1501 1816 1840 1882 conciliant
1883 1815 2364 1897 abalienantque

304 1907 387 1973 ab
422 1906 545 1986 cis,
597 1908 666 1972 in
700 1908 930 1992 quibus
983 1908 1143 1973 haec
1176 1932 1306 1975 non
1342 1921 1492 1974 sunt
1499 1934 1520 1986 3
1574 1909 1788 1993 itaque
1841 1910 2066 1973 eadem
2119 1917 2268 1972 sunt
2298 1906 2366 1971 in

304 2000 702 2067 adversarios
739 2024 822 2067 ex
856 2003 1169 2069 contrario
1216 2002 1617 2068 conferenda.
1709 2003 1826 2067 sed
1860 2024 2062 2087 genus
2110 2001 2235 2066 hoc
2269 2011 2363 2066 to-

301 2108 439 2159 tum
474 2096 774 2162 orationis
809 2095 878 2160 in
911 2095 1004 2162 eis
1042 2096 1252 2162 causis
1288 2097 1569 2173 excellit,
1623 2096 1691 2160 in
1735 2096 1962 2179 quibus
2005 2095 2216 2160 minus
2250 2118 2366 2181 po-

304 2199 433 2253 test
466 2189 844 2255 inflammari
878 2192 1129 2256 animus
1164 2191 1391 2256 iudicis
1430 2191 1559 2257 acri
1595 2202 1660 2255 et
1693 2190 2053 2255 vehementi
2089 2189 2364 2274 quadam

300 2280 695 2363 incitatione3
738 2308 869 2350 non
904 2285 1076 2350 enim
1110 2306 1362 2372 semper
1398 2285 1580 2351 fortis
1617 2284 1818 2352 oratio
1854 2283 2201 2369 quaeritur,
2251 2282 2368 2348 sed

304 2397 501 2460 saepe
533 2376 811 2462 placida,
868 2379 1236 2457 summissa,
1290 2379 1482 2456 lenis,
1538 2401 1702 2462 quae
1737 2379 2012 2443 maxime
2047 2399 2368 2442 commen-

304 2467 415 2533 dat
446 2489 611 2533 reos·
672 2491 817 2534 reos
854 2482 1067 2536 autem
1102 2472 1353 2559 appello
1382 2495 1512 2536 non
1549 2495 1660 2538 eos
1694 2473 1906 2550 modo,
1942 2471 2054 2556 qui
2089 2491 2367 2555 arguun-

303 2579 434 2641 tur,
474 2563 590 2628 sed
624 2563 860 2642 omnis,
898 2585 1167 2649 quorum
1204 2566 1283 2630 de
1318 2589 1387 2630 re
1425 2566 1841 2651 disceptatur,
1881 2566 1974 2630 sic
2008 2564 2179 2630 enim
2213 2562 2365 2627 olim

302 2657 744 2741 loquebantur.
858 2656 1082 2723 horum
1143 2658 1337 2744 igitur
1397 2657 1749 2744 exprimere
1810 2681 2020 2724 mores
2083 2654 2364 2723 oratione

302 2750 537 2828 iustos,
581 2749 895 2837 integros,
948 2751 1312 2838 religiosos,
1367 2751 1653 2830 timidos,
1697 2751 2129 2860 perferentis·
2109 2749 2367 2814 iniuriae

299 2866 445 2909 rum
476 2843 707 2909 mirum
744 2844 1047 2930 quiddam
1097 2845 1296 2924 valet3
1351 2857 1418 2910 et
1460 2845 1583 2912 hoc
1627 2847 1730 2910 vel
1779 2845 1850 2909 in
1891 2844 2215 2932 principiis
2264 2843 2365 2909 vel

301 2939 371 3005 in
412 2961 483 3006 re
526 2941 843 3006 narranda
883 2941 1053 3007 vel
1030 2965 1101 3006 m
1140 2941 1498 3028 perorando
1555 2949 1797 3005 tantam
1848 2940 2044 3006 habet
2095 2939 2254 3018 vim,
2309 2937 2367 3002 si

302 3044 405 3100 est
438 3034 717 3101 suaviter
750 3045 817 3102 et
850 3057 999 3100 cum
1034 3057 1229 3101 sensu
1263 3045 1620 3113 tractatum,
1656 3046 1729 3100 ut
1765 3023 1956 3121 saepe
1992 3035 2138 3122 plus
2175 3053 2368 3117 quam

301 3149 497 3194 causa
532 3129 759 3194 valeat.
846 3139 1095 3195 tantum
1138 3138 1353 3195 autem
1405 3129 1676 3194 efficitur
1731 3151 1922 3194 sensu
1969 3128 2247 3213 quodam
2291 3143 2367 3189 ac

299 3222 544 3289 ratione
596 3221 876 3300 dicendi,
929 3233 1004 3288 ut
1036 3223 1221 3308 quasi
1262 3245 1473 3288 mores
1519 3222 1786 3288 oratoris
1833 3223 2099 3310 effingat
2133 3221 2362 3299 oratio3

302 3337 537 3400 genere
574 3314 742 3381 enim
795 3317 1073 3400 quodam
1126 3317 1583 3383 sententiarum
1618 3327 1683 3381 et
1715 3339 1951 3403 genere
2003 3317 2362 3394 verborum,

304 3407 586 3474 adhibita
619 3409 811 3474 etiam
834 3411 1081 3477 actione
1113 3410 1243 3477 leni
1270 3412 1764 3497 facilitatemque
1793 3411 2190 3521 significante
2225 3412 2366 3475 effi·-

303 3501 491 3580 citur,
535 3513 609 3567 ut
637 3503 851 3589 probi,
902 3515 978 3568 ut
1008 3506 1172 3570 bene
1206 3505 1462 3584 morati,
1513 3517 1587 3571 ut
1620 3507 1773 3572 boni
1817 3506 1937 3570 viri
1970 3528 2115 3572 esse
2148 3505 2365 3570 videa?

298 3618 461 3662 mur.
550 3595 699 3662 huic
731 3607 945 3662 autem
978 3609 1079 3664 est
1110 3597 1221 3664 illa
1255 3598 1472 3685 dispar
1509 3600 1804 3665 adiuncta
1835 3599 1996 3665 ratio
2039 3598 2360 3678 orationis,
2396 3588 2470 3642 44

270 3710 467 3774 quae
503 3689 627 3757 alio
673 3691 949 3775 quodam
992 3714 1227 3778 genere
1268 3692 1502 3758 mentis
1553 3693 1834 3760 iudicum
1884 3704 2214 3780 permovet
2243 3693 2364 3758 im-

300 3783 632 3872 pellitque,
685 3796 757 3850 ut
800 3797 908 3851 aut
952 3786 1201 3852 oderint
1242 3799 1353 3853 aut
1407 3786 1674 3874 diligant
1727 3799 1837 3852 aut
1884 3787 2210 3852 invideant
2253 3799 2363 3852 aut

305 3877 555 3944 salvum
604 3879 804 3945 velint
847 3890 957 3946 aut
1004 3889 1297 3947 metuant
1344 3890 1456 3946 aut
1497 3891 1758 3968 sperent
1799 3891 1911 3946 aut
1951 3881 2210 3967 cupiant
2251 3893 2364 3946 aut

304 3971 688 4039 abhorreant
740 3985 851 4039 aut
891 3975 1206 4040 laetentur
1248 3986 1360 4041 aut
1410 3987 1734 4041 maereant
1783 3985 1895 4040 aut
1942 3974 2360 4042 misereantur

304 4074 415 4130 aut
455 4066 681 4152 punire
734 4068 932 4134 velint
976 4078 1086 4134 aut
1130 4067 1216 4134 ad
1265 4091 1377 4136 eos
1428 4078 1640 4135 motus
1686 4069 2102 4150 deducantur,
2157 4069 2214 4136 si
2247 4068 2356 4154 qui

1937 4173 2004 4224 7·

2401 2024 2476 2065 183

2401 2680 2476 2720 184

2399 3660 2474 3701 185
