2784 4575
888 218 1185 293 TOPIOA‘
1213 239 1455 294 72-78.
2075 230 2201 295 391

131 361 662 452 persuadendum
717 360 1016 427 scientiae
1065 395 1156 409 --
1206 370 1318 425 aut
1365 383 1551 439 usus3
1611 360 1983 447 plerumque
2035 365 2205 431 enim

131 457 432 522 creditur
484 455 606 533 eis,
669 454 779 538 qui
831 454 1076 541 experti
1137 464 1304 519 sunt.
1410 452 1563 517 facit
1614 452 1805 519 etiam
1855 458 2201 525 necessitas
2238 458 2311 512 20

131 552 370 628 fidem,
426 570 588 635 quae
631 560 767 615 tum
799 571 840 612 a
881 546 1280 633 corporibus,
1334 556 1473 613 tum
1505 547 1587 611 ab
1623 547 1849 613 animis
1895 550 2201 630 nascitur3

131 670 297 711 nam
335 655 403 710 et
437 643 833 721 verberibus,
887 641 1243 719 tormentis,
1295 641 1433 728 igni
1466 641 1716 729 fatigati
1768 666 1931 728 quae
1967 645 2203 726 dicunt,

131 764 222 804 ea
258 740 514 805 videtur
547 737 781 803 veritas
834 736 978 822 ipsa
1028 736 1266 814 dicere,
1323 746 1389 801 et
1422 758 1586 819 quae
1623 738 2203 823 perturbationibus

135 833 374 911 animi,
413 832 660 909 dolore,
705 829 1076 917 cupiditate,
1121 829 1473 907 iracundia,
1508 840 1709 909 metu,
1748 831 1895 916 quia
1927 835 2206 900 necessi-

133 927 296 993 tatis
335 926 468 990 vim
510 925 774 1002 habent,
831 924 1125 989 adferunt
1175 924 1612 990 auctoritatem
1655 936 1719 991 et
1752 926 1971 1005 fidem3
2024 928 2203 995 cuius
2248 945 2299 984 '1⁵

137 1018 408 1105 generis
445 1018 636 1083 etiam
669 1019 780 1083 illa
814 1030 988 1095 sunt,
1043 1040 1124 1083 ex
1159 1018 1387 1101 quibus
1432 1040 1655 1097 verum
1696 1042 1827 1085 non
1859 1042 2207 1106 numquam

139 1111 502 1177 invenitur:
535 1111 834 1198 pueritia,
881 1133 1170 1189 somnus,
1207 1112 1657 1198 imprudentia,
1702 1113 2073 1193 vinolentia,
2108 1114 2207 1179 in-

143 1206 366 1284 sania3
417 1228 566 1270 nam
601 1215 668 1270 et
706 1204 890 1292 parvi
933 1228 1124 1291 saepe
1168 1205 1607 1270 indicaverunt
1658 1206 1923 1291 aliquid,
1977 1230 2104 1293 quo
2138 1208 2207 1273 id

139 1300 496 1388 pertineret
528 1300 754 1386 ignari,
791 1309 855 1365 et
887 1322 1002 1386 per
1037 1322 1350 1377 somnum,
1386 1300 1625 1379 vinum,
1660 1300 1973 1367 insaniam
2006 1302 2207 1368 multa

146 1416 346 1481 saepe
398 1395 719 1481 patefacta
753 1404 930 1471 sunt3
983 1394 1167 1457 multi
1210 1393 1401 1466 etiam
1434 1393 1501 1457 in
1533 1416 1637 1459 res
1682 1394 1936 1460 odiosas
1968 1394 2209 1481 impru-

143 1488 378 1553 dentes
413 1488 796 1564 inciderunt,
829 1498 906 1552 ut
940 1484 1202 1552 Staieno
1236 1508 1443 1573 nuper
1476 1487 1731 1566 accidit,
1779 1489 1888 1573 qui
1923 1512 2001 1554 ea
2032 1489 2209 1555 locu-

146 1593 256 1645 tus
293 1592 396 1646 est
436 1581 621 1645 bonis
667 1580 820 1645 viris
865 1580 1489 1645 subauscultantibus
1532 1580 1773 1665 pariete
1814 1582 2205 1667 interpositO,

149 1675 386 1757 quibus
419 1673 755 1761 patefactis
789 1673 858 1738 in
891 1673 1318 1757 iudiciumque
1351 1673 1614 1760 prolatis
1650 1674 1757 1738 ille
1792 1675 1884 1739 rei
1920 1674 2206 1760 capitalis

145 1772 287 1835 inre
323 1770 656 1835 damnatus
694 1779 810 1834 est.
899 1768 1046 1833 huic
1081 1767 1284 1833 simile
1321 1768 1623 1851 quiddam
1657 1768 1738 1834 de
1771 1768 2209 1834 Lacedaemo-

145 1863 260 1929 nio
309 1864 636 1929 Pausania
687 1862 1066 1948 accepimus.
1163 1860 1498 1927 concursio·
1546 1871 1759 1927 autem
1810 1862 2210 1927 fortuitorum
2250 1879 2302 1919 '16

147 1956 296 2021 talis
335 1968 460 2035 est,
513 1968 614 2035 ut,
669 1955 724 2021 si
757 1955 1182 2021 interventum
1217 1966 1316 2020 est
1349 1976 1505 2020 casu
1512 2003 1531 2033 ,
1586 1976 1731 2020 cum
1775 1966 1885 2020 aut
1918 1966 2211 2042 ageretur

149 2050 418 2133 aliquid,
473 2050 646 2134 quod
677 2050 1126 2135 proferendum
1161 2072 1290 2114 non
1327 2055 1525 2125 es'set,
1581 2059 1693 2114 aut
1726 2049 2057 2115 diceretur.
2142 2049 2212 2113 in

146 2144 275 2208 hoc
309 2166 542 2229 genere
595 2144 787 2210 etiam
817 2143 928 2209 illa
979 2154 1079 2209 est
1112 2144 1180 2207 in
1211 2144 1625 2209 Palamedem
1676 2144 1961 2209 coniecta
2004 2144 2213 2230 suspi-

147 2236 397 2301 tionum
429 2238 800 2322 proditionis
833 2237 1200 2315 multitud03
1255 2238 1428 2322 quod
1461 2260 1663 2324 genus
1698 2238 1976 2304 refutare
2018 2237 2212 2304 inter-

150 2331 308 2392 dum
359 2331 590 2394 veritas
641 2331 751 2394 vix
801 2343 1032 2416 potest.
1120 2331 1308 2395 huius
1363 2331 1556 2396 etiam
1599 2342 1699 2396 est
1741 2332 1992 2419 generis
2038 2332 2213 2396 fama

153 2421 358 2507 volgi3
412 2421 732 2505 quoddam
783 2422 1201 2487 multitudinis
1256 2424 1704 2489 testimonium.
1793 2445 1956 2508 quae
2000 2435 2213 2488 autem

154 2515 386 2580 virtute
423 2515 614 2579 fidem
664 2515 933 2592 faciunt,
987 2537 1066 2579 ea
1097 2515 1394 2600 bipertita
1430 2526 1579 2580 sunt
1586 2541 1605 2594 3
1658 2537 1741 2580 ex
1792 2516 2021 2599 quibus
2058 2517 2213 2582 alte-

152 2632 297 2675 rum
331 2620 556 2673 natura
590 2609 788 2686 valet,
827 2609 1094 2673 alterum
1130 2608 1469 2686 industria3
1508 2609 1771 2674 deorum
1806 2607 1975 2672 enim
2010 2609 2208 2674 virtus

157 2713 384 2767 natura
417 2702 697 2779 excellit,
751 2701 1080 2767 hominum
1115 2711 1326 2766 autem
1379 2700 1708 2766 industria.
1799 2700 2013 2765 divina
2056 2701 2214 2767 haec
2258 2715 2307 2756 ⁷⁷

159 2796 294 2860 fere
349 2806 496 2860 sunt
547 2795 935 2864 testimoniat
987 2795 1260 2882 primum
1313 2794 1614 2860 orationis
1656 2831 1749 2842 --
1790 2793 2003 2860 oracla
2046 2795 2215 2878 enim

157 2913 242 2954 ex
274 2912 349 2955 eo
384 2890 524 2976 ipso
561 2889 876 2977 appellata
911 2900 1084 2967 sunt,
1140 2889 1314 2974 quod
1345 2890 1513 2954 inest
1544 2889 1613 2953 in
1648 2889 1739 2954 eis
1777 2889 2039 2955 deorum
2075 2913 2216 2956 ora-

159 2983 250 3048 tio
300 3019 388 3032 --·
439 2983 666 3048 deinde
719 3005 957 3061 rerum,
1014 2983 1081 3046 in
1117 2984 1346 3066 quibus
1400 2983 1618 3048 insunt
1667 2982 1851 3067 quasi
1902 2983 2211 3066 quaedam

157 3100 350 3162 opera
402 3078 643 3142 divina.
696 3077 970 3164 primum
1020 3077 1158 3164 ipse
1201 3077 1477 3142 mundus
1515 3077 1775 3161 eiusque
1819 3076 2023 3142 omnis
2060 3079 2213 3143 ordo

159 3182 229 3235 et
269 3182 554 3249 ornatus3
609 3172 914 3287 deinceps
963 3172 1116 3237 aerii
1169 3171 1417 3237 volatus
1471 3171 1684 3236 avium
1720 3182 1909 3255 atque
1963 3183 2213 3250 cantus3

162 3264 389 3328 deinde
441 3265 727 3330 eiusdem
789 3266 952 3331 aeris
1015 3265 1258 3331 sonitus
1314 3276 1380 3330 et
1433 3265 1691 3332 ardores
1750 3265 2215 3348 multarumque

163 3379 370 3424 rerum
418 3357 488 3420 in
541 3367 708 3422 terra
755 3369 1048 3444 portenta
1099 3369 1288 3442 atque
1339 3359 1534 3425 etiam
1594 3380 1709 3446 per
1760 3369 1909 3424 exta
1960 3358 2220 3422 inventa

164 3451 555 3538 praesensi03
623 3448 718 3537 [a]
783 3452 1236 3518 dormientibus
1301 3473 1552 3537 quoque
1604 3452 1805 3517 multa
1866 3451 2219 3537 significata

165 3544 336 3609 visis·
403 3541 659 3629 [quibus
715 3567 798 3610 ex
846 3546 1002 3611 locis
1057 3545 1222 3610 sumi
1275 3546 1591 3611 interdum
1645 3545 1853 3610 solent
1895 3546 1976 3610 ad
2024 3544 2215 3609 fidem

167 3637 515 3703 faciendam
549 3639 910 3706 testimonia
944 3638 1254 3726 deorum.]
1325 3640 1394 3704 in
1428 3639 1682 3706 homine
1717 3638 1965 3704 virtutis
2002 3638 2227 3725 opinio
2260 3667 2310 3706 τε

171 3732 333 3796 valet
364 3731 729 3819 plurimum3
766 3733 978 3820 opinio
1014 3744 1113 3799 est
1139 3744 1352 3799 autem
1384 3756 1515 3800 non
1548 3733 1738 3799 modo
1774 3755 1885 3798 eos
1920 3731 2217 3796 virtutem

171 3825 396 3890 habere
430 3825 539 3910 qui
573 3825 866 3906 habeant,
905 3827 1022 3893 sed
1055 3851 1163 3893 eos
1202 3827 1411 3906 etiam,
1450 3827 1559 3912 qui
1593 3826 1827 3893 habere
1863 3826 2213 3892 videantur.

170 3919 373 4002 itaque
409 3941 566 4004 quos
602 3920 890 4005 ingenio,
945 3944 1104 4006 quos
1143 3921 1455 3999 doctrina,
1513 3942 1673 4006 quos
1721 3919 1931 3985 studio
1965 3918 2215 4006 praedi-

170 4023 265 4076 tos
301 4013 512 4078 vident
545 4036 936 4100 quorumque
971 4016 1167 4084 vitam
1201 4026 1598 4082 constantem
1632 4025 1698 4080 et
1729 4014 2090 4102 probatam,
2143 4021 2216 4074 ut
