2784 4575
393 307 402 314 ·
481 289 609 356 102
1095 299 1170 354 M.
1209 297 1483 358 TULLn
1518 297 1920 358 omanoms

478 425 788 490 rationem
825 423 1032 492 studio
1069 433 1134 489 et
1177 423 1653 502 exercitatione3
1710 425 1881 510 quod
1926 425 2033 489 alii
2068 448 2213 492 cum
2246 430 2539 498 molestia

480 521 680 586 tribus
717 521 796 583 de
831 519 1039 583 causis
1083 518 1357 584 maxime
1403 518 1673 594 faciunt,
1728 529 1839 584 aut
1884 519 1938 584 si
1983 524 2091 607 qui
2101 533 2129 597 ,’
2172 523 2428 605 quicum
2460 527 2541 590 li-

477 615 700 679 benter
735 623 1129 689 exerceatur,
1181 634 1311 678 non
1343 612 1605 691 habeat,
1662 625 1773 689 aut
1806 613 1931 679 sibi
1972 615 2221 680 diffisus
2260 618 2369 696 sit,
2428 633 2537 684 aut

478 707 760 785 nescius,
817 729 1008 791 quam
1051 705 1220 770 viam
1265 706 1447 789 sequi
1490 706 1748 772 debeatz
1802 729 1964 792 quae
2002 731 2041 773 a
2074 709 2259 775 nobis
2302 712 2537 797 absunt

457 819 696 867 ‘omnes
761 800 1192 865 difficultates:
1256 823 1408 864 nam
1468 811 1533 864 et
1592 800 1780 866 simul
1839 801 2107 868 libenter
2168 825 2538 871 exercemur

474 904 734 981 propter
787 893 1152 972 amicitiam,
1207 894 1384 958 cuius
1436 893 1684 972 initium
1737 895 2030 982 cognatio
2084 897 2261 976 fecit,
2325 907 2535 966 cetera

474 987 914 1076 philosophiae
956 988 1117 1053 ratio
1163 989 1584 1067 confirmavit3
1640 1001 1705 1054 et
1745 990 1931 1055 nobis
1984 1014 2113 1057 non
2166 991 2531 1072 diffidimus,

377 1117 410 1168 g
475 1093 812 1171 propterea
855 1084 1026 1167 quod
1070 1093 1135 1147 et
1177 1083 1568 1166 aliquantum
1607 1085 2063 1170 processimus,
2119 1097 2184 1150 et
2228 1086 2353 1152 alia
2386 1098 2534 1153 sunt

476 1177 765 1254 meliora,
821 1197 982 1260 quae
1026 1177 1226 1243 multo
1277 1176 1579 1242 intentius
1621 1177 1895 1264 petimus
1938 1178 2007 1243 in
2049 1179 2208 1257 vita,
2260 1191 2357 1258 ut,
2412 1180 2533 1246 etsi

478 1295 606 1338 non
641 1271 1114 1357 pervenerimus
1151 1272 1219 1336 in
1253 1273 1551 1350 dicendo,
1606 1294 1733 1358 quo
1778 1273 2097 1353 volumus,
2148 1297 2349 1362 parva
2380 1298 2529 1362 pars

479 1367 646 1430 vitae
687 1365 1186 1452 perfectissimae
1238 1365 1657 1446 desideretur3
1713 1376 1777 1432 et
1818 1367 2016 1445 viam,
2071 1390 2261 1451 quam
2307 1390 2532 1452 sequa-

385 1467 390 1472 ’
476 1483 644 1540 mur,
682 1461 1018 1538 habemus,
1062 1469 1401 1546 propterea
1434 1462 1605 1544 quod
1646 1461 1714 1526 in
1746 1462 1846 1527 his
1882 1462 2059 1527 libris
2094 1462 2252 1528 nihil
2285 1474 2533 1549 praete-

475 1555 666 1619 ritum
717 1565 816 1620 est
865 1554 1216 1620 rhetoricae
1268 1555 1750 1640 praeceptionis.
1853 1553 2382 1641 [demonstratum
2433 1573 2532 1622 est

477 1649 673 1727 enim,
721 1672 846 1733 quo
883 1650 1073 1715 modo
1109 1670 1212 1714 res
1247 1649 1315 1712 in
1350 1648 1643 1714 omnibus
1690 1649 2029 1736 generibus
2066 1672 2401 1716 causarum
2434 1652 2533 1715 in-

475 1742 691 1832 venire
743 1753 1089 1830 oporteret:
1145 1742 1382 1806 dictum
1436 1755 1563 1820 est,
1618 1765 1744 1827 quo
1786 1753 1975 1829 pacto
2028 1767 2137 1810 eas
2194 1746 2529 1831 disponere

475 1838 866 1902 conveniret:
924 1837 1225 1901 traditum
1263 1849 1388 1913 est,
1444 1859 1571 1920 qua
1610 1838 1855 1902 ratione
1899 1850 2071 1903 esset
2117 1839 2529 1925 pronuntian-

476 1933 654 1997 dum:
690 1942 1101 2017 praeceptum
1136 1942 1261 2008 est,
1299 1952 1427 2014 qua
1458 1932 1822 1998 meminisse
1858 1956 2193 2020 possemus
2203 1960 2222 2014 3
2268 1935 2528 2002 demon-

477 2035 742 2089 stratum
778 2036 895 2102 est,
934 2026 1162 2107 quibus
1191 2024 1396 2090 modis
1424 2027 1708 2110 perfecta
1734 2027 2003 2094 elocutio
2032 2039 2527 2115 compararetur:
2746 2034 2777 2200 1

476 2140 638 2203 quae
676 2119 732 2182 si
767 2141 1133 2200 sequemur,
1189 2130 1370 2184 acute
1408 2131 1473 2184 et
1508 2120 1630 2186 cito
1664 2123 2080 2208 reperiemus,
2136 2122 2427 2188 distincte
2464 2135 2527 2187 et

476 2212 693 2278 ordine
730 2211 1170 2299 disponemus,
1226 2213 1505 2300 graviter
1540 2225 1605 2278 et
1645 2227 1911 2282 venuste
1954 2217 2525 2305 pronuntiabimus,

473 2307 652 2371 firme
697 2318 761 2371 et
799 2318 1103 2395 perpetue
1157 2308 1627 2374 meminerimus
1640 2357 1657 2387 ,
1712 2323 1930 2377 ornate
1972 2322 2041 2377 et
2084 2312 2361 2378 suaviter
2396 2312 2529 2378 elo·
2560 2314 2566 2319 ⁷

473 2423 780 2510 quemur.
849 2425 1002 2489 ergo
1047 2402 1373 2489 amplius
1353 2426 1421 2467 1n
1465 2414 1597 2469 arte
1639 2404 1953 2471 rhetorica
1995 2406 2152 2471 nihil
2188 2418 2312 2471 est:
2367 2406 2527 2471 haec

473 2496 686 2561 omnia
737 2496 1185 2606 adipiscemur,
1241 2498 1295 2561 si
1345 2498 1623 2563 rationes
1676 2500 2136 2585 praeceptionis
2200 2500 2523 2587 diligentia

473 2613 932 2675 consequemur
967 2590 1487 2688 exercitationis]
