<?xml version="1.0" encoding="UTF-8"?>
<!DOCTYPE html PUBLIC "-//W3C//DTD XHTML 1.0 Transitional//EN"
    "http://www.w3.org/TR/xhtml1/DTD/xhtml1-transitional.dtd">
<html xmlns="http://www.w3.org/1999/xhtml" xml:lang="en" lang="en">
 <head>
  <title>
</title>
<meta http-equiv="Content-Type" content="text/html;charset=utf-8" />
  <meta name='ocr-system' content='tesseract 3.04.00' />
  <meta name='ocr-capabilities' content='ocr_page ocr_carea ocr_par ocr_line ocrx_word'/>
</head>
<body>
  <div class='ocr_page' id='page_1' title='image "./mtulliiciceroni11unkngoog_0121.png"; bbox 0 0 2784 4575; ppageno 0'>
   <div class='ocr_carea' id='block_1_1' title="bbox 723 250 2327 320">
    <p class='ocr_par' dir='ltr' id='par_1_1' title="bbox 723 250 2327 320">
     <span class='ocr_line' id='line_1_1' title="bbox 723 250 2327 320; baseline 0 -4"><span class='ocrx_word' id='word_1_1' title='bbox 723 259 828 316; x_wconf 79' lang='lat' dir='ltr'><strong>AD</strong></span> <span class='ocrx_word' id='word_1_2' title='bbox 863 257 925 316; x_wconf 80' lang='lat'><strong>0.</strong></span> <span class='ocrx_word' id='word_1_3' title='bbox 959 260 1429 319; x_wconf 78' lang='lat' dir='ltr'><strong>HERENNIUM</strong></span> <span class='ocrx_word' id='word_1_4' title='bbox 1462 262 1599 319; x_wconf 89' lang='lat'><strong>1111.</strong></span> <span class='ocrx_word' id='word_1_5' title='bbox 1637 263 1876 320; x_wconf 75' lang='lat'><strong>16—18.</strong></span> <span class='ocrx_word' id='word_1_6' title='bbox 2242 250 2327 317; x_wconf 83' lang='grc'><strong>67</strong></span> 
     </span>
    </p>
   </div>
   <div class='ocr_carea' id='block_1_2' title="bbox 251 381 2329 1413">
    <p class='ocr_par' dir='ltr' id='par_1_2' title="bbox 251 381 2329 1413">
     <span class='ocr_line' id='line_1_2' title="bbox 251 381 2326 469; baseline -0 -15"><span class='ocrx_word' id='word_1_7' title='bbox 251 396 610 456; x_wconf 80' lang='lat' dir='ltr'><strong>remotum:</strong></span> <span class='ocrx_word' id='word_1_8' title='bbox 664 382 820 448; x_wconf 87' lang='lat' dir='ltr'><strong>vitia</strong></span> <span class='ocrx_word' id='word_1_9' title='bbox 865 381 936 448; x_wconf 85' lang='lat' dir='ltr'><strong>in</strong></span> <span class='ocrx_word' id='word_1_10' title='bbox 989 405 1308 463; x_wconf 75' lang='lat' dir='ltr'>sermone,</span> <span class='ocrx_word' id='word_1_11' title='bbox 1363 405 1491 469; x_wconf 77' lang='lat' dir='ltr'><strong>quo</strong></span> <span class='ocrx_word' id='word_1_12' title='bbox 1541 385 1749 450; x_wconf 83' lang='lat' dir='ltr'><strong>minus</strong></span> <span class='ocrx_word' id='word_1_13' title='bbox 1794 387 1851 452; x_wconf 90' lang='lat' dir='ltr'><strong>is</strong></span> <span class='ocrx_word' id='word_1_14' title='bbox 1896 385 2169 452; x_wconf 83' lang='lat' dir='ltr'><strong>Latinus</strong></span> <span class='ocrx_word' id='word_1_15' title='bbox 2224 386 2326 467; x_wconf 89' lang='lat' dir='ltr'><strong>sit,</strong></span> 
     </span>
     <span class='ocr_line' id='line_1_3' title="bbox 251 478 2329 569; baseline 0.001 -21"><span class='ocrx_word' id='word_1_16' title='bbox 251 484 389 548; x_wconf 84' lang='lat' dir='ltr'><strong>duo</strong></span> <span class='ocrx_word' id='word_1_17' title='bbox 422 489 702 569; x_wconf 77' lang='lat' dir='ltr'><strong>possunt</strong></span> <span class='ocrx_word' id='word_1_18' title='bbox 736 500 910 544; x_wconf 86' lang='lat' dir='ltr'><strong>esse:</strong></span> <span class='ocrx_word' id='word_1_19' title='bbox 949 478 1362 544; x_wconf 88' lang='lat' dir='ltr'><strong>soloecismus</strong></span> <span class='ocrx_word' id='word_1_20' title='bbox 1398 492 1465 545; x_wconf 89' lang='lat' dir='ltr'><strong>et</strong></span> <span class='ocrx_word' id='word_1_21' title='bbox 1497 480 1948 545; x_wconf 76' lang='lat' dir='ltr'><strong>barbarismus.</strong></span> <span class='ocrx_word' id='word_1_22' title='bbox 2030 482 2329 550; x_wconf 87' lang='lat' dir='ltr'><strong>soloecis-</strong></span> 
     </span>
     <span class='ocr_line' id='line_1_4' title="bbox 253 570 2329 658; baseline 0 -18"><span class='ocrx_word' id='word_1_23' title='bbox 253 598 402 640; x_wconf 88' lang='lat' dir='ltr'><strong>mus</strong></span> <span class='ocrx_word' id='word_1_24' title='bbox 441 585 574 652; x_wconf 88' lang='lat' dir='ltr'><strong>est,</strong></span> <span class='ocrx_word' id='word_1_25' title='bbox 630 593 777 636; x_wconf 89' lang='lat' dir='ltr'><strong>cum</strong></span> <span class='ocrx_word' id='word_1_26' title='bbox 810 572 878 636; x_wconf 90' lang='lat' dir='ltr'><strong>in</strong></span> <span class='ocrx_word' id='word_1_27' title='bbox 912 570 1125 638; x_wconf 87' lang='lat' dir='ltr'><strong>verbis</strong></span> <span class='ocrx_word' id='word_1_28' title='bbox 1169 572 1459 658; x_wconf 89' lang='lat' dir='ltr'><strong>pluribus</strong></span> <span class='ocrx_word' id='word_1_29' title='bbox 1504 595 1900 658; x_wconf 90' lang='lat' dir='ltr'><strong>consequens</strong></span> <span class='ocrx_word' id='word_1_30' title='bbox 1946 575 2213 640; x_wconf 89' lang='lat' dir='ltr'><strong>verbum</strong></span> <span class='ocrx_word' id='word_1_31' title='bbox 2246 577 2329 640; x_wconf 88' lang='lat' dir='ltr'><strong>ad</strong></span> 
     </span>
     <span class='ocr_line' id='line_1_5' title="bbox 257 665 2329 755; baseline 0 -21"><span class='ocrx_word' id='word_1_32' title='bbox 257 667 560 755; x_wconf 87' lang='lat' dir='ltr'><strong>superius</strong></span> <span class='ocrx_word' id='word_1_33' title='bbox 595 689 728 732; x_wconf 88' lang='lat' dir='ltr'><strong>non</strong></span> <span class='ocrx_word' id='word_1_34' title='bbox 764 665 1312 744; x_wconf 64' lang='lat' dir='ltr'><strong>adcommodatum</strong></span> <span class='ocrx_word' id='word_1_35' title='bbox 1364 667 1795 734; x_wconf 76' lang='lat' dir='ltr'><strong>barbarismus</strong></span> <span class='ocrx_word' id='word_1_36' title='bbox 1832 679 1961 746; x_wconf 87' lang='lat' dir='ltr'><strong>est,</strong></span> <span class='ocrx_word' id='word_1_37' title='bbox 2006 689 2153 732; x_wconf 90' lang='lat' dir='ltr'><strong>cum</strong></span> <span class='ocrx_word' id='word_1_38' title='bbox 2187 691 2329 734; x_wconf 87' lang='lat' dir='ltr'><strong>ver-</strong></span> 
     </span>
     <span class='ocr_line' id='line_1_6' title="bbox 259 759 2326 847; baseline 0.001 -20"><span class='ocrx_word' id='word_1_39' title='bbox 259 764 416 828; x_wconf 87' lang='lat' dir='ltr'><strong>bum</strong></span> <span class='ocrx_word' id='word_1_40' title='bbox 469 761 731 846; x_wconf 75' lang='lat' dir='ltr'><strong>aliquod</strong></span> <span class='ocrx_word' id='word_1_41' title='bbox 783 760 1010 826; x_wconf 87' lang='lat' dir='ltr'><strong>vitiose</strong></span> <span class='ocrx_word' id='word_1_42' title='bbox 1061 759 1340 826; x_wconf 83' lang='lat' dir='ltr'><strong>effertur.</strong></span> <span class='ocrx_word' id='word_1_43' title='bbox 1446 761 1607 828; x_wconf 84' lang='lat' dir='ltr'><strong>haec</strong></span> <span class='ocrx_word' id='word_1_44' title='bbox 1656 785 1785 847; x_wconf 87' lang='lat' dir='ltr'><strong>qua</strong></span> <span class='ocrx_word' id='word_1_45' title='bbox 1832 762 2076 828; x_wconf 87' lang='lat' dir='ltr'><strong>ratione</strong></span> <span class='ocrx_word' id='word_1_46' title='bbox 2128 762 2326 830; x_wconf 81' lang='lat' dir='ltr'><strong>vitare</strong></span> 
     </span>
     <span class='ocr_line' id='line_1_7' title="bbox 259 855 2327 944; baseline 0 -22"><span class='ocrx_word' id='word_1_47' title='bbox 259 856 617 944; x_wconf 87' lang='lat' dir='ltr'><strong>possimus,</strong></span> <span class='ocrx_word' id='word_1_48' title='bbox 669 855 740 919; x_wconf 88' lang='lat' dir='ltr'><strong>in</strong></span> <span class='ocrx_word' id='word_1_49' title='bbox 773 865 907 920; x_wconf 80' lang='lat' dir='ltr'><strong>arte</strong></span> <span class='ocrx_word' id='word_1_50' title='bbox 951 855 1366 940; x_wconf 84' lang='lat' dir='ltr'><strong>grammatica</strong></span> <span class='ocrx_word' id='word_1_51' title='bbox 1410 855 1683 924; x_wconf 88' lang='lat' dir='ltr'><strong>dilucide</strong></span> <span class='ocrx_word' id='word_1_52' title='bbox 1718 857 2022 922; x_wconf 88' lang='lat' dir='ltr'><strong>dicemus.</strong></span> <span class='ocrx_word' id='word_1_53' title='bbox 2110 857 2327 944; x_wconf 83' lang='lat' dir='ltr'><strong>expla-</strong></span> 
     </span>
     <span class='ocr_line' id='line_1_8' title="bbox 259 949 2325 1034; baseline 0 -18"><span class='ocrx_word' id='word_1_54' title='bbox 259 950 440 1016; x_wconf 84' lang='lat' dir='ltr'><strong>natio</strong></span> <span class='ocrx_word' id='word_1_55' title='bbox 475 959 601 1027; x_wconf 90' lang='lat' dir='ltr'><strong>est,</strong></span> <span class='ocrx_word' id='word_1_56' title='bbox 659 969 821 1032; x_wconf 85' lang='lat' dir='ltr'><strong>quae</strong></span> <span class='ocrx_word' id='word_1_57' title='bbox 863 949 1076 1013; x_wconf 89' lang='lat' dir='ltr'><strong>reddit</strong></span> <span class='ocrx_word' id='word_1_58' title='bbox 1128 961 1413 1034; x_wconf 88' lang='lat' dir='ltr'><strong>apertam</strong></span> <span class='ocrx_word' id='word_1_59' title='bbox 1448 960 1513 1016; x_wconf 89' lang='lat' dir='ltr'><strong>et</strong></span> <span class='ocrx_word' id='word_1_60' title='bbox 1554 950 1895 1016; x_wconf 77' lang='lat' dir='ltr'><strong>dilucidam</strong></span> <span class='ocrx_word' id='word_1_61' title='bbox 1944 949 2325 1030; x_wconf 86' lang='lat' dir='ltr'><strong>orationcm3</strong></span> 
     </span>
     <span class='ocr_line' id='line_1_9' title="bbox 259 1043 2324 1132; baseline -0.001 -20"><span class='ocrx_word' id='word_1_62' title='bbox 259 1068 349 1112; x_wconf 86' lang='lat' dir='ltr'><strong>ea</strong></span> <span class='ocrx_word' id='word_1_63' title='bbox 383 1053 782 1129; x_wconf 84' lang='lat' dir='ltr'><strong>comparatur</strong></span> <span class='ocrx_word' id='word_1_64' title='bbox 815 1043 1063 1108; x_wconf 83' lang='lat' dir='ltr'><strong>duabus</strong></span> <span class='ocrx_word' id='word_1_65' title='bbox 1106 1043 1330 1109; x_wconf 71' lang='lat' dir='ltr'><strong>rebust</strong></span> <span class='ocrx_word' id='word_1_66' title='bbox 1383 1044 1635 1110; x_wconf 87' lang='lat' dir='ltr'><strong>usitatis</strong></span> <span class='ocrx_word' id='word_1_67' title='bbox 1678 1045 1890 1112; x_wconf 89' lang='lat' dir='ltr'><strong>verbis</strong></span> <span class='ocrx_word' id='word_1_68' title='bbox 1926 1055 1993 1111; x_wconf 90' lang='lat' dir='ltr'><strong>et</strong></span> <span class='ocrx_word' id='word_1_69' title='bbox 2030 1045 2324 1132; x_wconf 77' lang='lat' dir='ltr'><strong>propriis.</strong></span> 
     </span>
     <span class='ocr_line' id='line_1_10' title="bbox 262 1138 2326 1222; baseline 0.001 -18"><span class='ocrx_word' id='word_1_70' title='bbox 262 1139 509 1205; x_wconf 82' lang='lat' dir='ltr'><strong>usitata</strong></span> <span class='ocrx_word' id='word_1_71' title='bbox 541 1147 688 1202; x_wconf 85' lang='lat' dir='ltr'><strong>sunt</strong></span> <span class='ocrx_word' id='word_1_72' title='bbox 722 1159 827 1214; x_wconf 90' lang='lat' dir='ltr'><strong>ea,</strong></span> <span class='ocrx_word' id='word_1_73' title='bbox 881 1159 1047 1222; x_wconf 85' lang='lat' dir='ltr'><strong>quae</strong></span> <span class='ocrx_word' id='word_1_74' title='bbox 1091 1147 1427 1203; x_wconf 83' lang='lat' dir='ltr'><strong>versantur</strong></span> <span class='ocrx_word' id='word_1_75' title='bbox 1459 1138 1526 1203; x_wconf 93' lang='lat' dir='ltr'><strong>in</strong></span> <span class='ocrx_word' id='word_1_76' title='bbox 1562 1161 1854 1206; x_wconf 86' lang='lat' dir='ltr'><strong>sermone</strong></span> <span class='ocrx_word' id='word_1_77' title='bbox 1890 1150 1956 1205; x_wconf 89' lang='lat' dir='ltr'><strong>et</strong></span> <span class='ocrx_word' id='word_1_78' title='bbox 1988 1150 2326 1207; x_wconf 86' lang='lat' dir='ltr'><strong>consuetu-</strong></span> 
     </span>
     <span class='ocr_line' id='line_1_11' title="bbox 261 1231 2324 1317; baseline 0 -19"><span class='ocrx_word' id='word_1_79' title='bbox 261 1232 418 1298; x_wconf 86' lang='lat' dir='ltr'><strong>dine</strong></span> <span class='ocrx_word' id='word_1_80' title='bbox 469 1231 786 1298; x_wconf 86' lang='lat' dir='ltr'><strong>cotidiana</strong></span> <span class='ocrx_word' id='word_1_81' title='bbox 793 1257 812 1310; x_wconf 86' lang='lat'><em>3</em></span> <span class='ocrx_word' id='word_1_82' title='bbox 875 1231 1162 1317; x_wconf 89' lang='lat' dir='ltr'><strong>propria,</strong></span> <span class='ocrx_word' id='word_1_83' title='bbox 1215 1253 1378 1315; x_wconf 87' lang='lat' dir='ltr'><strong>quae</strong></span> <span class='ocrx_word' id='word_1_84' title='bbox 1432 1232 1569 1298; x_wconf 90' lang='lat' dir='ltr'><strong>eius</strong></span> <span class='ocrx_word' id='word_1_85' title='bbox 1622 1233 1716 1298; x_wconf 87' lang='lat' dir='ltr'><strong>rei</strong></span> <span class='ocrx_word' id='word_1_86' title='bbox 1768 1235 1965 1299; x_wconf 83' lang='lat' dir='ltr'><strong>verba</strong></span> <span class='ocrx_word' id='word_1_87' title='bbox 2017 1244 2167 1300; x_wconf 83' lang='lat' dir='ltr'><strong>sunt</strong></span> <span class='ocrx_word' id='word_1_88' title='bbox 2218 1245 2324 1298; x_wconf 88' lang='lat' dir='ltr'><strong>aut</strong></span> 
     </span>
     <span class='ocr_line' id='line_1_12' title="bbox 259 1325 1411 1413; baseline 0 -21"><span class='ocrx_word' id='word_1_89' title='bbox 259 1349 412 1392; x_wconf 89' lang='lat' dir='ltr'><strong>esse</strong></span> <span class='ocrx_word' id='word_1_90' title='bbox 442 1336 744 1413; x_wconf 83' lang='lat' dir='ltr'><strong>possunt,</strong></span> <span class='ocrx_word' id='word_1_91' title='bbox 782 1347 910 1409; x_wconf 85' lang='lat' dir='ltr'><strong>qua</strong></span> <span class='ocrx_word' id='word_1_92' title='bbox 943 1325 1024 1392; x_wconf 90' lang='lat' dir='ltr'><strong>de</strong></span> <span class='ocrx_word' id='word_1_93' title='bbox 1055 1327 1411 1410; x_wconf 80' lang='lat' dir='ltr'><strong>loquemur.</strong></span> 
     </span>
    </p>
   </div>
   <div class='ocr_carea' id='block_1_3' title="bbox 255 1427 2326 2681">
    <p class='ocr_par' dir='ltr' id='par_1_3' title="bbox 255 1427 2326 2084">
     <span class='ocr_line' id='line_1_13' title="bbox 385 1427 2325 1520; baseline 0.001 -24"><span class='ocrx_word' id='word_1_94' title='bbox 385 1427 786 1516; x_wconf 86' lang='lat' dir='ltr'><strong>Compositio</strong></span> <span class='ocrx_word' id='word_1_95' title='bbox 819 1439 921 1496; x_wconf 87' lang='lat' dir='ltr'><strong>est</strong></span> <span class='ocrx_word' id='word_1_96' title='bbox 953 1430 1292 1496; x_wconf 84' lang='lat' dir='ltr'><strong>verborum</strong></span> <span class='ocrx_word' id='word_1_97' title='bbox 1325 1430 1709 1496; x_wconf 80' lang='lat' dir='ltr'><strong>constructio</strong></span> <span class='ocrx_word' id='word_1_98' title='bbox 1738 1432 2148 1516; x_wconf 75' lang='lat' dir='ltr'><strong>aequabiliter</strong></span> <span class='ocrx_word' id='word_1_99' title='bbox 2180 1455 2325 1520; x_wconf 87' lang='lat' dir='ltr'><strong>per-</strong></span> 
     </span>
     <span class='ocr_line' id='line_1_14' title="bbox 255 1521 2325 1610; baseline 0.002 -24"><span class='ocrx_word' id='word_1_100' title='bbox 255 1521 480 1609; x_wconf 80' lang='lat' dir='ltr'><strong>polita.</strong></span> <span class='ocrx_word' id='word_1_101' title='bbox 569 1545 650 1588; x_wconf 84' lang='lat' dir='ltr'><strong>ea</strong></span> <span class='ocrx_word' id='word_1_102' title='bbox 681 1523 1187 1602; x_wconf 76' lang='lat' dir='ltr'><strong>conservabitur,</strong></span> <span class='ocrx_word' id='word_1_103' title='bbox 1241 1523 1298 1589; x_wconf 90' lang='lat' dir='ltr'><strong>si</strong></span> <span class='ocrx_word' id='word_1_104' title='bbox 1345 1524 1667 1610; x_wconf 83' lang='lat' dir='ltr'><strong>fugiemus</strong></span> <span class='ocrx_word' id='word_1_105' title='bbox 1712 1527 1965 1592; x_wconf 86' lang='lat' dir='ltr'><strong>crebras</strong></span> <span class='ocrx_word' id='word_1_106' title='bbox 2009 1526 2325 1592; x_wconf 85' lang='lat' dir='ltr'><strong>vocalium</strong></span> 
     </span>
     <span class='ocr_line' id='line_1_15' title="bbox 257 1617 2326 1702; baseline 0.001 -20"><span class='ocrx_word' id='word_1_107' title='bbox 257 1617 738 1695; x_wconf 82' lang='lat' dir='ltr'><strong>concursiones,</strong></span> <span class='ocrx_word' id='word_1_108' title='bbox 775 1639 938 1702; x_wconf 79' lang='lat' dir='ltr'><strong>quae</strong></span> <span class='ocrx_word' id='word_1_109' title='bbox 972 1628 1224 1682; x_wconf 83' lang='lat' dir='ltr'><strong>vastam</strong></span> <span class='ocrx_word' id='word_1_110' title='bbox 1257 1628 1449 1701; x_wconf 86' lang='lat' dir='ltr'><strong>atque</strong></span> <span class='ocrx_word' id='word_1_111' title='bbox 1483 1617 1765 1683; x_wconf 83' lang='lat' dir='ltr'><strong>hiantem</strong></span> <span class='ocrx_word' id='word_1_112' title='bbox 1799 1619 2147 1685; x_wconf 87' lang='lat' dir='ltr'><strong>orationem</strong></span> <span class='ocrx_word' id='word_1_113' title='bbox 2179 1621 2326 1684; x_wconf 86' lang='lat' dir='ltr'><strong>red-</strong></span> 
     </span>
     <span class='ocr_line' id='line_1_16' title="bbox 255 1711 2324 1800; baseline 0.001 -25"><span class='ocrx_word' id='word_1_114' title='bbox 255 1711 450 1789; x_wconf 88' lang='lat' dir='ltr'><strong>dunt,</strong></span> <span class='ocrx_word' id='word_1_115' title='bbox 501 1721 576 1776; x_wconf 88' lang='lat' dir='ltr'><strong>ut</strong></span> <span class='ocrx_word' id='word_1_116' title='bbox 607 1711 768 1776; x_wconf 83' lang='lat' dir='ltr'><strong>haec</strong></span> <span class='ocrx_word' id='word_1_117' title='bbox 803 1723 930 1779; x_wconf 84' lang='lat' dir='ltr'><strong>est:</strong></span> <span class='ocrx_word' id='word_1_118' title='bbox 987 1714 1250 1778; x_wconf 84' lang='lat' dir='ltr'><strong>‘baccae</strong></span> <span class='ocrx_word' id='word_1_119' title='bbox 1295 1733 1518 1780; x_wconf 87' lang='lat' dir='ltr'><strong>aereae</strong></span> <span class='ocrx_word' id='word_1_120' title='bbox 1555 1714 2037 1780; x_wconf 82' lang='lat' dir='ltr'><strong>amoenissimae</strong></span> <span class='ocrx_word' id='word_1_121' title='bbox 2078 1715 2324 1800; x_wconf 87' lang='lat' dir='ltr'><strong>impen-</strong></span> 
     </span>
     <span class='ocr_line' id='line_1_17' title="bbox 261 1806 2324 1884; baseline 0.002 -14"><span class='ocrx_word' id='word_1_122' title='bbox 261 1806 560 1884; x_wconf 80' lang='lat' dir='ltr'><strong>debant3’</strong></span> <span class='ocrx_word' id='word_1_123' title='bbox 615 1817 684 1872; x_wconf 91' lang='lat' dir='ltr'><strong>et</strong></span> <span class='ocrx_word' id='word_1_124' title='bbox 735 1806 792 1870; x_wconf 94' lang='lat' dir='ltr'><strong>si</strong></span> <span class='ocrx_word' id='word_1_125' title='bbox 841 1806 1183 1872; x_wconf 83' lang='lat' dir='ltr'><strong>vitabimus</strong></span> <span class='ocrx_word' id='word_1_126' title='bbox 1239 1807 1526 1873; x_wconf 87' lang='lat' dir='ltr'><strong>eiusdem</strong></span> <span class='ocrx_word' id='word_1_127' title='bbox 1560 1807 1807 1874; x_wconf 85' lang='lat' dir='ltr'><strong>litterae</strong></span> <span class='ocrx_word' id='word_1_128' title='bbox 1842 1809 2103 1873; x_wconf 87' lang='lat' dir='ltr'><strong>nimiam</strong></span> <span class='ocrx_word' id='word_1_129' title='bbox 2156 1809 2324 1874; x_wconf 85' lang='lat' dir='ltr'><strong>adsi-</strong></span> 
     </span>
     <span class='ocr_line' id='line_1_18' title="bbox 255 1899 2322 1989; baseline 0.002 -25"><span class='ocrx_word' id='word_1_130' title='bbox 255 1899 599 1978; x_wconf 82' lang='lat' dir='ltr'><strong>duitatem,</strong></span> <span class='ocrx_word' id='word_1_131' title='bbox 653 1900 758 1964; x_wconf 88' lang='lat' dir='ltr'><strong>cui</strong></span> <span class='ocrx_word' id='word_1_132' title='bbox 789 1900 944 1966; x_wconf 87' lang='lat' dir='ltr'><strong>vitio</strong></span> <span class='ocrx_word' id='word_1_133' title='bbox 980 1921 1204 1966; x_wconf 88' lang='lat' dir='ltr'><strong>versus</strong></span> <span class='ocrx_word' id='word_1_134' title='bbox 1249 1901 1354 1966; x_wconf 86' lang='lat' dir='ltr'><strong>hic</strong></span> <span class='ocrx_word' id='word_1_135' title='bbox 1387 1902 1508 1966; x_wconf 90' lang='lat' dir='ltr'><strong>erit</strong></span> <span class='ocrx_word' id='word_1_136' title='bbox 1550 1903 1871 1989; x_wconf 82' lang='lat' dir='ltr'><strong>exemplo=</strong></span> <span class='ocrx_word' id='word_1_137' title='bbox 1914 1937 2005 1951; x_wconf 89' lang='lat'><strong>·--</strong></span> <span class='ocrx_word' id='word_1_138' title='bbox 2035 1925 2185 1968; x_wconf 88' lang='lat' dir='ltr'><strong>nam</strong></span> <span class='ocrx_word' id='word_1_139' title='bbox 2219 1901 2322 1968; x_wconf 90' lang='lat' dir='ltr'><strong>hic</strong></span> 
     </span>
     <span class='ocr_line' id='line_1_19' title="bbox 257 1993 1939 2084; baseline 0.002 -24"><span class='ocrx_word' id='word_1_140' title='bbox 257 1993 420 2060; x_wconf 81' lang='lat' dir='ltr'><strong>nihil</strong></span> <span class='ocrx_word' id='word_1_141' title='bbox 454 1994 750 2079; x_wconf 87' lang='lat' dir='ltr'><strong>probibet</strong></span> <span class='ocrx_word' id='word_1_142' title='bbox 780 1994 850 2058; x_wconf 91' lang='lat' dir='ltr'><strong>in</strong></span> <span class='ocrx_word' id='word_1_143' title='bbox 881 1995 1081 2073; x_wconf 86' lang='lat' dir='ltr'><strong>vitiis,</strong></span> <span class='ocrx_word' id='word_1_144' title='bbox 1121 1995 1342 2062; x_wconf 82' lang='lat' dir='ltr'><strong>alienis</strong></span> <span class='ocrx_word' id='word_1_145' title='bbox 1379 1997 1687 2084; x_wconf 83' lang='lat' dir='ltr'><strong>exemplis</strong></span> <span class='ocrx_word' id='word_1_146' title='bbox 1724 1997 1818 2062; x_wconf 90' lang='lat' dir='ltr'><strong>uti</strong></span> <span class='ocrx_word' id='word_1_147' title='bbox 1848 2029 1939 2045; x_wconf 81' lang='lat'><strong>--</strong></span> 
     </span>
    </p>

    <p class='ocr_par' dir='ltr' id='par_1_4' title="bbox 255 2096 2325 2681">
     <span class='ocr_line' id='line_1_20' title="bbox 435 2096 2091 2184; baseline 0.002 -21"><span class='ocrx_word' id='word_1_148' title='bbox 435 2096 500 2163; x_wconf 92' lang='lat' dir='ltr'>O</span> <span class='ocrx_word' id='word_1_149' title='bbox 537 2097 714 2174; x_wconf 83' lang='lat' dir='ltr'><strong>Tite,</strong></span> <span class='ocrx_word' id='word_1_150' title='bbox 751 2107 912 2175; x_wconf 85' lang='lat' dir='ltr'><strong>tute,</strong></span> <span class='ocrx_word' id='word_1_151' title='bbox 951 2097 1129 2177; x_wconf 86' lang='lat' dir='ltr'><strong>Tati,</strong></span> <span class='ocrx_word' id='word_1_152' title='bbox 1166 2099 1282 2163; x_wconf 87' lang='lat' dir='ltr'><strong>tibi</strong></span> <span class='ocrx_word' id='word_1_153' title='bbox 1316 2110 1522 2178; x_wconf 87' lang='lat' dir='ltr'><strong>tanta,</strong></span> <span class='ocrx_word' id='word_1_154' title='bbox 1558 2111 1853 2184; x_wconf 84' lang='lat' dir='ltr'><strong>tyranne,</strong></span> <span class='ocrx_word' id='word_1_155' title='bbox 1891 2100 2091 2166; x_wconf 85' lang='lat' dir='ltr'><strong>tulisti</strong></span> 
     </span>
     <span class='ocr_line' id='line_1_21' title="bbox 255 2199 1760 2286; baseline 0.001 -21"><span class='ocrx_word' id='word_1_156' title='bbox 255 2211 325 2265; x_wconf 88' lang='lat' dir='ltr'><strong>et</strong></span> <span class='ocrx_word' id='word_1_157' title='bbox 360 2199 465 2263; x_wconf 92' lang='lat' dir='ltr'><strong>hic</strong></span> <span class='ocrx_word' id='word_1_158' title='bbox 501 2199 787 2264; x_wconf 89' lang='lat' dir='ltr'><strong>eiusdem</strong></span> <span class='ocrx_word' id='word_1_159' title='bbox 820 2211 1076 2286; x_wconf 82' lang='lat' dir='ltr'><strong>poetae:</strong></span> <span class='ocrx_word' id='word_1_160' title='bbox 1748 2232 1760 2245; x_wconf 87' lang='lat'>·</span> 
     </span>
     <span class='ocr_line' id='line_1_22' title="bbox 433 2304 2325 2393; baseline 0.001 -24"><span class='ocrx_word' id='word_1_161' title='bbox 433 2328 706 2393; x_wconf 79' lang='lat' dir='ltr'><strong>unquam</strong></span> <span class='ocrx_word' id='word_1_162' title='bbox 751 2304 1089 2389; x_wconf 87' lang='lat' dir='ltr'><strong>quicquam</strong></span> <span class='ocrx_word' id='word_1_163' title='bbox 1123 2304 1460 2390; x_wconf 85' lang='lat' dir='ltr'><strong>quisquam</strong></span> <span class='ocrx_word' id='word_1_164' title='bbox 1494 2305 1815 2390; x_wconf 86' lang='lat' dir='ltr'><strong>cuiquam,</strong></span> <span class='ocrx_word' id='word_1_165' title='bbox 1869 2308 2041 2391; x_wconf 89' lang='lat' dir='ltr'><strong>quod</strong></span> <span class='ocrx_word' id='word_1_166' title='bbox 2084 2309 2139 2373; x_wconf 82' lang='lat' dir='ltr'><strong>ei</strong></span> <span class='ocrx_word' id='word_1_167' title='bbox 2174 2328 2325 2373; x_wconf 89' lang='lat' dir='ltr'><strong>con-</strong></span> 
     </span>
     <span class='ocr_line' id='line_1_23' title="bbox 863 2398 1337 2487; baseline 0.004 -24"><span class='ocrx_word' id='word_1_168' title='bbox 863 2398 1107 2477; x_wconf 89' lang='lat' dir='ltr'><strong>veniat,</strong></span> <span class='ocrx_word' id='word_1_169' title='bbox 1143 2411 1337 2487; x_wconf 88' lang='lat' dir='ltr'><strong>neget</strong></span> 
     </span>
     <span class='ocr_line' id='line_1_24' title="bbox 255 2502 2319 2597; baseline -0 -21"><span class='ocrx_word' id='word_1_170' title='bbox 255 2524 327 2577; x_wconf 88' lang='lat' dir='ltr'><strong>et</strong></span> <span class='ocrx_word' id='word_1_171' title='bbox 363 2510 419 2575; x_wconf 87' lang='lat' dir='ltr'><strong>si</strong></span> <span class='ocrx_word' id='word_1_172' title='bbox 454 2502 742 2576; x_wconf 83' lang='lat' dir='ltr'><strong>eiusdem</strong></span> <span class='ocrx_word' id='word_1_173' title='bbox 775 2510 956 2576; x_wconf 90' lang='lat' dir='ltr'><strong>verbi</strong></span> <span class='ocrx_word' id='word_1_174' title='bbox 991 2510 1439 2577; x_wconf 87' lang='lat' dir='ltr'><strong>adsiduitatem</strong></span> <span class='ocrx_word' id='word_1_175' title='bbox 1480 2510 1741 2577; x_wconf 88' lang='lat' dir='ltr'><strong>nimiam</strong></span> <span class='ocrx_word' id='word_1_176' title='bbox 1776 2510 2095 2597; x_wconf 86' lang='lat' dir='ltr'><strong>fugiemus</strong></span> <span class='ocrx_word' id='word_1_177' title='bbox 2132 2510 2319 2576; x_wconf 86' lang='lat' dir='ltr'><strong>huius</strong></span> 
     </span>
     <span class='ocr_line' id='line_1_25' title="bbox 258 2602 2323 2681; baseline -0.001 -12"><span class='ocrx_word' id='word_1_178' title='bbox 258 2602 465 2669; x_wconf 83' lang='lat' dir='ltr'><strong>modi:</strong></span> <span class='ocrx_word' id='word_1_179' title='bbox 520 2610 698 2669; x_wconf 89' lang='lat' dir='ltr'><strong>‘nam</strong></span> <span class='ocrx_word' id='word_1_180' title='bbox 749 2605 928 2669; x_wconf 89' lang='lat' dir='ltr'><strong>cuius</strong></span> <span class='ocrx_word' id='word_1_181' title='bbox 980 2604 1242 2671; x_wconf 87' lang='lat' dir='ltr'><strong>rationis</strong></span> <span class='ocrx_word' id='word_1_182' title='bbox 1296 2604 1460 2669; x_wconf 86' lang='lat' dir='ltr'><strong>ratio</strong></span> <span class='ocrx_word' id='word_1_183' title='bbox 1513 2626 1642 2669; x_wconf 91' lang='lat' dir='ltr'><strong>non</strong></span> <span class='ocrx_word' id='word_1_184' title='bbox 1695 2614 1932 2681; x_wconf 87' lang='lat' dir='ltr'><strong>exstat,</strong></span> <span class='ocrx_word' id='word_1_185' title='bbox 1986 2603 2046 2668; x_wconf 90' lang='lat' dir='ltr'><strong>ei</strong></span> <span class='ocrx_word' id='word_1_186' title='bbox 2096 2603 2323 2669; x_wconf 88' lang='lat' dir='ltr'><strong>rationi</strong></span> 
     </span>
    </p>
   </div>
   <div class='ocr_carea' id='block_1_4' title="bbox 256 2695 2325 2868">
    <p class='ocr_par' dir='ltr' id='par_1_5' title="bbox 256 2695 2325 2868">
     <span class='ocr_line' id='line_1_26' title="bbox 256 2695 2325 2775; baseline -0.002 -12"><span class='ocrx_word' id='word_1_187' title='bbox 256 2698 422 2764; x_wconf 87' lang='lat' dir='ltr'><strong>ratio</strong></span> <span class='ocrx_word' id='word_1_188' title='bbox 457 2722 588 2763; x_wconf 90' lang='lat' dir='ltr'><strong>non</strong></span> <span class='ocrx_word' id='word_1_189' title='bbox 622 2709 722 2764; x_wconf 90' lang='lat' dir='ltr'><strong>est</strong></span> <span class='ocrx_word' id='word_1_190' title='bbox 754 2698 948 2763; x_wconf 90' lang='lat' dir='ltr'><strong>fidem</strong></span> <span class='ocrx_word' id='word_1_191' title='bbox 981 2698 1215 2763; x_wconf 86' lang='lat' dir='ltr'><strong>habere</strong></span> <span class='ocrx_word' id='word_1_192' title='bbox 1226 2697 1274 2775; x_wconf 83' lang='lat'><strong>3&#39;</strong></span> <span class='ocrx_word' id='word_1_193' title='bbox 1312 2707 1377 2762; x_wconf 90' lang='lat' dir='ltr'><strong>et</strong></span> <span class='ocrx_word' id='word_1_194' title='bbox 1413 2696 1469 2763; x_wconf 89' lang='lat' dir='ltr'><strong>si</strong></span> <span class='ocrx_word' id='word_1_195' title='bbox 1503 2718 1632 2761; x_wconf 90' lang='lat' dir='ltr'><strong>non</strong></span> <span class='ocrx_word' id='word_1_196' title='bbox 1658 2707 1907 2761; x_wconf 89' lang='lat' dir='ltr'><strong>utemur</strong></span> <span class='ocrx_word' id='word_1_197' title='bbox 1934 2695 2325 2762; x_wconf 85' lang='lat' dir='ltr'><strong>continenter</strong></span> 
     </span>
     <span class='ocr_line' id='line_1_27' title="bbox 258 2790 1653 2868; baseline -0.001 -11"><span class='ocrx_word' id='word_1_198' title='bbox 258 2790 552 2857; x_wconf 83' lang='lat' dir='ltr'><strong>similiter</strong></span> <span class='ocrx_word' id='word_1_199' title='bbox 587 2790 958 2857; x_wconf 88' lang='lat' dir='ltr'><strong>cadentibus</strong></span> <span class='ocrx_word' id='word_1_200' title='bbox 995 2792 1237 2868; x_wconf 87' lang='lat' dir='ltr'><strong>verbis,</strong></span> <span class='ocrx_word' id='word_1_201' title='bbox 1273 2790 1397 2855; x_wconf 89' lang='lat' dir='ltr'><strong>hoc</strong></span> <span class='ocrx_word' id='word_1_202' title='bbox 1430 2790 1653 2856; x_wconf 85' lang='lat' dir='ltr'><strong>modo:</strong></span> 
     </span>
    </p>
   </div>
   <div class='ocr_carea' id='block_1_5' title="bbox 433 2892 1884 2985">
    <p class='ocr_par' dir='ltr' id='par_1_6' title="bbox 433 2892 1884 2985">
     <span class='ocr_line' id='line_1_28' title="bbox 433 2892 1884 2985; baseline -0.002 -26"><span class='ocrx_word' id='word_1_203' title='bbox 433 2894 657 2961; x_wconf 85' lang='lat' dir='ltr'><strong>flentes</strong></span> <span class='ocrx_word' id='word_1_204' title='bbox 693 2892 1016 2985; x_wconf 88' lang='lat' dir='ltr'><strong>plorantes</strong></span> <span class='ocrx_word' id='word_1_205' title='bbox 1051 2893 1456 2959; x_wconf 87' lang='lat' dir='ltr'><strong>lacrimantes</strong></span> <span class='ocrx_word' id='word_1_206' title='bbox 1492 2892 1884 2957; x_wconf 82' lang='lat' dir='ltr'><strong>obtestantes</strong></span> 
     </span>
    </p>
   </div>
   <div class='ocr_carea' id='block_1_6' title="bbox 253 2992 2421 4207">
    <p class='ocr_par' dir='ltr' id='par_1_7' title="bbox 257 2992 2324 3372">
     <span class='ocr_line' id='line_1_29' title="bbox 258 2992 2324 3079; baseline -0.001 -18"><span class='ocrx_word' id='word_1_207' title='bbox 258 3005 332 3061; x_wconf 88' lang='lat' dir='ltr'><strong>et</strong></span> <span class='ocrx_word' id='word_1_208' title='bbox 367 2994 424 3061; x_wconf 88' lang='lat' dir='ltr'><strong>si</strong></span> <span class='ocrx_word' id='word_1_209' title='bbox 465 2995 805 3063; x_wconf 89' lang='lat' dir='ltr'><strong>verborum</strong></span> <span class='ocrx_word' id='word_1_210' title='bbox 847 2996 1360 3063; x_wconf 85' lang='lat' dir='ltr'><strong>transiectionem</strong></span> <span class='ocrx_word' id='word_1_211' title='bbox 1404 2993 1745 3060; x_wconf 88' lang='lat' dir='ltr'><strong>vitabimus</strong></span> <span class='ocrx_word' id='word_1_212' title='bbox 1758 3042 1777 3071; x_wconf 92' lang='lat'>‚</span> <span class='ocrx_word' id='word_1_213' title='bbox 1832 2992 1957 3059; x_wconf 88' lang='lat' dir='ltr'><strong>nisi</strong></span> <span class='ocrx_word' id='word_1_214' title='bbox 1998 3014 2163 3079; x_wconf 87' lang='lat' dir='ltr'><strong>quae</strong></span> <span class='ocrx_word' id='word_1_215' title='bbox 2206 2993 2324 3059; x_wconf 90' lang='lat' dir='ltr'><strong>erit</strong></span> 
     </span>
     <span class='ocr_line' id='line_1_30' title="bbox 259 3088 2323 3177; baseline -0.002 -22"><span class='ocrx_word' id='word_1_216' title='bbox 259 3089 600 3168; x_wconf 84' lang='lat' dir='ltr'><strong>concinna,</strong></span> <span class='ocrx_word' id='word_1_217' title='bbox 639 3111 766 3173; x_wconf 90' lang='lat' dir='ltr'><strong>qua</strong></span> <span class='ocrx_word' id='word_1_218' title='bbox 801 3092 880 3155; x_wconf 90' lang='lat' dir='ltr'><strong>de</strong></span> <span class='ocrx_word' id='word_1_219' title='bbox 913 3114 983 3156; x_wconf 91' lang='lat' dir='ltr'><strong>re</strong></span> <span class='ocrx_word' id='word_1_220' title='bbox 1015 3089 1332 3177; x_wconf 88' lang='lat' dir='ltr'><strong>posterius</strong></span> <span class='ocrx_word' id='word_1_221' title='bbox 1369 3089 1728 3174; x_wconf 85' lang='lat' dir='ltr'><strong>loquemur:</strong></span> <span class='ocrx_word' id='word_1_222' title='bbox 1774 3109 1900 3171; x_wconf 92' lang='lat' dir='ltr'><strong>quo</strong></span> <span class='ocrx_word' id='word_1_223' title='bbox 1934 3088 2003 3154; x_wconf 90' lang='lat' dir='ltr'><strong>in</strong></span> <span class='ocrx_word' id='word_1_224' title='bbox 2036 3089 2189 3155; x_wconf 89' lang='lat' dir='ltr'><strong>vitio</strong></span> <span class='ocrx_word' id='word_1_225' title='bbox 2225 3099 2323 3153; x_wconf 88' lang='lat' dir='ltr'><strong>est</strong></span> 
     </span>
     <span class='ocr_line' id='line_1_31' title="bbox 257 3181 1935 3270; baseline -0.001 -21"><span class='ocrx_word' id='word_1_226' title='bbox 257 3182 555 3249; x_wconf 88' lang='lat' dir='ltr'><strong>Lucilius</strong></span> <span class='ocrx_word' id='word_1_227' title='bbox 593 3185 930 3261; x_wconf 87' lang='lat' dir='ltr'><strong>adsiduus,</strong></span> <span class='ocrx_word' id='word_1_228' title='bbox 965 3195 1038 3249; x_wconf 91' lang='lat' dir='ltr'><strong>ut</strong></span> <span class='ocrx_word' id='word_1_229' title='bbox 1069 3184 1229 3249; x_wconf 87' lang='lat' dir='ltr'><strong>haec</strong></span> <span class='ocrx_word' id='word_1_230' title='bbox 1265 3192 1365 3250; x_wconf 90' lang='lat' dir='ltr'><strong>est</strong></span> <span class='ocrx_word' id='word_1_231' title='bbox 1400 3183 1469 3249; x_wconf 90' lang='lat' dir='ltr'><strong>in</strong></span> <span class='ocrx_word' id='word_1_232' title='bbox 1502 3183 1709 3270; x_wconf 89' lang='lat' dir='ltr'><strong>priore</strong></span> <span class='ocrx_word' id='word_1_233' title='bbox 1744 3181 1935 3247; x_wconf 82' lang='lat' dir='ltr'><strong>libro:</strong></span> 
     </span>
     <span class='ocr_line' id='line_1_32' title="bbox 437 3284 2040 3372; baseline -0.001 -21"><span class='ocrx_word' id='word_1_234' title='bbox 437 3284 553 3351; x_wconf 85' lang='lat' dir='ltr'><strong>has</strong></span> <span class='ocrx_word' id='word_1_235' title='bbox 587 3309 692 3351; x_wconf 89' lang='lat' dir='ltr'><strong>res</strong></span> <span class='ocrx_word' id='word_1_236' title='bbox 730 3287 813 3351; x_wconf 87' lang='lat' dir='ltr'><strong>ad</strong></span> <span class='ocrx_word' id='word_1_237' title='bbox 846 3296 910 3351; x_wconf 89' lang='lat' dir='ltr'><strong>te</strong></span> <span class='ocrx_word' id='word_1_238' title='bbox 947 3286 1245 3372; x_wconf 88' lang='lat' dir='ltr'><strong>scriptas,</strong></span> <span class='ocrx_word' id='word_1_239' title='bbox 1281 3284 1478 3362; x_wconf 88' lang='lat' dir='ltr'><strong>Luci,</strong></span> <span class='ocrx_word' id='word_1_240' title='bbox 1514 3286 1833 3363; x_wconf 89' lang='lat' dir='ltr'><strong>misimus,</strong></span> <span class='ocrx_word' id='word_1_241' title='bbox 1868 3284 2040 3349; x_wconf 89' lang='lat' dir='ltr'><strong>Aeli.</strong></span> 
     </span>
    </p>

    <p class='ocr_par' dir='ltr' id='par_1_8' title="bbox 256 3384 2321 3757">
     <span class='ocr_line' id='line_1_33' title="bbox 259 3384 2320 3475; baseline -0.001 -24"><span class='ocrx_word' id='word_1_242' title='bbox 259 3384 420 3453; x_wconf 79' lang='lat' dir='ltr'><strong>item</strong></span> <span class='ocrx_word' id='word_1_243' title='bbox 468 3388 690 3475; x_wconf 78' lang='lat' dir='ltr'><strong>fugere</strong></span> <span class='ocrx_word' id='word_1_244' title='bbox 744 3398 993 3475; x_wconf 88' lang='lat' dir='ltr'><strong>oportet</strong></span> <span class='ocrx_word' id='word_1_245' title='bbox 1049 3388 1309 3475; x_wconf 85' lang='lat' dir='ltr'><strong>longam</strong></span> <span class='ocrx_word' id='word_1_246' title='bbox 1367 3388 1707 3454; x_wconf 89' lang='lat' dir='ltr'><strong>verborum</strong></span> <span class='ocrx_word' id='word_1_247' title='bbox 1768 3386 2320 3459; x_wconf 87' lang='lat' dir='ltr'><strong>continuationem,</strong></span> 
     </span>
     <span class='ocr_line' id='line_1_34' title="bbox 256 3477 2319 3569; baseline -0.002 -24"><span class='ocrx_word' id='word_1_248' title='bbox 256 3500 428 3563; x_wconf 81' lang='lat' dir='ltr'><strong>quae</strong></span> <span class='ocrx_word' id='word_1_249' title='bbox 471 3490 540 3547; x_wconf 88' lang='lat' dir='ltr'><strong>ct</strong></span> <span class='ocrx_word' id='word_1_250' title='bbox 583 3481 886 3547; x_wconf 88' lang='lat' dir='ltr'><strong>auditoris</strong></span> <span class='ocrx_word' id='word_1_251' title='bbox 933 3482 1102 3547; x_wconf 88' lang='lat' dir='ltr'><strong>auris</strong></span> <span class='ocrx_word' id='word_1_252' title='bbox 1149 3492 1214 3547; x_wconf 90' lang='lat' dir='ltr'><strong>et</strong></span> <span class='ocrx_word' id='word_1_253' title='bbox 1255 3480 1523 3547; x_wconf 86' lang='lat' dir='ltr'><strong>oratoris</strong></span> <span class='ocrx_word' id='word_1_254' title='bbox 1579 3481 1869 3569; x_wconf 87' lang='lat' dir='ltr'><strong>spiritum</strong></span> <span class='ocrx_word' id='word_1_255' title='bbox 1918 3480 2133 3545; x_wconf 89' lang='lat' dir='ltr'><strong>laedit.</strong></span> <span class='ocrx_word' id='word_1_256' title='bbox 2220 3477 2319 3540; x_wconf 88' lang='lat' dir='ltr'><strong>his</strong></span> 
     </span>
     <span class='ocr_line' id='line_1_35' title="bbox 261 3572 2321 3663; baseline -0.004 -22"><span class='ocrx_word' id='word_1_257' title='bbox 261 3574 434 3641; x_wconf 83' lang='lat' dir='ltr'><strong>vitiis</strong></span> <span class='ocrx_word' id='word_1_258' title='bbox 467 3576 538 3641; x_wconf 89' lang='lat' dir='ltr'><strong>in</strong></span> <span class='ocrx_word' id='word_1_259' title='bbox 571 3577 1029 3663; x_wconf 86' lang='lat' dir='ltr'><strong>compositione</strong></span> <span class='ocrx_word' id='word_1_260' title='bbox 1072 3575 1285 3642; x_wconf 84' lang='lat' dir='ltr'><strong>vitatis</strong></span> <span class='ocrx_word' id='word_1_261' title='bbox 1329 3575 1645 3661; x_wconf 88' lang='lat' dir='ltr'><strong>reliquum</strong></span> <span class='ocrx_word' id='word_1_262' title='bbox 1686 3572 2189 3643; x_wconf 88' lang='lat' dir='ltr'><strong>consumendum</strong></span> <span class='ocrx_word' id='word_1_263' title='bbox 2223 3578 2321 3634; x_wconf 90' lang='lat' dir='ltr'><strong>est</strong></span> 
     </span>
     <span class='ocr_line' id='line_1_36' title="bbox 259 3668 1126 3757; baseline 0.005 -24"><span class='ocrx_word' id='word_1_264' title='bbox 259 3668 332 3733; x_wconf 88' lang='lat' dir='ltr'><strong>in</strong></span> <span class='ocrx_word' id='word_1_265' title='bbox 365 3668 692 3757; x_wconf 82' lang='lat' dir='ltr'><strong>dignitate.</strong></span> <span class='ocrx_word' id='word_1_266' title='bbox 1119 3732 1126 3737; x_wconf 88' lang='lat'><strong>.</strong></span> 
     </span>
    </p>

    <p class='ocr_par' dir='ltr' id='par_1_9' title="bbox 253 3766 2421 4142">
     <span class='ocr_line' id='line_1_37' title="bbox 379 3766 2421 3858; baseline -0.002 -21"><span class='ocrx_word' id='word_1_267' title='bbox 379 3770 687 3858; x_wconf 83' lang='lat' dir='ltr'><strong>Dignitas</strong></span> <span class='ocrx_word' id='word_1_268' title='bbox 723 3784 840 3850; x_wconf 86' lang='lat' dir='ltr'><strong>est,</strong></span> <span class='ocrx_word' id='word_1_269' title='bbox 879 3794 1042 3857; x_wconf 87' lang='lat' dir='ltr'><strong>quae</strong></span> <span class='ocrx_word' id='word_1_270' title='bbox 1075 3772 1284 3839; x_wconf 86' lang='lat' dir='ltr'><strong>reddit</strong></span> <span class='ocrx_word' id='word_1_271' title='bbox 1317 3783 1606 3839; x_wconf 87' lang='lat' dir='ltr'><strong>ornatam</strong></span> <span class='ocrx_word' id='word_1_272' title='bbox 1633 3772 1982 3838; x_wconf 88' lang='lat' dir='ltr'><strong>orationem</strong></span> <span class='ocrx_word' id='word_1_273' title='bbox 2015 3766 2317 3833; x_wconf 84' lang='lat' dir='ltr'><strong>varietate</strong></span> <span class='ocrx_word' id='word_1_274' title='bbox 2352 3779 2421 3833; x_wconf 82' lang='lat'><strong>13</strong></span> 
     </span>
     <span class='ocr_line' id='line_1_38' title="bbox 259 3863 2319 3952; baseline -0.003 -21"><span class='ocrx_word' id='word_1_275' title='bbox 259 3865 681 3952; x_wconf 87' lang='lat' dir='ltr'><strong>distinguens.</strong></span> <span class='ocrx_word' id='word_1_276' title='bbox 771 3867 930 3933; x_wconf 89' lang='lat' dir='ltr'><strong>haec</strong></span> <span class='ocrx_word' id='word_1_277' title='bbox 963 3867 1032 3932; x_wconf 87' lang='lat' dir='ltr'><strong>in</strong></span> <span class='ocrx_word' id='word_1_278' title='bbox 1065 3867 1405 3933; x_wconf 87' lang='lat' dir='ltr'><strong>verborum</strong></span> <span class='ocrx_word' id='word_1_279' title='bbox 1438 3876 1504 3932; x_wconf 90' lang='lat' dir='ltr'><strong>et</strong></span> <span class='ocrx_word' id='word_1_280' title='bbox 1536 3866 1605 3931; x_wconf 91' lang='lat' dir='ltr'><strong>in</strong></span> <span class='ocrx_word' id='word_1_281' title='bbox 1648 3863 2101 3930; x_wconf 84' lang='lat' dir='ltr'><strong>sententiarum</strong></span> <span class='ocrx_word' id='word_1_282' title='bbox 2136 3882 2319 3927; x_wconf 80' lang='lat' dir='ltr'><strong>exor-</strong></span> 
     </span>
     <span class='ocr_line' id='line_1_39' title="bbox 259 3954 2316 4042; baseline -0.002 -19"><span class='ocrx_word' id='word_1_283' title='bbox 259 3959 586 4025; x_wconf 81' lang='lat' dir='ltr'><strong>nationem</strong></span> <span class='ocrx_word' id='word_1_284' title='bbox 622 3960 950 4025; x_wconf 83' lang='lat' dir='ltr'><strong>dividitur:</strong></span> <span class='ocrx_word' id='word_1_285' title='bbox 1003 3960 1342 4027; x_wconf 88' lang='lat' dir='ltr'><strong>verborum</strong></span> <span class='ocrx_word' id='word_1_286' title='bbox 1375 3958 1703 4027; x_wconf 82' lang='lat' dir='ltr'><strong>exornatio</strong></span> <span class='ocrx_word' id='word_1_287' title='bbox 1740 3966 1864 4034; x_wconf 89' lang='lat' dir='ltr'><strong>est,</strong></span> <span class='ocrx_word' id='word_1_288' title='bbox 1919 3976 2082 4038; x_wconf 86' lang='lat' dir='ltr'><strong>quae</strong></span> <span class='ocrx_word' id='word_1_289' title='bbox 2116 3954 2316 4042; x_wconf 88' lang='lat' dir='ltr'><strong>ipsius</strong></span> 
     </span>
     <span class='ocr_line' id='line_1_40' title="bbox 253 4049 2321 4142; baseline -0.002 -23"><span class='ocrx_word' id='word_1_290' title='bbox 253 4052 574 4119; x_wconf 84' lang='lat' dir='ltr'><strong>sermonis</strong></span> <span class='ocrx_word' id='word_1_291' title='bbox 618 4053 922 4142; x_wconf 83' lang='lat' dir='ltr'><strong>insignita</strong></span> <span class='ocrx_word' id='word_1_292' title='bbox 972 4052 1326 4121; x_wconf 85' lang='lat' dir='ltr'><strong>continetur</strong></span> <span class='ocrx_word' id='word_1_293' title='bbox 1365 4050 1811 4141; x_wconf 85' lang='lat' dir='ltr'><strong>perpolitione3</strong></span> <span class='ocrx_word' id='word_1_294' title='bbox 1866 4049 2321 4115; x_wconf 79' lang='lat' dir='ltr'><strong>sententiarum</strong></span> 
     </span>
    </p>

    <p class='ocr_par' dir='ltr' id='par_1_10' title="bbox 697 4152 1973 4207">
     <span class='ocr_line' id='line_1_41' title="bbox 697 4152 1973 4207; baseline -0.005 -19"><span class='ocrx_word' id='word_1_295' title='bbox 697 4182 702 4188; x_wconf 88' lang='lat'><strong>.</strong></span> <span class='ocrx_word' id='word_1_296' title='bbox 1903 4156 1935 4207; x_wconf 73' lang='lat'>⁵</span> <span class='ocrx_word' id='word_1_297' title='bbox 1948 4152 1973 4181; x_wconf 57' lang='grc' dir='ltr'><strong>Φ</strong></span> 
     </span>
    </p>
   </div>
  </div>
 </body>
</html>
