2784 4575
774 256 881 311 DE
920 252 1282 311 ORATORE
1318 254 1426 311 111.
1461 254 1705 311 50-58.
2143 240 2270 309 155

212 402 466 449 omnem
502 378 838 446 oratoriam
889 378 1020 442 vim
1054 377 1422 464 complexos
1465 398 1610 443 esse
1645 374 2028 443 arbitrantur
2061 398 2270 462 neque

212 476 421 542 adhuc
473 496 662 559 quam
711 494 1050 561 personam
1102 482 1359 537 teneant
1393 480 1504 537 aut
1536 469 1690 555 quid
1730 471 2142 557 profiteantur
2173 470 2272 534 in-

210 569 512 657 tellegere
544 576 921 655 potuerunt:
993 588 1145 633 vero
1182 566 1351 632 enim
1384 564 1637 643 oratori,
1674 585 1836 649 quae
1873 575 2023 632 sunt
2053 564 2123 629 in
2155 563 2272 629 ho-

209 663 450 729 minum
501 662 662 741 vita,
715 660 1225 746 quandoquidem
1265 660 1334 725 in
1384 681 1464 726 ea
1513 670 1802 725 versatur
1835 669 2047 725 orator
2081 669 2271 742 atque

210 781 290 823 ea
324 766 425 824 est
456 756 517 821 ei
551 755 837 822 subiecta
868 754 1185 832 materies,
1222 752 1436 821 omnia
1471 752 1778 838 quaesita,
1815 752 2048 831 audita,
2084 752 2270 830 lecta,

212 851 562 938 disputata,
616 859 910 927 tractata,
966 849 1208 935 agitata
1258 870 1403 915 esse
1456 848 1720 913 debent:
1774 858 1876 913 est
1924 845 2095 913 enim
2138 847 2270 913 elo-

210 946 470 1031 quentia
500 968 631 1010 una
674 945 989 1029 quaedam
1024 944 1104 1009 de
1150 944 1416 1009 summis
1469 943 1805 1008 virtutibus
1816 967 1835 1020 ;
1892 963 2274 1027 quamquam

211 1052 361 1107 sunt
412 1062 631 1105 omnes
686 1039 950 1104 virtutes
1006 1038 1302 1122 aequales
1356 1048 1422 1103 et
1469 1058 1686 1124 pares,
1742 1036 1857 1103 sed
1909 1047 2122 1103 tamen
2174 1048 2275 1100 est

210 1134 423 1221 specie
476 1134 603 1198 alia
652 1132 859 1219 magis
914 1132 1039 1197 alia
1089 1133 1372 1199 formosa
1424 1143 1490 1197 et
1538 1131 1852 1210 inlustria,
1905 1130 2072 1196 sicut
2111 1130 2272 1195 haec

208 1228 328 1306 vis,
366 1249 529 1312 quae
565 1226 893 1293 scientiam
920 1226 1254 1313 complexa
1284 1249 1497 1293 rerum
1532 1248 1722 1291 sensa
1753 1224 1984 1292 mentis
2021 1235 2086 1290 et
2121 1245 2272 1291 con-

209 1321 353 1387 silia
388 1320 481 1387 sic
513 1321 726 1387 verbis
761 1320 1066 1407 explicat,
1102 1330 1173 1385 ut
1196 1342 1347 1399 eos,
1385 1320 1494 1404 qui
1529 1318 1816 1398 audiant,
1871 1340 2269 1405 quocumque

206 1414 591 1493 incubuerit,
645 1414 853 1501 possit
902 1414 1229 1500 impellere
1237 1439 1258 1493 ;
1312 1436 1476 1499 quae
1521 1436 1645 1497 quo
1698 1413 1900 1480 maior
1951 1424 2050 1479 est
2086 1408 2267 1499 [vis],

207 1509 333 1575 hoc
368 1524 467 1574 est
498 1508 706 1595 magis
748 1508 1063 1596 probitate
1115 1508 1440 1596 iungenda
1491 1530 1862 1592 summaque
1904 1507 2240 1593 prudentia
2247 1532 2271 1584 3.

208 1625 479 1688 quarum
513 1602 817 1667 virtutum
870 1602 1235 1688 expertibus
1273 1602 1328 1667 si
1363 1601 1615 1668 dicendi
1651 1602 1899 1688 copiam
1940 1600 2270 1667 tradideri-

207 1718 384 1774 mus,
438 1718 569 1763 non
604 1717 714 1761 eos
750 1695 1010 1783 quidem
1043 1706 1325 1763 oratores
1370 1696 1768 1762 effecerimus
1781 1743 1800 1774 ,
1857 1695 1972 1760 sed
2005 1694 2270 1759 furenti-

2311 874 2366 919 55

206 1790 329 1855 bus
367 1790 680 1874 quaedam
715 1812 893 1855 arma
929 1789 1311 1872 dederimus.
1399 1790 1594 1868 hanc,
1629 1789 1910 1874 inquam,
1949 1788 2269 1876 cogitandi
2303 1782 2373 1897 ἐξ

203 1883 778 1969 pronuntiandique
813 1882 1121 1951 rationem
1156 1883 1413 1969 vimque
1449 1883 1698 1949 dicendi
1751 1894 1998 1948 veteres
2037 1880 2270 1947 Graeci

208 1977 586 2064 sapientiam
635 1979 1075 2057 nominabant;
1129 1978 1279 2045 hinc
1316 1977 1421 2043 illi
1463 1978 1778 2065 Lycurgi,
1831 1977 1980 2043 hino
2012 1976 2267 2053 Pittaci,

204 2070 354 2137 hinc
383 2070 655 2138 Solones
690 2083 882 2158 atque
918 2073 1000 2145 ab
1034 2073 1157 2138 hac
1193 2072 1599 2139 similitudine
1629 2070 2015 2139 Coruncanii
2047 2070 2268 2147 nostri,

202 2165 511 2245 Fabricii,
568 2164 883 2246 Catones,
940 2164 1275 2255 Scipiones
1327 2168 1614 2245 fuerunt,
1666 2190 1797 2233 non
1831 2177 1962 2231 tam
1996 2165 2268 2232 fortasse

206 2258 404 2338 docti,
452 2260 568 2326 sed
598 2260 841 2349 impetu
874 2262 1103 2333 mentis
1142 2263 1331 2330 simili
1366 2273 1433 2328 et
1465 2262 1810 2330 voluntate.
1899 2260 2123 2327 eadem
2159 2282 2271 2326 au-

206 2367 337 2417 tem
390 2352 497 2418 alii
548 2356 911 2439 prudentia,
962 2356 1084 2450 sed
1129 2357 1393 2424 consilio
1449 2357 1532 2422 ad
1583 2356 1750 2422 vitae
1787 2355 1998 2422 studia
2032 2354 2271 2440 dispari

206 2445 487 2531 quietem
522 2457 710 2531 atque
744 2449 945 2514 otium
980 2450 1209 2527 secuti,
1262 2462 1335 2515 ut
1366 2449 1803 2535 Pythagoras,
1837 2448 2267 2524 DemocritUS,

205 2543 661 2628 Anaxagoras,
717 2565 757 2606 a
787 2543 1085 2626 regendis
1140 2542 1498 2608 civitatibus
1536 2552 1702 2609 totos
1740 2565 1810 2608 se
1845 2543 1930 2608 ad
1963 2540 2271 2627 cognitio-

206 2656 357 2698 nem
388 2657 600 2700 rerum
635 2634 1121 2714 transtulerunt3
1179 2657 1341 2721 quae
1376 2635 1510 2700 vita
1543 2645 1804 2722 propter
1856 2632 2272 2717 tranquillita-

208 2740 340 2792 tem
376 2737 440 2793 et
472 2738 731 2814 propter
761 2727 967 2814 ipsius
1020 2728 1321 2794 scientiae
1358 2729 1766 2806 suavitatem,
1820 2749 1946 2812 qua
1979 2726 2137 2792 nihil
2172 2736 2272 2791 est

207 2821 569 2888 hominibus
604 2820 969 2900 iucundius,
1004 2821 1233 2911 pluris,
1271 2845 1464 2908 quam
1497 2822 1650 2888 utile
1684 2821 1806 2888 fuit
1836 2821 2028 2886 rebus
2062 2819 2271 2907 publi-

208 2914 331 2994 cis,
386 2914 751 2996 delectavit3
804 2917 1046 3002 itaque,
1102 2928 1173 2982 ut
1218 2917 1277 2983 ei
1330 2916 1540 2984 studio
1599 2939 1670 2982 se
1721 2914 2268 2982 excellentissimis

205 3009 481 3097 ingeniis
516 3009 805 3078 homines
843 3011 1248 3091 dediderunt,
1302 3034 1386 3078 ex
1421 3034 1500 3078 ea
1533 3032 1782 3076 summa
1824 3007 2124 3076 facultate
2159 3033 2272 3074 va·-

207 3105 310 3170 cui
346 3127 423 3171 ac
455 3104 640 3171 liberi
685 3107 987 3194 temporis
1040 3107 1241 3173 multo
1288 3106 1502 3193 plura,
1553 3127 1748 3191 quam
1799 3116 1934 3171 erat
1983 3126 2267 3182 necesse,

211 3195 591 3282 [doctissimi
642 3201 931 3267 homines
968 3201 1098 3268 otio
1140 3201 1337 3266 nimio
1372 3211 1440 3266 et
1471 3201 1744 3288 ingeniis
1788 3199 2120 3265 uberrimis
2158 3198 2271 3263 ad·-

206 3289 503 3378 fluentes]
543 3295 824 3360 curanda
856 3294 980 3360 sibi
1032 3317 1177 3362 esse
1213 3316 1288 3360 ac
1332 3295 1696 3378 quaerenda
1730 3305 1794 3359 et
1824 3292 2272 3379 investiganda

206 3383 542 3450 duxerunt.
630 3410 781 3452 nam
816 3400 997 3454 vetus
1052 3389 1313 3474 quidem
1340 3390 1455 3454 illa
1505 3387 1791 3454 doctrina
1835 3387 2058 3454 eadem
2093 3385 2269 3451 vide-

206 3487 313 3542 tur
363 3488 429 3542 et
476 3489 648 3544 recte
701 3480 977 3546 faciendi
1030 3492 1095 3547 et
1146 3483 1323 3548 bene·
1364 3482 1615 3549 dicendi
1666 3481 2000 3570 magistra3
2061 3501 2268 3564 neque

208 3570 506 3638 disiuncti
540 3572 860 3653 doctores,
914 3575 1031 3641 sed
1064 3576 1274 3642 eidem
1306 3588 1490 3642 erant
1531 3575 1788 3642 vivendi
1820 3584 2266 3662 praeceptores

208 3677 399 3750 atque
434 3667 713 3745 dicendi,
768 3679 839 3732 ut
872 3668 979 3734 ille
1014 3669 1185 3755 apud
1216 3671 1577 3736 Homerum
1607 3669 1928 3746 Phoenix,
1977 3667 2086 3752 qui
2123 3689 2193 3734 se
2229 3691 2267 3755 a

206 3759 405 3828 Peleo
438 3773 620 3848 patre
653 3762 895 3828 Achilli
945 3763 1160 3830 iuveni
1204 3764 1500 3831 comitem
1543 3787 1689 3831 esse
1735 3764 1953 3829 datum
1998 3762 2152 3828 dicit
2184 3762 2270 3826 ad

208 3852 475 3932 bellum,
526 3867 598 3921 ut
642 3856 923 3922 efficeret
974 3867 1288 3924 oratorem
1331 3861 1670 3926 verborum
1723 3868 2125 3941 actoremque
2164 3877 2268 3921 re·

2311 2939 2365 2982 57

206 3967 349 4010 rum
358 3970 376 4024 3
414 3949 533 4012 sed
562 3960 635 4014 ut
668 3949 955 4018 homines
989 3950 1206 4018 labore
1243 3953 1510 4018 adsiduo
1547 3964 1612 4018 et
1643 3950 1956 4018 cotidiano
1993 3949 2260 4028 adsueti,
2305 3962 2366 4016 58'

206 4061 355 4105 cum
406 4046 799 4129 tempestatis
853 4067 1049 4112 causa
1099 4069 1289 4134 opere
1333 4047 1774 4133 prohibentur,
1829 4047 1912 4112 ad
1953 4047 2149 4134 pilam
2191 4066 2262 4110 se
