2784 4575
736 314 844 371 Ds
881 312 1366 373 INVENTIONE
1402 312 1481 369 11.
1520 314 1762 370 19—26.
2156 300 2281 369 159

221 464 367 507 esse
402 440 636 519 visum3
675 439 846 525 quod
881 436 1046 504 sumi
1081 446 1328 524 oportet
1363 460 1446 502 ex
1480 437 1592 515 eis,
1632 458 1792 522 quae
1830 438 1913 503 ad
1944 461 2285 525 personam

223 534 568 623 pertinent,
623 534 702 599 de
755 554 882 617 quo
929 542 1082 619 post
1133 530 1472 596 dicendum
1524 542 1642 597 est.
1750 542 2015 597 eventus
2070 544 2285 599 autem
2320 534 2353 587 ⁷

223 640 360 693 tum
404 627 594 705 fallit,
649 648 796 693 cum
840 625 1022 691 aliter
1066 624 1321 703 accidit,
1377 636 1567 708 atque
1610 626 1699 704 ei,
1756 626 1864 710 qui
1918 606 2363 713 arguuntur,²³

224 723 508 789 arbitrati
543 745 687 789 esse
723 721 1044 793 dicuntur.
1081 731 1173 799 ut,
1211 720 1268 785 si
1301 720 1412 804 qui
1446 720 1691 786 dicatur
1726 720 1919 785 alium
1954 720 2283 799 occidisse,

223 838 300 884 ac
334 817 633 897 voluerit,
688 817 862 903 quod
895 826 1006 882 aut
1041 814 1450 881 simihtudine
1495 826 1605 881 aut
1648 814 1996 901 suspitione
2033 826 2143 880 aut
2177 816 2288 883 de-

221 912 679 980 monstratione
714 912 882 977 falsa
913 912 1218 997 deceptus
1255 910 1365 989 sit3
1422 921 1532 976 aut
1575 932 1723 977 eum
1755 932 2049 990 necasse,
2107 910 2285 976 cuius

223 1017 606 1073 testamento
639 1030 770 1073 non
805 1006 888 1071 sit
911 1006 1119 1084 heres,
1156 1006 1328 1089 quod
1358 1026 1440 1071 eo
1474 1015 1854 1071 testamento
1890 1028 1961 1071 se
1987 1006 2289 1071 heredem

225 1100 566 1167 arbitratus
606 1100 717 1179 sit3
762 1124 894 1167 non
927 1100 1100 1167 enim
1133 1123 1214 1166 ex
1248 1111 1483 1166 eventu
1526 1100 1973 1187 cogitationem
2016 1100 2289 1187 spectari
2354 1170 2359 1173 ,

225 1205 550 1282 oportere,
606 1195 724 1261 sed
767 1216 894 1279 qua
937 1194 1320 1282 cogitatione
1373 1194 1621 1259 animus
1658 1205 1723 1259 et
1766 1216 1881 1281 spe
1924 1195 2009 1259 ad
2048 1194 2290 1260 malefi-

225 1288 396 1354 cium
426 1290 756 1375 profectus
795 1289 904 1367 sit,
951 1288 1366 1367 considerari3
1424 1311 1549 1374 quo
1586 1288 1797 1353 animo
1834 1288 1987 1373 quid
2019 1289 2288 1373 quisque

223 1383 438 1461 faciat,
473 1406 604 1448 non
639 1404 766 1467 quo
793 1403 948 1449 casu
973 1392 1205 1461 utatur,
1243 1382 1326 1447 ad
1358 1404 1496 1449 rem
1522 1382 1857 1470 pertinere.
1928 1382 2051 1448 hoc
2076 1393 2290 1449 autem
2313 1410 2369 1452 24

223 1476 368 1542 loco
419 1487 612 1561 caput
660 1476 819 1541 illud
871 1476 990 1541 erit
1041 1476 1421 1553 accusatori,
1474 1477 1530 1542 si
1582 1476 2015 1543 demonstrare
2058 1477 2291 1588 poterit

225 1555 335 1635 alii
367 1570 608 1635 nemini
643 1590 904 1635 causam
937 1570 1138 1635 fuisse
1173 1570 1477 1649 faciendi3
1536 1571 2005 1649 secundarium,
2060 1572 2117 1637 si
2150 1580 2293 1636 tan-

225 1676 360 1729 tam
399 1661 560 1751 [tam
591 1662 916 1751 idoneam]
953 1660 1220 1742 nemini3
1261 1663 1360 1729 sin
1393 1664 1597 1729 fixisse
1633 1664 1771 1729 aliis
1810 1687 2061 1750 quoque
2094 1687 2292 1730 causa

223 1758 504 1825 faciendi
566 1758 908 1837 videbitur,
973 1769 1083 1823 aut
1141 1768 1427 1843 potestas
1492 1758 1773 1825 defuisse
1838 1759 1975 1825 aliis
2031 1760 2293 1825 demon-
2335 1806 2339 1811 -

227 1852 490 1919 stranda
539 1864 640 1917 est
683 1863 794 1917 aut
843 1853 1114 1917 facultas
1161 1863 1278 1917 aut
1328 1852 1655 1918 voluntas:
1706 1864 2019 1939 potestas,
2076 1853 2132 1919 si
2184 1862 2295 1918 aut

225 1947 512 2013 nescisse
556 1957 666 2011 aut
705 1970 837 2013 non
889 1947 1172 2013 adfuisse
1219 1958 1328 2012 aut
1371 1948 1683 2015 conficere
1726 1948 1965 2034 aliquid
2006 1972 2137 2015 non
2178 1970 2294 2037 po·-

227 2042 429 2107 tuisse
466 2041 752 2107 dicentur
762 2067 782 2120 3
827 2042 1128 2119 facultas,
1185 2041 1240 2107 si
1281 2042 1473 2121 ratio,
1529 2042 1876 2122 adiutores,
1932 2042 2297 2109 adiumenta

225 2146 562 2220 ceteraque
576 2184 594 2215 ,
632 2157 796 2220 quae
833 2138 915 2201 ad
947 2160 1082 2203 rem
1118 2138 1455 2223 pertinent,
1494 2138 1775 2205 defuisse
1812 2138 1997 2203 alicui
2033 2140 2294 2207 demon-

231 2231 599 2296 strabuntur
609 2256 628 2310 3
679 2231 1006 2311 voluntas,
1065 2232 1120 2298 si
1155 2232 1403 2300 animus
1450 2256 1490 2300 a
1534 2233 1765 2300 talibus
1812 2234 1997 2300 factis
2050 2256 2291 2301 vacuus

228 2335 299 2390 et
329 2324 579 2410 integer
613 2347 757 2392 esse
793 2327 1057 2394 dicetur.
1145 2338 1497 2414 postremo,
1544 2350 1701 2412 quas
1739 2329 1822 2392 ad
1855 2329 2293 2395 defensionem

231 2417 510 2484 rationes
551 2439 664 2484 reo
717 2419 1038 2498 dabimus,
1095 2420 1188 2484 eis
1241 2431 1574 2486 accusator
1625 2423 1707 2486 ad
1762 2422 1917 2487 alios
1974 2443 2055 2486 ex
2108 2421 2296 2507 culpa

233 2511 602 2578 eximendos
640 2512 950 2578 abutetur.
1031 2535 1253 2577 ver-um
1287 2515 1356 2578 id
1387 2514 1569 2578 brevi
1602 2514 1963 2579 faciendum
1998 2524 2097 2578 est
2131 2523 2196 2578 et
2227 2513 2296 2578 in

229 2627 431 2670 unum
463 2605 666 2670 multa
699 2615 850 2669 sunt
883 2604 1322 2682 conducenda,
1375 2617 1450 2670 ut
1482 2629 1563 2670 ne
1608 2607 1864 2673 alterius
1912 2605 2297 2671 defendendi

233 2719 430 2762 causa
470 2697 641 2762 hunc
687 2717 1014 2775 accusare,
1063 2698 1178 2765 sed
1219 2697 1408 2762 huius
1455 2699 1795 2763 accusandi
1840 2721 2033 2763 causa
2077 2698 2296 2763 defen·
2328 2704 2365 2758 8

233 2791 386 2856 dere
439 2789 708 2854 alterum
751 2789 1060 2855 videatur.
1152 2787 1370 2876 [atque
1427 2792 1777 2857 accusatori
1830 2791 2086 2876 quidem
2136 2791 2297 2856 haec
2322 2775 2373 2815 ²⁵

233 2885 372 2950 fere
407 2893 556 2950 sunt
585 2883 656 2948 in
689 2904 884 2950 causa
908 2883 1184 2949 faciendi
1213 2883 1721 2972 consideranda,]
1762 2886 2059 2952 defensor
2084 2896 2297 2950 autem

233 3001 318 3046 ex
352 2977 666 3045 contrario
699 2975 976 3066 primum
1009 2979 1459 3066 impulsionem
1486 2991 1596 3046 aut
1628 2980 1869 3045 nullam
1894 2979 2093 3046 fuisse
2130 2979 2299 3046 dicet

235 3085 372 3154 aut,
409 3073 466 3140 si
501 3073 702 3141 fuisse
737 3074 1073 3154 concedet,
1108 3075 1478 3141 extenuabit
1512 3086 1577 3140 et
1610 3075 1942 3162 parvulam
1978 3075 2297 3160 quandam

232 3170 436 3237 fuisse
489 3170 950 3236 demonstrabit
1011 3179 1122 3235 aut
1173 3193 1304 3236 non
1356 3193 1439 3236 ex
1490 3193 1569 3236 ea
1622 3171 1825 3236 solere
1886 3169 2073 3236 huius
2124 3169 2299 3236 modi

235 3265 408 3330 facta
456 3265 636 3330 nasci
687 3264 968 3332 docebit:
1031 3285 1158 3348 quo
1211 3265 1330 3330 erit
1379 3265 1450 3330 in
1508 3265 1651 3331 loco
1712 3265 2293 3343 demonstrandum,

236 3379 402 3442 quae
437 3359 535 3423 vis
571 3368 638 3424 et
669 3370 896 3424 natm-a
931 3359 1016 3424 sit
1049 3359 1185 3426 eius
1223 3359 1629 3438 adfectionis,
1676 3382 1805 3445 qua
1834 3360 2145 3447 impulsus
2185 3360 2301 3424 ali-
2378 3377 2383 3382 ·

238 3450 395 3534 quid
441 3473 590 3516 reus
653 3452 1048 3518 commisisse
1113 3453 1383 3531 dicetur,
1444 3454 1513 3518 in
1570 3475 1697 3538 quo
1758 3465 1823 3520 et
1884 3453 2176 3539 exempla
2235 3463 2299 3516 et

240 3544 691 3612 similitudines
737 3557 922 3611 erunt
953 3545 1371 3632 proferendae
1416 3559 1481 3614 et
1521 3548 1664 3635 ipsa
1706 3547 2041 3634 diligenter
2074 3555 2302 3610 natura

239 3641 378 3707 eius
432 3638 812 3706 adfectionis
867 3651 1190 3724 tamquam
1250 3641 1613 3708 levissimae
1677 3639 2165 3728 [quietissimam
2218 3639 2302 3703 ad

237 3733 514 3824 partem]
555 3733 959 3820 explicanda,
994 3745 1069 3798 ut
1103 3745 1168 3799 et
1200 3757 1304 3800 res
1339 3735 1483 3822 ipsa
1518 3759 1559 3800 a
1589 3736 1761 3801 facto
1795 3733 2034 3799 crudeli
2070 3743 2134 3797 et
2168 3742 2301 3796 tur-

239 3830 500 3894 bulento
545 3829 631 3894 ad
673 3828 994 3913 quoddam
1027 3828 1242 3894 mitius
1280 3840 1344 3896 et
1387 3829 1785 3914 tranquillius
1838 3827 2203 3893 traducatur
2236 3835 2300 3890 et

239 3921 444 3988 oratio
487 3933 701 3989 tamen
747 3923 830 3988 ad
873 3922 1154 3988 animum
1197 3923 1362 4003 eius,
1416 3924 1527 4008 qui
1579 3922 1817 4000 audiet,
1872 3931 1938 3986 et
1980 3921 2063 3987 ad
2106 3919 2301 3985 animi

241 4015 561 4098 quendam
603 4016 893 4082 intimum
939 4039 1198 4083 sensum
1251 4017 1789 4084 adcommodetur.
1874 4013 2299 4082 ratiocinatio·
2324 4042 2375 4084 26

239 4108 340 4175 nis
379 4119 594 4176 autem
629 4111 1012 4200 suspitiones
1057 4109 1429 4194 infirmabit,
1478 4111 1535 4177 si
1569 4120 1681 4176 aut
1723 4111 2127 4180 commodum
2156 4109 2303 4176 nul-
