2784 4575
409 260 412 266 '
532 263 661 332 332
746 345 766 356 Α
996 323 1003 328 ,
1109 269 1233 328 Μ.
1270 269 1548 328 ‘runnu
1581 265 2042 324 CICERONIS

530 401 754 486 longa,
808 419 891 464 ex
924 395 1174 478 duobus
1210 393 1383 460 enim
1417 391 1738 470 versibus,
1791 391 1860 456 id
1895 399 2020 469 est,
2064 389 2400 468 membris,
2451 413 2601 477 per-

530 494 703 561 fecta
736 488 1245 578 comprehensio
1261 497 1381 553 est
1407 497 1473 555 et
1503 486 1573 552 in
1616 484 1936 572 spondeos
1971 483 2170 563 cadit3
2225 483 2362 548 *et
2399 481 2598 553 Cras-

533 609 645 652 sus
706 584 965 670 quidem
1018 583 1111 648 sic
1158 581 1532 669 plerumque
1594 578 1872 657 dicebat,
1933 577 2126 661 idque
2185 577 2326 664 ipse
2387 599 2594 665 genus

430 699 497 753 67
536 681 785 748 dicendi
822 679 1097 746 maxime
1149 677 1373 768 prob0.
1465 675 1580 742 sed
1614 695 1777 759 quae
1831 672 2084 738 incisim
2127 685 2238 738 aut
2277 672 2650 738 membra-

532 777 647 842 tim
696 775 1073 852 efferuntur,
1130 793 1209 836 ea
1250 771 1355 836 vel
1402 767 1730 856 aptissime
1783 767 2010 832 cadere
2063 767 2326 846 debent,
2379 778 2453 832 ut
2497 778 2596 833 est

535 871 707 958 apud
736 891 873 934 1116.
926 867 1183 932 ‘domus
1220 864 1337 931 tibi
1382 864 1637 930 deerat?
1691 873 1759 927 at
1791 861 2094 927 habebas.
2179 860 2456 948 pecunia
2489 883 2596 926 su-

418 994 501 1034 224
532 963 833 1052 perabat?
886 972 953 1027 at
1004 958 1283 1048 egebas?
1388 958 1550 1026 haec
1597 955 1800 1023 incise
1855 956 2026 1021 dicta
2073 966 2226 1022 sunt
2277 964 2593 1066 quattuor.

536 1070 599 1124 at
632 1055 1037 1123 membratim
1070 1075 1237 1139 quae
1274 1062 1626 1162 sequuntur
1669 1051 1826 1115 duo:
1881 1048 2229 1115 ‘incurristi
2273 1073 2492 1115 amens
2525 1049 2594 1114 in

532 1152 890 1218 columnas.
940 1149 1009 1214 in
1061 1147 1303 1214 alienos
1354 1146 1618 1211 insanus
1669 1142 2003 1210 insanisti?
2100 1142 2330 1209 deinde
2381 1142 2596 1208 omnia

424 1260 430 1263 ⁴
534 1258 858 1328 tamquam
926 1241 1247 1329 crepidine
1317 1241 1595 1324 quadam
1663 1236 2228 1325 comprehensione
2308 1236 2594 1324 longiore

533 1339 951 1404 sustinentur:
1008 1336 1436 1423 ‘depressam,
1483 1353 1768 1409 caecam,
1813 1331 2140 1396 iacentem*
2157 1329 2417 1396 domum
2431 1331 2598 1418 'plu-

529 1433 619 1497 ris
654 1453 847 1516 quam
880 1441 945 1496 te
980 1441 1047 1496 et
1078 1430 1364 1494 fortunas
1392 1438 1536 1492 tuas
1565 1425 1954 1506 aestimasti?
2027 1423 2326 1490 dichoreo
2359 1424 2593 1490 finitur.

530 1546 601 1592 at
651 1523 1017 1613 dispondeis
1070 1521 1432 1610 proximum
1481 1520 1660 1586 illud.
1747 1541 1899 1585 nam
1948 1518 2017 1582 in
2061 1517 2185 1597 eis,
2241 1518 2470 1602 quibus
2522 1529 2596 1583 ut

530 1618 937 1706 pugiunculis
970 1617 1065 1684 uti
1100 1626 1373 1703 oportet,
1429 1614 1710 1680 brevitas
1753 1611 1961 1678 facit
1940 1634 2086 1699 ipsa
2116 1567 2446 1681 liberiores
2481 1635 2597 1698 pe-

530 1714 667 1780 des.
744 1735 949 1822 saepe
984 1710 1155 1776 enim
1191 1709 1458 1796 singulis
1493 1708 1801 1774 utendum
1835 1718 1962 1784 est,
1996 1706 2368 1792 plerumque
2402 1705 2594 1783 binis,

533 1818 598 1873 61
639 1806 929 1915 utrisque
968 1803 1117 1870 addi
1167 1803 1349 1889 pedis
1392 1825 1545 1889 pars
1589 1795 1832 1889 potest3
1883 1823 2015 1864 non
2047 1799 2182 1864 fere
2225 1799 2423 1864 ternis
2459 1823 2593 1864 am-

416 1929 497 1968 225
518 1900 718 1988 plius.
806 1899 1057 1964 incisim
1110 1907 1321 1962 'autem
1378 1907 1444 1961 et
1493 1895 1892 1961 membratim
1956 1903 2223 1958 tractata
2273 1894 2472 1960 oratio
2523 1893 2594 1958 in

532 1995 701 2060 veris
738 1992 945 2058 causis
998 1989 1341 2078 plurimum
1392 1989 1591 2068 valet,
1645 1988 2046 2072 maximeque
2080 1987 2171 2052 eis
2206 1987 2384 2065 locis,
2437 2009 2593 2052 cum

533 2099 645 2154 aut
677 2108 907 2172 arguas
944 2094 1055 2150 aut
1086 2083 1374 2163 refellas,
1427 2094 1501 2149 ut
1533 2095 1754 2150 nostra.
1787 2083 1856 2148 in
1891 2079 2269 2147 Corneliana
2301 2081 2596 2146 secunda

534 2188 601 2246 ‘o
638 2179 899 2244 callidos
936 2177 1253 2256 homines,
1315 2201 1355 2244 0
1390 2200 1526 2243 rem
1577 2177 2030 2264 excogitatam,
2093 2199 2130 2242 0
2163 2174 2421 2262 ingenia
2451 2198 2592 2240 me-

532 2271 824 2339 tuenda!'
886 2271 1285 2339 membratim
1336 2272 1574 2351 adhuc,
1630 2271 1858 2337 deinde
1913 2269 2178 2349 caesim,
2241 2267 2586 2349 ‘diximusss

528 2388 748 2433 rursus
801 2367 1227 2433 membratim:
1284 2367 1494 2433 ‘testis
1541 2367 1694 2431 darc
1737 2364 2073 2432 volumus?
2163 2376 2446 2430 extrema
2489 2387 2592 2429 se-

532 2462 742 2547 quitur
778 2461 1257 2549 comprehens1o
1263 2509 1286 2541 ,
1340 2460 1459 2529 sed
1493 2482 1574 2525 ex
1610 2456 1860 2527 duobus
1913 2456 2247 2537 membris,
2301 2480 2428 2543 qua
2459 2480 2594 2525 non

530 2568 745 2645 potest
777 2579 924 2624 esse
954 2556 1235 2623 brevior:
1296 2562 1542 2639 ‘quem,
1595 2568 1866 2639 quaeso,
1917 2562 2208 2621 nostrum
2242 2553 2474 2619 fefellit·
2501 2553 2596 2619 ita

416 2678 497 2717 226
533 2675 649 2719 vos
685 2674 829 2718 esse
864 2649 1210 2717 facturos?
1260 2671 1383 2715 nec
1417 2648 1620 2714 ullum
1652 2672 1858 2735 genus
1896 2659 1996 2715 est
2030 2647 2282 2713 dicendi
2315 2659 2426 2713 aut
2455 2670 2594 2713 me-

384 2758 387 2761 ’
530 2746 655 2811 lius
692 2755 801 2811 aut
834 2743 1062 2810 fortius
1115 2765 1306 2827 quam
1338 2742 1528 2826 binis⁹
1554 2753 1664 2807 aut
1699 2742 1893 2809 ternis
1937 2742 2126 2809 ferire
2169 2742 2408 2820 verbis,
2461 2764 2597 2807 non

530 2858 875 2922 numquam
910 2837 1200 2925 singulis,
1236 2836 1428 2923 paulo
1465 2836 1622 2903 alias
1657 2837 1966 2924 pluribuS,
2001 2837 2166 2902 inter
2199 2858 2364 2920 quae
2399 2834 2595 2902 variis

532 2930 831 2996 clausulis
856 2930 1200 3019 interponit
1226 2954 1295 2995 se
1320 2952 1466 2996 raro
1493 2953 1833 2997 numerosa
1860 2930 2368 3018 comprehensim
2399 2953 2599 3014 quam

528 3046 829 3113 perverse
864 3024 1120 3111 fugiens
1156 3023 1517 3111 Hegesias,
1572 3025 1722 3091 dum
1757 3024 1865 3089 ille
1899 3044 2150 3110 quoque
2181 3022 2416 3088 imitari
2451 3025 2600 3111 Ly·-

532 3120 697 3185 siam
738 3118 873 3185 volt
924 3119 1193 3185 alterum
1236 3138 1443 3203 paene
1484 3117 2018 3195 Demosthenem,
2071 3115 2260 3181 saltat
2297 3116 2597 3185 incidens

526 3211 902 3299 particulas;
964 3222 1029 3279 et
1076 3212 1133 3277 is
1188 3211 1485 3297 quidem
1510 3234 1640 3279 non
1697 3209 1908 3275 minus
1973 3208 2302 3276 sententiis
2363 3225 2614 3299 peccat.

531 3328 725 3391 quam
760 3306 1005 3384 verbis,
1043 3316 1117 3370 ut
1149 3327 1281 3371 non
1306 3314 1573 3391 quaerat
1605 3325 1794 3389 quem
1829 3302 2108 3391 appellet
2138 3302 2444 3392 ineptum,
2481 3307 2598 3390 qui

529 3401 710 3467 illum
744 3399 1130 3489 cognoverit.
1212 3402 1328 3469 sed
1362 3423 1485 3488 ego
1520 3400 1630 3465 illa
1665 3396 1891 3466 Crassi
1925 3410 1991 3467 et
2023 3411 2243 3467 nostra
2275 3400 2484 3487 posui,
2516 3414 2598 3467 ut

534 3495 643 3580 qui
674 3496 868 3562 vellet
901 3494 1159 3563 auribus
1204 3495 1363 3584 ipsis
1410 3493 1566 3579 quid
1614 3516 2028 3561 numerosum
2069 3495 2262 3561 etiam
2303 3495 2372 3561 in
2403 3495 2596 3561 mini-

530 3586 653 3655 mis
686 3588 1011 3675 particulis
1046 3588 1347 3656 orationis
1386 3598 1562 3655 esset
1593 3588 1920 3656 iudicaret.

653 3680 975 3765 Quoniam
1024 3682 1210 3771 plura
1262 3684 1341 3749 de
1376 3706 1718 3751 numerosa
1751 3684 2034 3751 oratione
2088 3683 2361 3749 diximus
2397 3703 2598 3767 quam

534 3774 868 3860 quisquam
902 3788 1048 3843 ante
1084 3793 1233 3856 nos,
1288 3798 1460 3843 nunc
1495 3778 1576 3844 de
1620 3778 1756 3843 eius
1809 3779 2060 3865 generis
2113 3777 2384 3843 utilitate
2419 3776 2597 3841 dice-

420 3866 499 3973 ἑζξ
534 3892 707 3947 ιιιιι6;
740 3869 897 3935 1111111
922 3870 1091 3937 enim
1125 3882 1225 3937 661
1254 3871 1446 3949 aliud,
1479 3871 1702 3950 Brute,
1739 3872 1911 3955 quod
1937 3872 2190 3957 quidem
2225 3881 2297 3935 tu
2329 3868 2596 3936 minime

535 3962 815 4027 omnium
864 3963 1151 4049 ignoras,
1205 3964 1425 4050 pulcre
1459 3974 1526 4030 61
1576 3964 1845 4032 oratorie
1897 3965 2108 4032 dicere
2157 3964 2282 4028 nisi
2331 3962 2595 4050 optimis

534 4054 863 4121 sententiis
916 4056 1253 4139 verbisque
1306 4056 1668 4133 lectissimis
1715 4058 1951 4137 d10ere3
2003 4070 2070 4126 et
2111 4078 2232 4124 nec
2275 4056 2600 4123 sententia
