2784 4575
961 243 1273 304 BRUTUS
1313 245 1621 300 125-132.
2192 236 2321 304 225

259 371 482 460 populi
524 369 804 436 studium
857 367 1166 447 stetisset,
1223 365 1584 435 Gracchani
1624 366 1867 434 iudices
1914 369 2323 438 sustulerunt.

261 466 450 530 huius
505 461 830 528 dissimilis
871 461 941 526 in
992 460 1318 527 tribunatu
1365 461 1733 545 reliquaque
1785 461 1959 526 omni
2002 461 2135 526 vita
2167 462 2322 529 civis
2358 493 2440 534 129

261 557 588 644 improbus
618 554 696 622 C.
723 554 1014 620 Licinius
1041 555 1257 620 Nerva
1289 577 1421 620 non
1452 553 1795 619 indisertus
1830 553 1971 618 fuit.
2043 551 2123 621 C.
2148 555 2325 621 Fim-

262 651 402 718 bria
435 650 824 737 temporibus
859 649 1066 714 isdem
1099 649 1254 727 fere,
1287 649 1411 722 ¹sed
1441 648 1695 735 longius
1732 659 1939 715 aetate
1965 660 2328 736 provectus,

263 734 637 810 1181111111οα
665 765 840 822 sane,
875 753 947 809 ut
974 743 1064 808 ita
1095 743 1340 822 dicam,
1356 742 1713 808 luculentus
1752 756 2080 823 accusator,
2118 767 2325 831 asper,

261 837 642 917 maledicus,
699 859 934 924 genere
970 847 1104 902 toto
1137 837 1331 924 paulo
1366 836 1669 902 fervidior
1704 847 1895 922 atque
1930 838 2298 906 commotior
2305 864 2325 916 3

266 931 598 1018 diligentia
630 942 844 998 tamen
881 941 945 996 et
978 929 1210 996 virtute
1246 930 1441 1008 animi
1476 940 1665 1014 atque
1700 929 1835 997 vita
1866 931 2073 998 bonus
2111 943 2329 998 auctor

264 1025 332 1092 in
387 1035 641 1103 senatu3
694 1024 867 1090 idem
919 1023 1264 1103 tolerabilis
1316 1037 1623 1110 patronus
1675 1045 1800 1090 nec
1844 1025 2021 1090 rudis
2073 1025 2141 1089 in
2190 1025 2328 1090 iure

265 1117 434 1182 civili
487 1127 554 1182 et
605 1138 752 1182 cum
810 1117 1042 1182 virtute
1105 1128 1239 1182 tum
1293 1117 1485 1184 etiam
1535 1117 1678 1204 ipso
1732 1117 2033 1184 orationis
2094 1140 2328 1204 genere

262 1209 451 1276 liber:
489 1211 666 1276 cuius
703 1211 1018 1276 orationes
1053 1211 1235 1297 pueri
1268 1211 1661 1298 legebamus,
1698 1232 1857 1295 quas
1891 1211 2021 1276 iam
2053 1212 2327 1299 reperire

264 1303 374 1368 vix
405 1327 770 1390 possumus.
861 1316 1045 1369 acuto
1079 1305 1273 1369 etiam
1304 1305 1563 1391 ingenio
1599 1315 1667 1370 et
1700 1325 1989 1371 sermone
2026 1305 2321 1394 eleganti,
2362 1325 2439 1364 130

264 1397 628 1482 valetudine
662 1398 1064 1465 incommoda
1100 1396 1180 1464 C.
1219 1395 1478 1464 Sextius
1508 1395 1817 1464 Calvinus
1853 1398 1975 1463 fuit
1981 1424 2003 1478 3
2040 1399 2149 1484 qui
2183 1399 2325 1478 etsi,

266 1511 410 1559 cum
444 1493 819 1564 remiserant
854 1493 1103 1576 dolores
1138 1493 1405 1578 pedum,
1440 1515 1574 1561 11011
1607 1493 1824 1558 deerat
1854 1492 1923 1558 111
1958 1493 2197 1572 causis,
2232 1504 2329 1560 ta-

264 1608 414 1651 men
465 1585 533 1650 id
582 1609 714 1654 non
767 1609 958 1674 saepe
1010 1587 1316 1666 faciebat3
1377 1587 1594 1672 itaque
1650 1586 1911 1656 consilio
1963 1586 2129 1666 eius,
2182 1609 2329 1652 cum

264 1678 592 1758 volebant,
654 1680 944 1748 homines
996 1681 1372 1759 utebantur,
1428 1679 1841 1768 patrocinio,
1872 1703 2018 1746 cum
2075 1679 2329 1746 licebat.

264 1772 471 1837 isdem
505 1773 894 1860 temporibus
921 1774 1022 1839 M.
1051 1775 1370 1884 Brutus,
1350 1798 1418 1840 m
1447 1795 1573 1859 quo
1600 1797 1905 1862 magnum
1938 1771 2079 1851 fuit,
2104 1773 2330 1852 Brute,

268 1864 544 1946 dedecus
607 1867 830 1976 generi
891 1879 1134 1948 vestro,
1198 1869 1336 1953 qui,
1400 1889 1546 1934 cum
1606 1879 1782 1935 tanto
1843 1865 2099 1933 nomine
2156 1875 2331 1932 esset
2436 1908 2444 1914 -

264 1970 636 2046 patremque
674 1961 1000 2047 optimum
1050 1962 1259 2028 virum
1317 1962 1654 2028 habuisset
1704 1973 1769 2026 et
1816 1961 1971 2026 iuris
2021 1960 2331 2047 peritissi-

265 2075 472 2134 mum,
531 2051 1030 2140 [accusationem
1071 2055 1483 2133 factitaverit,
1538 2064 1612 2119 ut
1652 2054 1929 2145 Athenis
1964 2054 2330 2140 Lycurgus.

265 2144 350 2234 is]
387 2148 799 2234 magistratus
835 2171 966 2215 11011
998 2149 1251 2236 petivit,
1306 2149 1423 2215 sed
1456 2148 1579 2214 fuit
1614 2158 1943 2214 accusator
1985 2147 2329 2215 vehemens

269 2251 335 2306 et
373 2241 712 2322 molestus,
764 2252 839 2307 ut
888 2242 1075 2309 facile
1129 2263 1423 2311 cerneres
1475 2241 1779 2308 naturale
1813 2240 2135 2327 quoddam
2188 2241 2333 2307 stir-

266 2334 368 2419 pis
401 2334 642 2398 bonum
677 2292 1166 2421 degeneravisse
1203 2337 1356 2403 vitio
1394 2336 1777 2423 depravatae
1814 2335 2175 2402 voluntatis.
2238 2339 2332 2405 ate
2366 2361 2445 2403 131

269 2448 394 2511 que
439 2426 664 2500 eodem
717 2438 1001 2514 tempore
1051 2441 1382 2497 accusator
1438 2430 1517 2494 de
1569 2428 1757 2514 plebe
1797 2428 1885 2494 L.
1933 2426 2331 2494 Caesulenus

269 2519 415 2597 fuit,
469 2540 661 2603 quem
703 2542 826 2607 ego
872 2521 1088 2587 audivi
1137 2521 1267 2587 iam
1313 2543 1563 2599 senem,
1618 2541 1763 2584 cum
1800 2521 1881 2586 ab
1914 2521 1999 2586 L.
2048 2519 2341 2597 Sabellio·
2402 2582 2409 2586 .

267 2613 533 2697 multam
566 2612 711 2699 lege
745 2613 1012 2697 Aquilia
1045 2615 1262 2680 damni
1294 2613 1527 2679 iniuria
1567 2612 1928 2699 petivisset:
1979 2634 2109 2677 non
2143 2611 2332 2677 fecis-

271 2729 409 2789 sem
470 2706 742 2773 hominis
802 2729 1010 2793 paene
1068 2707 1270 2773 infimi
1328 2706 1743 2783 mentionem,
1804 2704 1929 2776 nisi
1987 2704 2334 2777 iudicarem

270 2800 381 2885 qui
443 2800 846 2886 suspitiosius
911 2810 1022 2865 aut
1087 2800 1488 2875 criminosius
1556 2799 1811 2864 diceret
1850 2797 2171 2867 audivisse
2227 2820 2341 2863 me

270 2892 608 2967 neminem.
715 2894 939 2971 doctus
994 2890 1184 2959 etiam
1245 2892 1513 2959 Graecis
1565 2892 1644 2957 T.
1696 2890 2015 2956 Albucius
2064 2890 2168 2956 vel
2218 2913 2335 2978 po-
2366 2903 2437 2959 35

271 2987 398 3053 tius
441 2987 631 3075 plane
669 2985 986 3056 Graecus:
1038 2988 1292 3073 loquor,
1324 2998 1399 3051 ut
1432 2986 1683 3074 opinor:
1726 2985 1854 3058 „sed
1886 2984 2035 3049 licet
2078 3007 2159 3051 ex
2194 3007 2339 3050 ora-
2459 3003 2466 3007 ·

271 3082 551 3148 tionibus
594 3082 894 3149 indicare.
981 3082 1104 3147 fuit
1149 3092 1360 3158 autem
1403 3079 1683 3149 Athenis
1739 3078 2139 3158 adulescens,
2190 3100 2335 3166 per-

271 3176 478 3258 fectus
521 3175 880 3262 Epicureus
927 3186 1247 3254 evaserat,
1299 3174 1559 3240 minime
1604 3175 1823 3260 aptum
1874 3171 1958 3237 ad
1999 3171 2337 3242 dicendum

357 3292 499 3334 nus.

275 3292 356 3360 ge
393 3362 536 3427 Iam
538 3360 654 3470 Q.
695 3359 962 3427 Catulus
1006 3385 1138 3428 11011
1183 3325 1441 3447 antiquo
1485 3361 1593 3428 illo
1635 3382 1843 3438 more,
1897 3358 2014 3427 sed
2056 3354 2179 3426 hoc
2220 3380 2336 3423 110-
2370 3383 2447 3423 111

279 3465 440 3533 stro,
491 3452 616 3518 nisi
661 3454 818 3537 quid
864 3454 1002 3520 fieri
1045 3466 1263 3543 potest
1308 3455 1684 3541 perfectius,
1738 3452 2047 3521 eruditus.
2099 3451 2337 3523 multae

183 3572 188 3575 ·
275 3549 552 3633 litterae,
597 3568 848 3612 summa
880 3570 1012 3614 non
1044 3548 1214 3615 vitae
1251 3548 1459 3614 solum
1494 3559 1682 3634 atque
1716 3558 2009 3625 naturae,
2046 3546 2163 3611 sed
2189 3566 2339 3616 ora-

277 3641 468 3708 tionis
504 3639 694 3705 etiam
729 3640 1025 3721 comitas,
1077 3641 1445 3729 incorrupta
1487 3641 1800 3727 quaedam
1833 3637 2055 3705 Latini
2094 3662 2339 3715 sermo-

275 3735 377 3801 nis
429 3734 759 3822 integritas
771 3760 792 3813 3
855 3755 1020 3819 quae
1079 3735 1357 3823 perspici
1411 3757 1557 3802 cum
1608 3757 1690 3815 eg
1750 3733 2139 3809 orationibus
2199 3733 2337 3799 eius

276 3839 490 3917 potest
523 3840 660 3895 tum
709 3828 1010 3911 facillime
1060 3852 1144 3895 ex
1187 3852 1264 3897 eo
1298 3830 1493 3909 libro,
1548 3850 1739 3915 quem
1783 3828 1863 3894 de
1906 3826 2339 3895 consulatuet

279 3924 358 3989 de
400 3924 592 3989 rebus
637 3923 840 4011 gestis
887 3923 1020 3990 suis
1065 3924 1495 4012 conscriptum
1536 3921 1715 3989 molli
1754 3932 1821 3988 et
1860 3920 2341 4009 Xenophonteo

273 4037 510 4107 genere
547 4017 856 4085 sermonis
891 4016 1066 4084 misit
1101 4018 1184 4084 ad
1218 4019 1303 4085 A.
1337 4018 1605 4083 Furium
1636 4021 1919 4103 poetam,
1962 4014 2339 4107 familiarem

387 4116 610 4161 ciceroni,
627 4118 710 4162 vol.
734 4117 788 4161 11.
1922 4120 1988 4169 15
