<?xml version="1.0" encoding="UTF-8"?>
<!DOCTYPE html PUBLIC "-//W3C//DTD XHTML 1.0 Transitional//EN"
    "http://www.w3.org/TR/xhtml1/DTD/xhtml1-transitional.dtd">
<html xmlns="http://www.w3.org/1999/xhtml" xml:lang="en" lang="en">
 <head>
  <title>
</title>
<meta http-equiv="Content-Type" content="text/html;charset=utf-8" />
  <meta name='ocr-system' content='tesseract 3.04.00' />
  <meta name='ocr-capabilities' content='ocr_page ocr_carea ocr_par ocr_line ocrx_word'/>
</head>
<body>
  <div class='ocr_page' id='page_1' title='image "./mtulliiciceroni11unkngoog_0539.png"; bbox 0 0 2784 4575; ppageno 0'>
   <div class='ocr_carea' id='block_1_1' title="bbox 965 258 2311 328">
    <p class='ocr_par' dir='ltr' id='par_1_1' title="bbox 965 258 2311 328">
     <span class='ocr_line' id='line_1_1' title="bbox 965 258 2311 328; baseline -0.001 -4"><span class='ocrx_word' id='word_1_1' title='bbox 965 269 1276 328; x_wconf 74' lang='lat' dir='ltr'>BRUTUS</span> <span class='ocrx_word' id='word_1_2' title='bbox 1312 270 1619 325; x_wconf 80' lang='lat'>234-240.</span> <span class='ocrx_word' id='word_1_3' title='bbox 2182 258 2311 324; x_wconf 78' lang='grc'>251</span> 
     </span>
    </p>
   </div>
   <div class='ocr_carea' id='block_1_2' title="bbox 256 391 2432 1048">
    <p class='ocr_par' dir='ltr' id='par_1_2' title="bbox 256 391 2432 1048">
     <span class='ocr_line' id='line_1_2' title="bbox 259 391 2432 479; baseline -0.002 -15"><span class='ocrx_word' id='word_1_4' title='bbox 259 397 340 464; x_wconf 87' lang='grc' dir='ltr'>Ρ.</span> <span class='ocrx_word' id='word_1_5' title='bbox 383 394 662 462; x_wconf 85' lang='lat' dir='ltr'>Murena</span> <span class='ocrx_word' id='word_1_6' title='bbox 702 392 1005 460; x_wconf 85' lang='lat' dir='ltr'>mediocri</span> <span class='ocrx_word' id='word_1_7' title='bbox 1047 391 1333 479; x_wconf 85' lang='lat' dir='ltr'>ingenio,</span> <span class='ocrx_word' id='word_1_8' title='bbox 1390 392 1507 458; x_wconf 89' lang='lat' dir='ltr'>sed</span> <span class='ocrx_word' id='word_1_9' title='bbox 1554 415 1791 479; x_wconf 88' lang='lat' dir='ltr'>magno</span> <span class='ocrx_word' id='word_1_10' title='bbox 1845 393 2055 460; x_wconf 88' lang='lat' dir='ltr'>studio</span> <span class='ocrx_word' id='word_1_11' title='bbox 2106 415 2317 460; x_wconf 83' lang='lat' dir='ltr'>rerum</span> <span class='ocrx_word' id='word_1_12' title='bbox 2353 425 2432 468; x_wconf 69' lang='lat'>23?</span> 
     </span>
     <span class='ocr_line' id='line_1_3' title="bbox 261 487 2319 572; baseline 0 -18"><span class='ocrx_word' id='word_1_13' title='bbox 261 500 568 566; x_wconf 85' lang='lat' dir='ltr'>veterum,</span> <span class='ocrx_word' id='word_1_14' title='bbox 601 488 950 554; x_wconf 86' lang='lat' dir='ltr'>litterarum</span> <span class='ocrx_word' id='word_1_15' title='bbox 985 497 1051 552; x_wconf 92' lang='lat' dir='ltr'>et</span> <span class='ocrx_word' id='word_1_16' title='bbox 1084 487 1407 552; x_wconf 87' lang='lat' dir='ltr'>studiosus</span> <span class='ocrx_word' id='word_1_17' title='bbox 1444 495 1511 550; x_wconf 92' lang='lat' dir='ltr'>et</span> <span class='ocrx_word' id='word_1_18' title='bbox 1541 509 1672 553; x_wconf 91' lang='lat' dir='ltr'>non</span> <span class='ocrx_word' id='word_1_19' title='bbox 1696 487 2046 572; x_wconf 86' lang='lat' dir='ltr'>imperitus,</span> <span class='ocrx_word' id='word_1_20' title='bbox 2083 487 2319 554; x_wconf 87' lang='lat' dir='ltr'>multae</span> 
     </span>
     <span class='ocr_line' id='line_1_4' title="bbox 260 577 2319 668; baseline -0.001 -20"><span class='ocrx_word' id='word_1_21' title='bbox 260 583 612 650; x_wconf 76' lang='lat' dir='ltr'><strong>industriae</strong></span> <span class='ocrx_word' id='word_1_22' title='bbox 645 593 711 648; x_wconf 89' lang='lat' dir='ltr'>et</span> <span class='ocrx_word' id='word_1_23' title='bbox 741 581 960 668; x_wconf 84' lang='lat' dir='ltr'>magni</span> <span class='ocrx_word' id='word_1_24' title='bbox 1002 580 1238 662; x_wconf 76' lang='lat' dir='ltr'>laboris</span> <span class='ocrx_word' id='word_1_25' title='bbox 1273 580 1415 645; x_wconf 84' lang='lat' dir='ltr'>fuit.</span> <span class='ocrx_word' id='word_1_26' title='bbox 1504 577 1583 646; x_wconf 84' lang='lat' dir='ltr'>C.</span> <span class='ocrx_word' id='word_1_27' title='bbox 1623 577 2015 645; x_wconf 78' lang='lat' dir='ltr'>Censorinus</span> <span class='ocrx_word' id='word_1_28' title='bbox 2054 579 2319 646; x_wconf 87' lang='lat' dir='ltr'>Graecis</span> 
     </span>
     <span class='ocr_line' id='line_1_5' title="bbox 261 674 2321 761; baseline -0.002 -19"><span class='ocrx_word' id='word_1_29' title='bbox 261 676 488 743; x_wconf 86' lang='lat' dir='ltr'>litteris</span> <span class='ocrx_word' id='word_1_30' title='bbox 535 675 690 741; x_wconf 84' lang='lat' dir='ltr'>satis</span> <span class='ocrx_word' id='word_1_31' title='bbox 737 675 994 752; x_wconf 88' lang='lat' dir='ltr'>doctus,</span> <span class='ocrx_word' id='word_1_32' title='bbox 1047 674 1221 758; x_wconf 90' lang='lat' dir='ltr'>quod</span> <span class='ocrx_word' id='word_1_33' title='bbox 1261 683 1705 761; x_wconf 78' lang='lat' dir='ltr'><strong>proposuerat,</strong></span> <span class='ocrx_word' id='word_1_34' title='bbox 1758 674 2083 761; x_wconf 79' lang='lat' dir='ltr'>explicans</span> <span class='ocrx_word' id='word_1_35' title='bbox 2130 696 2321 761; x_wconf 84' lang='lat' dir='ltr'>expe-</span> 
     </span>
     <span class='ocr_line' id='line_1_6' title="bbox 261 768 2321 848; baseline -0 -13"><span class='ocrx_word' id='word_1_36' title='bbox 261 770 420 848; x_wconf 88' lang='lat' dir='ltr'>dite,</span> <span class='ocrx_word' id='word_1_37' title='bbox 471 791 606 835; x_wconf 87' lang='lat' dir='ltr'>non</span> <span class='ocrx_word' id='word_1_38' title='bbox 652 769 1029 835; x_wconf 80' lang='lat' dir='ltr'><strong>invenustus</strong></span> <span class='ocrx_word' id='word_1_39' title='bbox 1076 777 1279 845; x_wconf 81' lang='lat' dir='ltr'>actor,</span> <span class='ocrx_word' id='word_1_40' title='bbox 1335 769 1454 832; x_wconf 89' lang='lat' dir='ltr'>sed</span> <span class='ocrx_word' id='word_1_41' title='bbox 1502 768 1673 832; x_wconf 87' lang='lat' dir='ltr'>iners</span> <span class='ocrx_word' id='word_1_42' title='bbox 1726 779 1791 833; x_wconf 91' lang='lat' dir='ltr'>et</span> <span class='ocrx_word' id='word_1_43' title='bbox 1832 768 2123 834; x_wconf 88' lang='lat' dir='ltr'>inimicus</span> <span class='ocrx_word' id='word_1_44' title='bbox 2179 768 2321 834; x_wconf 87' lang='lat' dir='ltr'>fori.</span> 
     </span>
     <span class='ocr_line' id='line_1_7' title="bbox 259 861 2321 951; baseline -0.001 -20"><span class='ocrx_word' id='word_1_45' title='bbox 259 864 345 931; x_wconf 89' lang='lat' dir='ltr'>L.</span> <span class='ocrx_word' id='word_1_46' title='bbox 375 863 611 930; x_wconf 79' lang='lat' dir='ltr'>Turius</span> <span class='ocrx_word' id='word_1_47' title='bbox 637 886 837 951; x_wconf 89' lang='lat' dir='ltr'>parvo</span> <span class='ocrx_word' id='word_1_48' title='bbox 861 863 1138 950; x_wconf 91' lang='lat' dir='ltr'>ingenio,</span> <span class='ocrx_word' id='word_1_49' title='bbox 1175 861 1294 928; x_wconf 85' lang='lat' dir='ltr'>sed</span> <span class='ocrx_word' id='word_1_50' title='bbox 1326 863 1527 928; x_wconf 90' lang='lat' dir='ltr'>multo</span> <span class='ocrx_word' id='word_1_51' title='bbox 1560 862 1797 939; x_wconf 88' lang='lat' dir='ltr'>labore,</span> <span class='ocrx_word' id='word_1_52' title='bbox 1835 884 2087 946; x_wconf 88' lang='lat' dir='ltr'>quoquo</span> <span class='ocrx_word' id='word_1_53' title='bbox 2130 863 2321 929; x_wconf 92' lang='lat' dir='ltr'>modo</span> 
     </span>
     <span class='ocr_line' id='line_1_8' title="bbox 256 959 2322 1048; baseline -0.002 -20"><span class='ocrx_word' id='word_1_54' title='bbox 256 971 537 1048; x_wconf 84' lang='lat' dir='ltr'>poterat,</span> <span class='ocrx_word' id='word_1_55' title='bbox 591 973 650 1026; x_wconf 78' lang='lat' dir='ltr'>et</span> <span class='ocrx_word' id='word_1_56' title='bbox 681 983 876 1046; x_wconf 87' lang='lat' dir='ltr'>saepe</span> <span class='ocrx_word' id='word_1_57' title='bbox 912 959 1191 1037; x_wconf 81' lang='lat' dir='ltr'>dicebat3</span> <span class='ocrx_word' id='word_1_58' title='bbox 1247 959 1460 1044; x_wconf 88' lang='lat' dir='ltr'>itaque</span> <span class='ocrx_word' id='word_1_59' title='bbox 1507 959 1567 1025; x_wconf 91' lang='lat' dir='ltr'>ei</span> <span class='ocrx_word' id='word_1_60' title='bbox 1599 980 1841 1045; x_wconf 82' lang='lat' dir='ltr'>paucae</span> <span class='ocrx_word' id='word_1_61' title='bbox 1884 959 2205 1024; x_wconf 80' lang='lat' dir='ltr'>centuriae</span> <span class='ocrx_word' id='word_1_62' title='bbox 2240 959 2322 1024; x_wconf 88' lang='lat' dir='ltr'>ad</span> 
     </span>
    </p>
   </div>
   <div class='ocr_carea' id='block_1_3' title="bbox 177 1051 2438 1138">
    <p class='ocr_par' dir='ltr' id='par_1_3' title="bbox 177 1051 2438 1138">
     <span class='ocr_line' id='line_1_9' title="bbox 177 1051 2438 1138; baseline 0 -19"><span class='ocrx_word' id='word_1_63' title='bbox 177 1053 180 1056; x_wconf 69' lang='grc'><strong>’</strong></span> <span class='ocrx_word' id='word_1_64' title='bbox 257 1053 663 1122; x_wconf 87' lang='lat' dir='ltr'>consulatum</span> <span class='ocrx_word' id='word_1_65' title='bbox 723 1053 1080 1119; x_wconf 84' lang='lat' dir='ltr'>defuerunt.</span> <span class='ocrx_word' id='word_1_66' title='bbox 1205 1051 1284 1118; x_wconf 85' lang='grc' dir='ltr'>Ο.</span> <span class='ocrx_word' id='word_1_67' title='bbox 1345 1053 1575 1118; x_wconf 84' lang='lat' dir='ltr'>Macer</span> <span class='ocrx_word' id='word_1_68' title='bbox 1638 1052 2011 1117; x_wconf 86' lang='lat' dir='ltr'>auctoritate</span> <span class='ocrx_word' id='word_1_69' title='bbox 2074 1073 2322 1138; x_wconf 85' lang='lat' dir='ltr'>semper</span> <span class='ocrx_word' id='word_1_70' title='bbox 2356 1081 2438 1122; x_wconf 66' lang='lat' dir='ltr'>sss</span> 
     </span>
    </p>
   </div>
   <div class='ocr_carea' id='block_1_4' title="bbox 257 1145 2462 3295">
    <p class='ocr_par' dir='ltr' id='par_1_4' title="bbox 257 1145 2462 3295">
     <span class='ocr_line' id='line_1_10' title="bbox 259 1145 2321 1234; baseline -0.001 -22"><span class='ocrx_word' id='word_1_71' title='bbox 259 1148 482 1234; x_wconf 81' lang='lat' dir='ltr'>eguit,</span> <span class='ocrx_word' id='word_1_72' title='bbox 533 1147 650 1212; x_wconf 89' lang='lat' dir='ltr'>sed</span> <span class='ocrx_word' id='word_1_73' title='bbox 708 1147 832 1211; x_wconf 87' lang='lat' dir='ltr'>fuit</span> <span class='ocrx_word' id='word_1_74' title='bbox 889 1156 1193 1232; x_wconf 88' lang='lat' dir='ltr'>patronus</span> <span class='ocrx_word' id='word_1_75' title='bbox 1257 1146 1717 1233; x_wconf 85' lang='lat' dir='ltr'>propemodum</span> <span class='ocrx_word' id='word_1_76' title='bbox 1780 1145 2321 1232; x_wconf 87' lang='lat' dir='ltr'>diligentissimus.</span> 
     </span>
     <span class='ocr_line' id='line_1_11' title="bbox 261 1240 2324 1324; baseline -0.001 -17"><span class='ocrx_word' id='word_1_77' title='bbox 261 1241 454 1307; x_wconf 82' lang='lat' dir='ltr'>huius</span> <span class='ocrx_word' id='word_1_78' title='bbox 493 1241 550 1305; x_wconf 90' lang='lat' dir='ltr'>si</span> <span class='ocrx_word' id='word_1_79' title='bbox 600 1241 758 1317; x_wconf 87' lang='lat' dir='ltr'>vita,</span> <span class='ocrx_word' id='word_1_80' title='bbox 815 1240 870 1304; x_wconf 90' lang='lat' dir='ltr'>si</span> <span class='ocrx_word' id='word_1_81' title='bbox 912 1261 1153 1318; x_wconf 85' lang='lat' dir='ltr'>mores,</span> <span class='ocrx_word' id='word_1_82' title='bbox 1209 1241 1267 1304; x_wconf 87' lang='lat' dir='ltr'>si</span> <span class='ocrx_word' id='word_1_83' title='bbox 1301 1241 1512 1306; x_wconf 90' lang='lat' dir='ltr'>voltus</span> <span class='ocrx_word' id='word_1_84' title='bbox 1567 1240 1839 1324; x_wconf 87' lang='lat' dir='ltr'>denique</span> <span class='ocrx_word' id='word_1_85' title='bbox 1888 1263 2019 1306; x_wconf 90' lang='lat' dir='ltr'>non</span> <span class='ocrx_word' id='word_1_86' title='bbox 2071 1260 2324 1306; x_wconf 90' lang='lat' dir='ltr'>omnem</span> 
     </span>
     <span class='ocr_line' id='line_1_12' title="bbox 257 1335 2420 1422; baseline -0.001 -20"><span class='ocrx_word' id='word_1_87' title='bbox 257 1335 878 1402; x_wconf 80' lang='lat' dir='ltr'>commendationem</span> <span class='ocrx_word' id='word_1_88' title='bbox 913 1335 1154 1422; x_wconf 90' lang='lat' dir='ltr'>ingenii</span> <span class='ocrx_word' id='word_1_89' title='bbox 1207 1343 1548 1413; x_wconf 73' lang='lat' dir='ltr'>everteret,</span> <span class='ocrx_word' id='word_1_90' title='bbox 1602 1336 1808 1400; x_wconf 87' lang='lat' dir='ltr'>maius</span> <span class='ocrx_word' id='word_1_91' title='bbox 1842 1349 2077 1402; x_wconf 84' lang='lat' dir='ltr'>nomen</span> <span class='ocrx_word' id='word_1_92' title='bbox 2110 1335 2179 1401; x_wconf 92' lang='lat' dir='ltr'>in</span> <span class='ocrx_word' id='word_1_93' title='bbox 2210 1358 2327 1421; x_wconf 87' lang='lat' dir='ltr'>pa·</span> <span class='ocrx_word' id='word_1_94' title='bbox 2407 1339 2420 1350; x_wconf 71' lang='grc'><strong>“</strong></span> 
     </span>
     <span class='ocr_line' id='line_1_13' title="bbox 261 1429 2325 1517; baseline -0.001 -21"><span class='ocrx_word' id='word_1_95' title='bbox 261 1431 464 1496; x_wconf 79' lang='lat' dir='ltr'>tronis</span> <span class='ocrx_word' id='word_1_96' title='bbox 498 1431 755 1496; x_wconf 85' lang='lat' dir='ltr'>fuisset:</span> <span class='ocrx_word' id='word_1_97' title='bbox 792 1452 922 1495; x_wconf 90' lang='lat' dir='ltr'>non</span> <span class='ocrx_word' id='word_1_98' title='bbox 956 1439 1094 1494; x_wconf 86' lang='lat' dir='ltr'>erat</span> <span class='ocrx_word' id='word_1_99' title='bbox 1135 1429 1488 1508; x_wconf 86' lang='lat' dir='ltr'>abundans,</span> <span class='ocrx_word' id='word_1_100' title='bbox 1524 1452 1655 1495; x_wconf 91' lang='lat' dir='ltr'>non</span> <span class='ocrx_word' id='word_1_101' title='bbox 1686 1430 1871 1517; x_wconf 88' lang='lat' dir='ltr'>inops</span> <span class='ocrx_word' id='word_1_102' title='bbox 1907 1441 2149 1508; x_wconf 83' lang='lat' dir='ltr'>tamen3</span> <span class='ocrx_word' id='word_1_103' title='bbox 2192 1453 2325 1495; x_wconf 90' lang='lat' dir='ltr'>non</span> 
     </span>
     <span class='ocr_line' id='line_1_14' title="bbox 263 1523 2324 1610; baseline -0 -21"><span class='ocrx_word' id='word_1_104' title='bbox 263 1523 451 1590; x_wconf 82' lang='lat' dir='ltr'>valde</span> <span class='ocrx_word' id='word_1_105' title='bbox 503 1524 741 1602; x_wconf 88' lang='lat' dir='ltr'>nitens,</span> <span class='ocrx_word' id='word_1_106' title='bbox 795 1546 927 1589; x_wconf 92' lang='lat' dir='ltr'>non</span> <span class='ocrx_word' id='word_1_107' title='bbox 971 1523 1161 1610; x_wconf 86' lang='lat' dir='ltr'>plane</span> <span class='ocrx_word' id='word_1_108' title='bbox 1213 1523 1471 1589; x_wconf 89' lang='lat' dir='ltr'>horrida</span> <span class='ocrx_word' id='word_1_109' title='bbox 1521 1523 1751 1601; x_wconf 90' lang='lat' dir='ltr'>oratio;</span> <span class='ocrx_word' id='word_1_110' title='bbox 1805 1546 1933 1588; x_wconf 87' lang='lat' dir='ltr'>vox</span> <span class='ocrx_word' id='word_1_111' title='bbox 1984 1533 2206 1610; x_wconf 86' lang='lat' dir='ltr'>gestus</span> <span class='ocrx_word' id='word_1_112' title='bbox 2260 1536 2324 1588; x_wconf 89' lang='lat' dir='ltr'>et</span> 
     </span>
     <span class='ocr_line' id='line_1_15' title="bbox 262 1617 2330 1704; baseline -0.002 -20"><span class='ocrx_word' id='word_1_113' title='bbox 262 1619 471 1684; x_wconf 88' lang='lat' dir='ltr'>omnis</span> <span class='ocrx_word' id='word_1_114' title='bbox 509 1617 676 1684; x_wconf 88' lang='lat' dir='ltr'>actio</span> <span class='ocrx_word' id='word_1_115' title='bbox 714 1617 850 1683; x_wconf 89' lang='lat' dir='ltr'>sine</span> <span class='ocrx_word' id='word_1_116' title='bbox 883 1618 1128 1704; x_wconf 82' lang='lat' dir='ltr'>lepore3</span> <span class='ocrx_word' id='word_1_117' title='bbox 1183 1627 1250 1682; x_wconf 88' lang='lat' dir='ltr'>at</span> <span class='ocrx_word' id='word_1_118' title='bbox 1290 1618 1358 1681; x_wconf 89' lang='lat' dir='ltr'>in</span> <span class='ocrx_word' id='word_1_119' title='bbox 1403 1617 1797 1696; x_wconf 78' lang='lat' dir='ltr'>inveniendis</span> <span class='ocrx_word' id='word_1_120' title='bbox 1844 1617 2330 1703; x_wconf 53' lang='lat' dir='ltr'>componendis.</span> 
     </span>
     <span class='ocr_line' id='line_1_16' title="bbox 263 1709 2331 1796; baseline -0.001 -20"><span class='ocrx_word' id='word_1_121' title='bbox 263 1734 390 1796; x_wconf 86' lang='lat' dir='ltr'>que</span> <span class='ocrx_word' id='word_1_122' title='bbox 437 1713 631 1778; x_wconf 87' lang='lat' dir='ltr'>rebus</span> <span class='ocrx_word' id='word_1_123' title='bbox 687 1712 851 1776; x_wconf 88' lang='lat' dir='ltr'>mira</span> <span class='ocrx_word' id='word_1_124' title='bbox 900 1711 1254 1789; x_wconf 84' lang='lat' dir='ltr'>adcuratio,</span> <span class='ocrx_word' id='word_1_125' title='bbox 1316 1721 1388 1776; x_wconf 89' lang='lat' dir='ltr'>ut</span> <span class='ocrx_word' id='word_1_126' title='bbox 1447 1734 1578 1777; x_wconf 88' lang='lat' dir='ltr'>non</span> <span class='ocrx_word' id='word_1_127' title='bbox 1637 1710 1823 1777; x_wconf 85' lang='lat' dir='ltr'>facile</span> <span class='ocrx_word' id='word_1_128' title='bbox 1875 1711 1944 1774; x_wconf 90' lang='lat' dir='ltr'>in</span> <span class='ocrx_word' id='word_1_129' title='bbox 2001 1711 2135 1775; x_wconf 92' lang='lat' dir='ltr'>ullo</span> <span class='ocrx_word' id='word_1_130' title='bbox 2188 1709 2331 1774; x_wconf 85' lang='lat' dir='ltr'>dili·</span> 
     </span>
     <span class='ocr_line' id='line_1_17' title="bbox 266 1802 2325 1893; baseline -0.001 -22"><span class='ocrx_word' id='word_1_131' title='bbox 266 1807 620 1893; x_wconf 88' lang='lat' dir='ltr'>gentiorem</span> <span class='ocrx_word' id='word_1_132' title='bbox 672 1806 1130 1890; x_wconf 87' lang='lat' dir='ltr'>maioremque·</span> <span class='ocrx_word' id='word_1_133' title='bbox 1164 1805 1599 1892; x_wconf 83' lang='lat' dir='ltr'>cognoverim,</span> <span class='ocrx_word' id='word_1_134' title='bbox 1656 1806 1771 1871; x_wconf 88' lang='lat' dir='ltr'>sed</span> <span class='ocrx_word' id='word_1_135' title='bbox 1824 1825 1967 1868; x_wconf 87' lang='lat' dir='ltr'>eam</span> <span class='ocrx_word' id='word_1_136' title='bbox 2018 1814 2091 1868; x_wconf 88' lang='lat' dir='ltr'>ut</span> <span class='ocrx_word' id='word_1_137' title='bbox 2142 1802 2325 1868; x_wconf 88' lang='lat' dir='ltr'>citius</span> 
     </span>
     <span class='ocr_line' id='line_1_18' title="bbox 266 1896 2327 2009; baseline -0.002 -45"><span class='ocrx_word' id='word_1_138' title='bbox 266 1900 713 1966; x_wconf 80' lang='lat' dir='ltr'>veteratoriam</span> <span class='ocrx_word' id='word_1_139' title='bbox 731 1923 945 2009; x_wconf 39' lang='lat' dir='ltr'>‘quam</span> <span class='ocrx_word' id='word_1_140' title='bbox 981 1899 1320 1966; x_wconf 87' lang='lat' dir='ltr'>oratoriam</span> <span class='ocrx_word' id='word_1_141' title='bbox 1373 1899 1637 1964; x_wconf 77' lang='lat' dir='ltr'>diceres,</span> <span class='ocrx_word' id='word_1_142' title='bbox 1724 1897 1829 1962; x_wconf 90' lang='lat' dir='ltr'>hic</span> <span class='ocrx_word' id='word_1_143' title='bbox 1873 1897 1993 1963; x_wconf 90' lang='lat' dir='ltr'>etsi</span> <span class='ocrx_word' id='word_1_144' title='bbox 2036 1896 2228 1962; x_wconf 83' lang='lat' dir='ltr'>etiam</span> <span class='ocrx_word' id='word_1_145' title='bbox 2260 1897 2327 1960; x_wconf 90' lang='lat' dir='ltr'>in</span> 
     </span>
     <span class='ocr_line' id='line_1_19' title="bbox 266 1991 2327 2080; baseline -0.002 -22"><span class='ocrx_word' id='word_1_146' title='bbox 266 1993 538 2080; x_wconf 76' lang='lat' dir='ltr'>publicis</span> <span class='ocrx_word' id='word_1_147' title='bbox 575 1994 786 2059; x_wconf 88' lang='lat' dir='ltr'>causis</span> <span class='ocrx_word' id='word_1_148' title='bbox 819 1995 1224 2080; x_wconf 84' lang='lat' dir='ltr'>probabatur,</span> <span class='ocrx_word' id='word_1_149' title='bbox 1261 2004 1476 2058; x_wconf 87' lang='lat' dir='ltr'>tamen</span> <span class='ocrx_word' id='word_1_150' title='bbox 1508 1993 1576 2058; x_wconf 93' lang='lat' dir='ltr'>in</span> <span class='ocrx_word' id='word_1_151' title='bbox 1604 1991 1866 2079; x_wconf 87' lang='lat' dir='ltr'>privatis</span> <span class='ocrx_word' id='word_1_152' title='bbox 1900 1991 2327 2057; x_wconf 82' lang='lat' dir='ltr'>inlustriorem</span> 
     </span>
     <span class='ocr_line' id='line_1_20' title="bbox 265 2081 2462 2154; baseline -0.001 -2"><span class='ocrx_word' id='word_1_153' title='bbox 265 2087 594 2153; x_wconf 80' lang='lat' dir='ltr'>obtinebat</span> <span class='ocrx_word' id='word_1_154' title='bbox 651 2088 882 2154; x_wconf 84' lang='lat' dir='ltr'>locum.</span> <span class='ocrx_word' id='word_1_155' title='bbox 974 2084 1053 2153; x_wconf 88' lang='lat' dir='ltr'>C.</span> <span class='ocrx_word' id='word_1_156' title='bbox 1091 2087 1319 2152; x_wconf 89' lang='lat' dir='ltr'>deinde</span> <span class='ocrx_word' id='word_1_157' title='bbox 1352 2085 1511 2152; x_wconf 88' lang='lat' dir='ltr'>Piso</span> <span class='ocrx_word' id='word_1_158' title='bbox 1566 2086 1861 2152; x_wconf 83' lang='lat' dir='ltr'>statarius</span> <span class='ocrx_word' id='word_1_159' title='bbox 1906 2095 1972 2150; x_wconf 89' lang='lat' dir='ltr'>et</span> <span class='ocrx_word' id='word_1_160' title='bbox 2016 2085 2325 2150; x_wconf 88' lang='lat' dir='ltr'>sermonis</span> <span class='ocrx_word' id='word_1_161' title='bbox 2362 2081 2462 2134; x_wconf 74' lang='lat'>68..</span> 
     </span>
     <span class='ocr_line' id='line_1_21' title="bbox 263 2153 2385 2266; baseline -0 -21"><span class='ocrx_word' id='word_1_162' title='bbox 263 2180 492 2265; x_wconf 87' lang='lat' dir='ltr'>plenus</span> <span class='ocrx_word' id='word_1_163' title='bbox 529 2191 758 2260; x_wconf 86' lang='lat' dir='ltr'>orator,</span> <span class='ocrx_word' id='word_1_164' title='bbox 799 2181 1058 2247; x_wconf 88' lang='lat' dir='ltr'>minime</span> <span class='ocrx_word' id='word_1_165' title='bbox 1091 2181 1198 2246; x_wconf 90' lang='lat' dir='ltr'>ille</span> <span class='ocrx_word' id='word_1_166' title='bbox 1235 2181 1491 2266; x_wconf 88' lang='lat' dir='ltr'>quidem</span> <span class='ocrx_word' id='word_1_167' title='bbox 1526 2179 1799 2246; x_wconf 88' lang='lat' dir='ltr'>tardus</span> <span class='ocrx_word' id='word_1_168' title='bbox 1778 2203 1846 2244; x_wconf 89' lang='grc' dir='ltr'>ιιι</span> <span class='ocrx_word' id='word_1_169' title='bbox 1882 2153 2385 2266; x_wconf 70' lang='lat' dir='ltr'>excogitando,²</span> 
     </span>
     <span class='ocr_line' id='line_1_22' title="bbox 267 2274 2326 2353; baseline 0 -14"><span class='ocrx_word' id='word_1_170' title='bbox 267 2296 489 2339; x_wconf 84' lang='lat' dir='ltr'>verum</span> <span class='ocrx_word' id='word_1_171' title='bbox 541 2285 755 2340; x_wconf 89' lang='lat' dir='ltr'>tamen</span> <span class='ocrx_word' id='word_1_172' title='bbox 805 2275 983 2341; x_wconf 86' lang='lat' dir='ltr'>voltu</span> <span class='ocrx_word' id='word_1_173' title='bbox 1029 2284 1095 2341; x_wconf 89' lang='lat' dir='ltr'>et</span> <span class='ocrx_word' id='word_1_174' title='bbox 1147 2274 1545 2341; x_wconf 83' lang='lat' dir='ltr'>simulatione</span> <span class='ocrx_word' id='word_1_175' title='bbox 1587 2275 1789 2342; x_wconf 89' lang='lat' dir='ltr'>multo</span> <span class='ocrx_word' id='word_1_176' title='bbox 1833 2274 2023 2340; x_wconf 88' lang='lat' dir='ltr'>etiam</span> <span class='ocrx_word' id='word_1_177' title='bbox 2066 2275 2326 2353; x_wconf 85' lang='lat' dir='ltr'>acutior,</span> 
     </span>
     <span class='ocr_line' id='line_1_23' title="bbox 267 2367 2330 2452; baseline 0.001 -22"><span class='ocrx_word' id='word_1_178' title='bbox 267 2388 461 2451; x_wconf 86' lang='lat' dir='ltr'>quam</span> <span class='ocrx_word' id='word_1_179' title='bbox 505 2378 669 2444; x_wconf 88' lang='lat' dir='ltr'>erat,</span> <span class='ocrx_word' id='word_1_180' title='bbox 723 2367 1056 2434; x_wconf 81' lang='lat' dir='ltr'>videbatur</span> <span class='ocrx_word' id='word_1_181' title='bbox 1063 2394 1083 2446; x_wconf 84' lang='lat'><em>3</em></span> <span class='ocrx_word' id='word_1_182' title='bbox 1135 2392 1284 2434; x_wconf 89' lang='lat' dir='ltr'>nam</span> <span class='ocrx_word' id='word_1_183' title='bbox 1327 2370 1465 2434; x_wconf 88' lang='lat' dir='ltr'>eius</span> <span class='ocrx_word' id='word_1_184' title='bbox 1512 2370 1843 2452; x_wconf 87' lang='lat' dir='ltr'>aequalem</span> <span class='ocrx_word' id='word_1_185' title='bbox 1874 2369 1994 2434; x_wconf 92' lang='lat' dir='ltr'>M.’</span> <span class='ocrx_word' id='word_1_186' title='bbox 2034 2368 2330 2435; x_wconf 84' lang='lat' dir='ltr'>Glabrio-</span> 
     </span>
     <span class='ocr_line' id='line_1_24' title="bbox 266 2458 2429 2547; baseline -0.001 -22"><span class='ocrx_word' id='word_1_187' title='bbox 266 2482 418 2527; x_wconf 86' lang='lat' dir='ltr'>nem</span> <span class='ocrx_word' id='word_1_188' title='bbox 476 2458 640 2523; x_wconf 85' lang='lat' dir='ltr'>bene</span> <span class='ocrx_word' id='word_1_189' title='bbox 714 2458 1071 2525; x_wconf 87' lang='lat' dir='ltr'>institutum</span> <span class='ocrx_word' id='word_1_190' title='bbox 1133 2462 1237 2525; x_wconf 88' lang='lat' dir='ltr'>avi</span> <span class='ocrx_word' id='word_1_191' title='bbox 1301 2458 1651 2525; x_wconf 88' lang='lat' dir='ltr'>Scaevolae</span> <span class='ocrx_word' id='word_1_192' title='bbox 1724 2461 2053 2547; x_wconf 89' lang='lat' dir='ltr'>diligentia</span> <span class='ocrx_word' id='word_1_193' title='bbox 2112 2481 2329 2525; x_wconf 85' lang='lat' dir='ltr'>socors</span> <span class='ocrx_word' id='word_1_194' title='bbox 2422 2476 2429 2481; x_wconf 80' lang='lat'><em>·</em></span> 
     </span>
     <span class='ocr_line' id='line_1_25' title="bbox 267 2552 2333 2640; baseline -0.001 -22"><span class='ocrx_word' id='word_1_195' title='bbox 267 2553 472 2640; x_wconf 81' lang='lat' dir='ltr'>ipsius</span> <span class='ocrx_word' id='word_1_196' title='bbox 523 2562 752 2617; x_wconf 86' lang='lat' dir='ltr'>natura</span> <span class='ocrx_word' id='word_1_197' title='bbox 801 2553 1274 2639; x_wconf 83' lang='lat' dir='ltr'>neglegensque</span> <span class='ocrx_word' id='word_1_198' title='bbox 1325 2552 1705 2617; x_wconf 87' lang='lat' dir='ltr'>tardaverat.</span> <span class='ocrx_word' id='word_1_199' title='bbox 1794 2554 1985 2618; x_wconf 86' lang='lat' dir='ltr'>etiam</span> <span class='ocrx_word' id='word_1_200' title='bbox 2035 2552 2121 2616; x_wconf 90' lang='lat' dir='ltr'>L.</span> <span class='ocrx_word' id='word_1_201' title='bbox 2164 2552 2333 2617; x_wconf 85' lang='lat' dir='ltr'>Tor-</span> 
     </span>
     <span class='ocr_line' id='line_1_26' title="bbox 267 2644 2333 2735; baseline -0.001 -24"><span class='ocrx_word' id='word_1_202' title='bbox 267 2656 500 2730; x_wconf 86' lang='lat' dir='ltr'>quatus</span> <span class='ocrx_word' id='word_1_203' title='bbox 537 2646 799 2731; x_wconf 85' lang='lat' dir='ltr'>elegans</span> <span class='ocrx_word' id='word_1_204' title='bbox 833 2645 900 2709; x_wconf 89' lang='lat' dir='ltr'>in</span> <span class='ocrx_word' id='word_1_205' title='bbox 931 2644 1328 2735; x_wconf 34' lang='lat' dir='ltr'>dicendoain</span> <span class='ocrx_word' id='word_1_206' title='bbox 1352 2644 1775 2711; x_wconf 86' lang='lat' dir='ltr'>existimando</span> <span class='ocrx_word' id='word_1_207' title='bbox 1804 2646 2147 2709; x_wconf 87' lang='lat' dir='ltr'>admodum</span> <span class='ocrx_word' id='word_1_208' title='bbox 2178 2667 2333 2730; x_wconf 87' lang='lat' dir='ltr'>pru-</span> 
     </span>
     <span class='ocr_line' id='line_1_27' title="bbox 269 2735 2328 2825; baseline -0.001 -21"><span class='ocrx_word' id='word_1_209' title='bbox 269 2740 452 2817; x_wconf 88' lang='lat' dir='ltr'>dens,</span> <span class='ocrx_word' id='word_1_210' title='bbox 489 2750 622 2805; x_wconf 86' lang='lat' dir='ltr'>toto</span> <span class='ocrx_word' id='word_1_211' title='bbox 656 2760 890 2825; x_wconf 88' lang='lat' dir='ltr'>genere</span> <span class='ocrx_word' id='word_1_212' title='bbox 925 2740 1340 2825; x_wconf 77' lang='lat' dir='ltr'>perui-banus.</span> <span class='ocrx_word' id='word_1_213' title='bbox 1416 2761 1600 2803; x_wconf 90' lang='lat' dir='ltr'>meus</span> <span class='ocrx_word' id='word_1_214' title='bbox 1637 2748 1849 2803; x_wconf 88' lang='lat' dir='ltr'>autem</span> <span class='ocrx_word' id='word_1_215' title='bbox 1884 2737 2165 2821; x_wconf 89' lang='lat' dir='ltr'>aequalis</span> <span class='ocrx_word' id='word_1_216' title='bbox 2203 2735 2328 2804; x_wconf 88' lang='lat' dir='ltr'>Cn.</span> 
     </span>
     <span class='ocr_line' id='line_1_28' title="bbox 266 2830 2329 2919; baseline -0.002 -19"><span class='ocrx_word' id='word_1_217' title='bbox 266 2832 616 2919; x_wconf 88' lang='lat' dir='ltr'>Pompeius</span> <span class='ocrx_word' id='word_1_218' title='bbox 661 2833 758 2897; x_wconf 89' lang='lat' dir='ltr'>vir</span> <span class='ocrx_word' id='word_1_219' title='bbox 803 2832 888 2897; x_wconf 88' lang='lat' dir='ltr'>ad</span> <span class='ocrx_word' id='word_1_220' title='bbox 931 2830 1145 2897; x_wconf 88' lang='lat' dir='ltr'>omnia</span> <span class='ocrx_word' id='word_1_221' title='bbox 1189 2854 1437 2897; x_wconf 88' lang='lat' dir='ltr'>summa</span> <span class='ocrx_word' id='word_1_222' title='bbox 1486 2842 1673 2898; x_wconf 87' lang='lat' dir='ltr'>natus</span> <span class='ocrx_word' id='word_1_223' title='bbox 1726 2832 2032 2897; x_wconf 87' lang='lat' dir='ltr'>maiorem</span> <span class='ocrx_word' id='word_1_224' title='bbox 2076 2832 2329 2897; x_wconf 83' lang='lat' dir='ltr'>dicendi</span> 
     </span>
     <span class='ocr_line' id='line_1_29' title="bbox 272 2923 2333 3014; baseline 0.001 -24"><span class='ocrx_word' id='word_1_225' title='bbox 272 2923 544 3014; x_wconf 87' lang='lat' dir='ltr'>gloriam</span> <span class='ocrx_word' id='word_1_226' title='bbox 577 2926 936 3004; x_wconf 85' lang='lat' dir='ltr'>habuisset,</span> <span class='ocrx_word' id='word_1_227' title='bbox 989 2925 1114 2991; x_wconf 89' lang='lat' dir='ltr'>nisi</span> <span class='ocrx_word' id='word_1_228' title='bbox 1149 2927 1587 3006; x_wconf 48' lang='lat' dir='ltr'>eum,maioris</span> <span class='ocrx_word' id='word_1_229' title='bbox 1623 2925 1863 3013; x_wconf 86' lang='lat' dir='ltr'>gloriae</span> <span class='ocrx_word' id='word_1_230' title='bbox 1900 2926 2213 3012; x_wconf 81' lang='lat' dir='ltr'>cupiditas</span> <span class='ocrx_word' id='word_1_231' title='bbox 2248 2928 2333 2992; x_wconf 86' lang='lat' dir='ltr'>ad</span> 
     </span>
     <span class='ocr_line' id='line_1_30' title="bbox 271 3019 2329 3106; baseline -0.001 -19"><span class='ocrx_word' id='word_1_232' title='bbox 271 3019 534 3087; x_wconf 88' lang='lat' dir='ltr'>bellicas</span> <span class='ocrx_word' id='word_1_233' title='bbox 577 3022 801 3086; x_wconf 90' lang='lat' dir='ltr'>laudes</span> <span class='ocrx_word' id='word_1_234' title='bbox 859 3020 1318 3086; x_wconf 65' lang='lat' dir='ltr'>abstraxisset··</span> <span class='ocrx_word' id='word_1_235' title='bbox 1361 3031 1497 3086; x_wconf 87' lang='lat' dir='ltr'>erat</span> <span class='ocrx_word' id='word_1_236' title='bbox 1530 3021 1812 3086; x_wconf 89' lang='lat' dir='ltr'>oratione</span> <span class='ocrx_word' id='word_1_237' title='bbox 1858 3020 2013 3085; x_wconf 86' lang='lat' dir='ltr'>satis</span> <span class='ocrx_word' id='word_1_238' title='bbox 2058 3019 2329 3106; x_wconf 86' lang='lat' dir='ltr'>amplus,</span> 
     </span>
     <span class='ocr_line' id='line_1_31' title="bbox 266 3113 2423 3203; baseline -0.002 -22"><span class='ocrx_word' id='word_1_239' title='bbox 266 3138 407 3181; x_wconf 82' lang='lat' dir='ltr'>rem</span> <span class='ocrx_word' id='word_1_240' title='bbox 457 3116 803 3203; x_wconf 87' lang='lat' dir='ltr'>prudenter</span> <span class='ocrx_word' id='word_1_241' title='bbox 852 3115 1140 3194; x_wconf 82' lang='lat' dir='ltr'>videbat3</span> <span class='ocrx_word' id='word_1_242' title='bbox 1205 3116 1370 3181; x_wconf 88' lang='lat' dir='ltr'>actio</span> <span class='ocrx_word' id='word_1_243' title='bbox 1424 3138 1577 3181; x_wconf 89' lang='lat' dir='ltr'>vero</span> <span class='ocrx_word' id='word_1_244' title='bbox 1630 3115 1765 3180; x_wconf 90' lang='lat' dir='ltr'>eius</span> <span class='ocrx_word' id='word_1_245' title='bbox 1816 3113 2097 3180; x_wconf 88' lang='lat' dir='ltr'>habebat</span> <span class='ocrx_word' id='word_1_246' title='bbox 2146 3124 2212 3179; x_wconf 88' lang='lat' dir='ltr'>et</span> <span class='ocrx_word' id='word_1_247' title='bbox 2262 3114 2331 3178; x_wconf 90' lang='lat' dir='ltr'>in</span> <span class='ocrx_word' id='word_1_248' title='bbox 2420 3160 2423 3165; x_wconf 89' lang='lat'>-</span> 
     </span>
     <span class='ocr_line' id='line_1_32' title="bbox 269 3206 2329 3295; baseline -0.001 -22"><span class='ocrx_word' id='word_1_249' title='bbox 269 3232 428 3275; x_wconf 87' lang='lat' dir='ltr'>voce</span> <span class='ocrx_word' id='word_1_250' title='bbox 473 3232 780 3295; x_wconf 90' lang='lat' dir='ltr'>magnum</span> <span class='ocrx_word' id='word_1_251' title='bbox 831 3210 1234 3295; x_wconf 85' lang='lat' dir='ltr'>splendorem</span> <span class='ocrx_word' id='word_1_252' title='bbox 1269 3218 1335 3274; x_wconf 92' lang='lat' dir='ltr'>et</span> <span class='ocrx_word' id='word_1_253' title='bbox 1366 3208 1435 3272; x_wconf 90' lang='lat' dir='ltr'>in</span> <span class='ocrx_word' id='word_1_254' title='bbox 1468 3219 1647 3274; x_wconf 86' lang='lat' dir='ltr'>motu</span> <span class='ocrx_word' id='word_1_255' title='bbox 1691 3230 2005 3274; x_wconf 88' lang='lat' dir='ltr'>summam</span> <span class='ocrx_word' id='word_1_256' title='bbox 2056 3206 2329 3293; x_wconf 88' lang='lat' dir='ltr'>dignita-</span> 
     </span>
    </p>
   </div>
   <div class='ocr_carea' id='block_1_5' title="bbox 177 3294 2446 3389">
    <p class='ocr_par' dir='ltr' id='par_1_5' title="bbox 177 3294 2446 3389">
     <span class='ocr_line' id='line_1_33' title="bbox 177 3294 2446 3389; baseline 0.005 -28"><span class='ocrx_word' id='word_1_257' title='bbox 177 3356 182 3361; x_wconf 79' lang='lat'><strong>.</strong></span> <span class='ocrx_word' id='word_1_258' title='bbox 269 3314 422 3367; x_wconf 86' lang='lat' dir='ltr'>tem.</span> <span class='ocrx_word' id='word_1_259' title='bbox 507 3314 724 3367; x_wconf 87' lang='lat' dir='ltr'>noster</span> <span class='ocrx_word' id='word_1_260' title='bbox 757 3302 911 3367; x_wconf 83' lang='lat' dir='ltr'>item</span> <span class='ocrx_word' id='word_1_261' title='bbox 956 3302 1237 3389; x_wconf 87' lang='lat' dir='ltr'>aequalis</span> <span class='ocrx_word' id='word_1_262' title='bbox 1273 3302 1360 3367; x_wconf 92' lang='lat' dir='ltr'>D.</span> <span class='ocrx_word' id='word_1_263' title='bbox 1402 3299 1661 3367; x_wconf 86' lang='lat' dir='ltr'>Silanus</span> <span class='ocrx_word' id='word_1_264' title='bbox 1705 3302 1965 3367; x_wconf 82' lang='lat' dir='ltr'>vitricus</span> <span class='ocrx_word' id='word_1_265' title='bbox 2009 3311 2157 3366; x_wconf 88' lang='lat' dir='ltr'>tuus</span> <span class='ocrx_word' id='word_1_266' title='bbox 2195 3294 2327 3365; x_wconf 87' lang='lat' dir='ltr'>stu-</span> <span class='ocrx_word' id='word_1_267' title='bbox 2363 3306 2446 3371; x_wconf 64' lang='grc' dir='ltr'>ιιι)</span> 
     </span>
    </p>
   </div>
   <div class='ocr_carea' id='block_1_6' title="bbox 269 3395 2437 4136">
    <p class='ocr_par' dir='ltr' id='par_1_6' title="bbox 269 3395 2437 4136">
     <span class='ocr_line' id='line_1_34' title="bbox 269 3395 2327 3478; baseline 0 -19"><span class='ocrx_word' id='word_1_268' title='bbox 269 3396 362 3459; x_wconf 88' lang='lat' dir='ltr'>dii</span> <span class='ocrx_word' id='word_1_269' title='bbox 394 3396 502 3461; x_wconf 88' lang='lat' dir='ltr'>ille</span> <span class='ocrx_word' id='word_1_270' title='bbox 539 3396 794 3478; x_wconf 86' lang='lat' dir='ltr'>quidem</span> <span class='ocrx_word' id='word_1_271' title='bbox 826 3395 1051 3461; x_wconf 87' lang='lat' dir='ltr'>habuit</span> <span class='ocrx_word' id='word_1_272' title='bbox 1083 3419 1213 3462; x_wconf 90' lang='lat' dir='ltr'>non</span> <span class='ocrx_word' id='word_1_273' title='bbox 1245 3395 1545 3474; x_wconf 89' lang='lat' dir='ltr'>multum,</span> <span class='ocrx_word' id='word_1_274' title='bbox 1592 3397 1709 3461; x_wconf 90' lang='lat' dir='ltr'>sed</span> <span class='ocrx_word' id='word_1_275' title='bbox 1744 3395 2051 3462; x_wconf 87' lang='lat' dir='ltr'>acuminis</span> <span class='ocrx_word' id='word_1_276' title='bbox 2086 3404 2151 3460; x_wconf 85' lang='lat' dir='ltr'>et</span> <span class='ocrx_word' id='word_1_277' title='bbox 2180 3406 2327 3461; x_wconf 56' lang='lat' dir='ltr'>&#39;orae</span> 
     </span>
     <span class='ocr_line' id='line_1_35' title="bbox 271 3485 2328 3575; baseline 0.001 -24"><span class='ocrx_word' id='word_1_278' title='bbox 271 3488 462 3553; x_wconf 88' lang='lat' dir='ltr'>tionis</span> <span class='ocrx_word' id='word_1_279' title='bbox 508 3488 685 3553; x_wconf 86' lang='lat' dir='ltr'>satis.</span> <span class='ocrx_word' id='word_1_280' title='bbox 775 3485 859 3569; x_wconf 83' lang='lat' dir='ltr'>Q.</span> <span class='ocrx_word' id='word_1_281' title='bbox 894 3489 1242 3575; x_wconf 88' lang='lat' dir='ltr'>Pompeius</span> <span class='ocrx_word' id='word_1_282' title='bbox 1277 3490 1364 3554; x_wconf 83' lang='lat' dir='ltr'>A.</span> <span class='ocrx_word' id='word_1_283' title='bbox 1398 3490 1509 3567; x_wconf 69' lang='lat' dir='ltr'>F„</span> <span class='ocrx_word' id='word_1_284' title='bbox 1547 3490 1656 3573; x_wconf 91' lang='lat' dir='ltr'>qui</span> <span class='ocrx_word' id='word_1_285' title='bbox 1686 3490 2067 3575; x_wconf 84' lang='lat' dir='ltr'>Bithynicus</span> <span class='ocrx_word' id='word_1_286' title='bbox 2122 3487 2328 3553; x_wconf 87' lang='lat' dir='ltr'>dictus</span> 
     </span>
     <span class='ocr_line' id='line_1_36' title="bbox 271 3579 2331 3664; baseline -0.001 -17"><span class='ocrx_word' id='word_1_287' title='bbox 271 3592 401 3659; x_wconf 87' lang='lat' dir='ltr'>est,</span> <span class='ocrx_word' id='word_1_288' title='bbox 435 3579 693 3646; x_wconf 91' lang='lat' dir='ltr'>biennio</span> <span class='ocrx_word' id='word_1_289' title='bbox 729 3601 920 3664; x_wconf 88' lang='lat' dir='ltr'>quam</span> <span class='ocrx_word' id='word_1_290' title='bbox 939 3604 1074 3647; x_wconf 77' lang='lat' dir='ltr'>nos</span> <span class='ocrx_word' id='word_1_291' title='bbox 1109 3582 1386 3648; x_wconf 84' lang='lat' dir='ltr'>fortasse</span> <span class='ocrx_word' id='word_1_292' title='bbox 1420 3583 1651 3661; x_wconf 80' lang='lat' dir='ltr'>maior,</span> <span class='ocrx_word' id='word_1_293' title='bbox 1704 3604 1967 3649; x_wconf 89' lang='lat' dir='ltr'>summo-</span> <span class='ocrx_word' id='word_1_294' title='bbox 1990 3581 2199 3648; x_wconf 90' lang='lat' dir='ltr'>studio</span> <span class='ocrx_word' id='word_1_295' title='bbox 2234 3582 2331 3645; x_wconf 90' lang='lat' dir='ltr'>di-</span> 
     </span>
     <span class='ocr_line' id='line_1_37' title="bbox 270 3673 2332 3759; baseline -0.001 -18"><span class='ocrx_word' id='word_1_296' title='bbox 270 3675 456 3741; x_wconf 88' lang='lat' dir='ltr'>cendi</span> <span class='ocrx_word' id='word_1_297' title='bbox 518 3673 842 3757; x_wconf 86' lang='lat' dir='ltr'>multaque</span> <span class='ocrx_word' id='word_1_298' title='bbox 908 3675 1224 3753; x_wconf 87' lang='lat' dir='ltr'>doctrina,</span> <span class='ocrx_word' id='word_1_299' title='bbox 1293 3674 1647 3741; x_wconf 88' lang='lat' dir='ltr'>incredibili</span> <span class='ocrx_word' id='word_1_300' title='bbox 1706 3676 1921 3741; x_wconf 91' lang='lat' dir='ltr'>labore</span> <span class='ocrx_word' id='word_1_301' title='bbox 1983 3686 2173 3759; x_wconf 81' lang='lat' dir='ltr'>atque</span> <span class='ocrx_word' id='word_1_302' title='bbox 2222 3676 2332 3739; x_wconf 81' lang='lat' dir='ltr'>&#39;in-</span> 
     </span>
     <span class='ocr_line' id='line_1_38' title="bbox 273 3767 2330 3854; baseline 0 -23"><span class='ocrx_word' id='word_1_303' title='bbox 273 3768 544 3846; x_wconf 83' lang='lat' dir='ltr'>dus-tria3</span> <span class='ocrx_word' id='word_1_304' title='bbox 581 3769 752 3851; x_wconf 89' lang='lat' dir='ltr'>quod</span> <span class='ocrx_word' id='word_1_305' title='bbox 787 3768 948 3838; x_wconf 73' lang='lat' dir='ltr'>,scire</span> <span class='ocrx_word' id='word_1_306' title='bbox 979 3790 1276 3854; x_wconf 79' lang='lat' dir='ltr'>possum:</span> <span class='ocrx_word' id='word_1_307' title='bbox 1311 3769 1434 3835; x_wconf 84' lang='lat' dir='ltr'>fuit</span> <span class='ocrx_word' id='word_1_308' title='bbox 1466 3770 1638 3835; x_wconf 87' lang='lat' dir='ltr'>enim</span> <span class='ocrx_word' id='word_1_309' title='bbox 1668 3790 1919 3835; x_wconf 88' lang='lat' dir='ltr'>mecum</span> <span class='ocrx_word' id='word_1_310' title='bbox 1953 3778 2019 3835; x_wconf 92' lang='lat' dir='ltr'>et</span> <span class='ocrx_word' id='word_1_311' title='bbox 2053 3790 2198 3833; x_wconf 86' lang='lat' dir='ltr'>cum</span> <span class='ocrx_word' id='word_1_312' title='bbox 2230 3767 2330 3831; x_wconf 88' lang='lat' dir='ltr'>M.</span> 
     </span>
     <span class='ocr_line' id='line_1_39' title="bbox 270 3860 2332 3945; baseline 0 -20"><span class='ocrx_word' id='word_1_313' title='bbox 270 3860 512 3929; x_wconf 89' lang='lat' dir='ltr'>Pisone</span> <span class='ocrx_word' id='word_1_314' title='bbox 547 3883 694 3927; x_wconf 91' lang='lat' dir='ltr'>cum</span> <span class='ocrx_word' id='word_1_315' title='bbox 728 3862 1002 3927; x_wconf 87' lang='lat' dir='ltr'>amicitia</span> <span class='ocrx_word' id='word_1_316' title='bbox 1034 3872 1171 3927; x_wconf 87' lang='lat' dir='ltr'>tum</span> <span class='ocrx_word' id='word_1_317' title='bbox 1207 3863 1433 3929; x_wconf 86' lang='lat' dir='ltr'>studiis</span> <span class='ocrx_word' id='word_1_318' title='bbox 1468 3862 2145 3945; x_wconf 84' lang='lat' dir='ltr'>exercitationibusque</span> <span class='ocrx_word' id='word_1_319' title='bbox 2180 3882 2332 3927; x_wconf 90' lang='lat' dir='ltr'>con-</span> 
     </span>
     <span class='ocr_line' id='line_1_40' title="bbox 270 3952 2437 4045; baseline 0 -28"><span class='ocrx_word' id='word_1_320' title='bbox 270 3952 546 4021; x_wconf 87' lang='lat' dir='ltr'>iunctus.</span> <span class='ocrx_word' id='word_1_321' title='bbox 632 3955 822 4020; x_wconf 88' lang='lat' dir='ltr'>huius</span> <span class='ocrx_word' id='word_1_322' title='bbox 858 3954 1022 4022; x_wconf 89' lang='lat' dir='ltr'>actio</span> <span class='ocrx_word' id='word_1_323' title='bbox 1057 3978 1190 4021; x_wconf 89' lang='lat' dir='ltr'>non</span> <span class='ocrx_word' id='word_1_324' title='bbox 1223 3957 1378 4022; x_wconf 89' lang='lat' dir='ltr'>satis</span> <span class='ocrx_word' id='word_1_325' title='bbox 1426 3955 1911 4023; x_wconf 86' lang='lat' dir='ltr'>commendabat</span> <span class='ocrx_word' id='word_1_326' title='bbox 1952 3954 2327 4031; x_wconf 78' lang='lat' dir='ltr'>orationem3</span> <span class='ocrx_word' id='word_1_327' title='bbox 2432 4040 2437 4045; x_wconf 22' lang='lat'>⁸</span> 
     </span>
     <span class='ocr_line' id='line_1_41' title="bbox 269 4047 2331 4136; baseline -0.001 -23"><span class='ocrx_word' id='word_1_328' title='bbox 269 4047 342 4113; x_wconf 86' lang='lat' dir='ltr'>in</span> <span class='ocrx_word' id='word_1_329' title='bbox 393 4047 514 4113; x_wconf 89' lang='lat' dir='ltr'>hac</span> <span class='ocrx_word' id='word_1_330' title='bbox 575 4050 744 4117; x_wconf 89' lang='lat' dir='ltr'>enim</span> <span class='ocrx_word' id='word_1_331' title='bbox 804 4050 960 4116; x_wconf 86' lang='lat' dir='ltr'>satis</span> <span class='ocrx_word' id='word_1_332' title='bbox 1024 4060 1162 4115; x_wconf 90' lang='lat' dir='ltr'>erat</span> <span class='ocrx_word' id='word_1_333' title='bbox 1220 4050 1471 4136; x_wconf 89' lang='lat' dir='ltr'>copiae,</span> <span class='ocrx_word' id='word_1_334' title='bbox 1533 4050 1615 4129; x_wconf 54' lang='lat' dir='ltr'>in,</span> <span class='ocrx_word' id='word_1_335' title='bbox 1651 4049 1763 4115; x_wconf 89' lang='lat' dir='ltr'>illa</span> <span class='ocrx_word' id='word_1_336' title='bbox 1825 4060 2035 4115; x_wconf 87' lang='lat' dir='ltr'>autem</span> <span class='ocrx_word' id='word_1_337' title='bbox 2094 4047 2331 4135; x_wconf 88' lang='lat' dir='ltr'>leporis</span> 
     </span>
    </p>
   </div>
  </div>
 </body>
</html>
