2784 4575
435 274 564 338 206
1050 281 1126 336 M.
1165 281 1441 339 TULLII
1458 261 1877 338 'CICERONIS

335 413 401 468 12
433 419 599 474 runt.
689 406 846 472 haec
889 405 1083 492 igitur
1127 417 1301 471 aetas
1353 404 1559 492 prima
1600 403 1877 470 Athenis
1932 413 2246 470 oratorem
2296 427 2494 492 prope

337 485 392 527 ⁴⁵
433 503 787 590 perfectum
830 501 975 565 tulit
983 525 1002 578 3
1055 521 1176 565 nec
1210 498 1381 565 enim
1423 499 1493 564 in
1526 497 2053 564 constituentibus
2097 520 2235 562 rem
2286 498 2498 584 publi-

435 619 576 662 cam
618 619 738 662 nec
779 595 847 661 in
887 595 1058 660 bella
1108 595 1475 681 gerentibus
1526 615 1646 658 nec
1687 593 1757 658 in
1796 593 2115 680 impeditis
2148 613 2227 657 ac
2266 615 2499 680 regum

435 689 859 757 dominatione
901 688 1212 754 devinctis
1265 687 1445 753 nasci
1502 687 1813 775 cupiditas
1850 687 2102 753 dicendi
2132 686 2327 752 solet:
2379 710 2499 774 pap

434 786 524 851 cis
589 794 688 852 est
747 805 960 850 comes
1019 783 1258 868 otiique
1330 782 1505 848 socia
1562 791 1631 848 et
1684 783 1815 847 iam
1880 781 2045 846 bene
2115 781 2497 847 constitutae

337 913 390 954 4⁶
435 878 706 944 civitatis
757 877 946 963 quasi
998 877 1254 942 alumna
1303 875 1619 961 quaedam
1670 875 2047 960 eloquentia.
2136 875 2349 960 itaque
2398 875 2497 940 ait

429 971 842 1050 Aristoteles,
895 993 1043 1038 cum
1095 971 1360 1036 sublatis
1414 971 1481 1036 in
1534 969 1755 1036 Sicilia
1804 970 2089 1056 tyrannis
2130 991 2237 1034 res
2280 969 2495 1056 priva-

432 1079 535 1134 tae
585 1069 780 1156 longo
831 1067 1162 1134 intervallo
1216 1064 1465 1131 iudiciis
1516 1075 1979 1152 repeterentur,
2030 1075 2167 1128 tum
2214 1063 2489 1150 primum

435 1159 637 1248 [quod
671 1172 841 1228 esset
878 1171 1065 1226 acuta
1095 1160 1208 1226 illa
1239 1183 1401 1246 gens
1436 1170 1502 1225 et
1532 1169 1943 1225 controversa
1976 1156 2251 1243 ωιλαμ]
2290 1167 2489 1222 artem

431 1267 494 1320 et
543 1266 884 1344 praecepta
935 1253 1190 1320 Siculos
1243 1253 1557 1320 Coracem
1606 1264 1673 1318 et
1706 1253 1952 1318 Tisiam
1994 1250 2488 1337 ,conscripsisse3

429 1371 580 1412 nam
614 1359 800 1414 antea
832 1348 1151 1414 neminem
1199 1348 1459 1414 solitum
1510 1348 1615 1413 via
1648 1367 1768 1412 nec
1810 1357 1974 1423 arte,
2029 1344 2145 1409 sed
2189 1345 2490 1412 adcurate

430 1453 643 1507 tamen
677 1453 743 1507 ct
777 1440 856 1508 de
891 1440 1127 1528 scripto
1179 1441 1517 1528 plerosque
1562 1441 1802 1517 dicere3
1856 1440 2251 1525 scriptasque
2284 1437 2486 1504 fuisse

430 1545 494 1600 et
538 1547 794 1623 paratas
842 1560 882 1602 a
920 1536 1278 1622 Protagora
1329 1557 1541 1600 rerum
1590 1533 1951 1599 inlustrium
2004 1532 2483 1618 disputationeS,

333 1655 384 1696 4⁷
430 1651 592 1714 qua-e
625 1649 794 1695 nunc
830 1651 1195 1696 communes
1225 1630 1623 1718 appellantur
1654 1629 1777 1695 loci
1786 1653 1805 1708 3
1844 1629 2015 1714 quod
2048 1627 2219 1692 idem
2252 1625 2485 1692 fecisse

431 1723 766 1814 Gorgiam,
809 1747 1003 1810 quem
1039 1723 1430 1811 singularum
1462 1747 1673 1790 rerum
1704 1724 1926 1788 laudes
1962 1721 2487 1809 vituperationesss·
2592 1767 2599 1772 -

429 1841 552 1903 que
584 1819 1071 1906 conscripsisse,
1127 1819 1298 1902 quod
1329 1819 1638 1884 iudicaret
1687 1818 1809 1884 hoc
1861 1817 2125 1883 oratoris
2162 1839 2305 1881 esse
2346 1839 2486 1880 ma-

426 1911 596 1979 xime
628 1913 982 2000 proprium,
1018 1935 1155 1978 rem
1189 1935 1423 1998 augere
1458 1935 1650 1998 posse
1684 1911 2002 1976 laudando
2036 1909 2485 1996 vituperando-

428 2029 549 2090 que
609 2028 829 2071 rursus
893 2005 1221 2091 adfligere3
1285 2005 1435 2070 huic
1493 2006 1958 2091 Antiphontem
2016 2003 2483 2070 Rhamnusium

428 2099 656 2162 similia
691 2099 1000 2182 quaedam
1046 2098 1346 2164 habuisse
1391 2099 1773 2184 conscripta,
1828 2120 1955 2182 quo
1988 2097 2306 2162 neminem
2338 2119 2481 2160 um-

426 2212 614 2274 quam
647 2190 873 2255 melius
908 2190 1104 2255 ullam
1138 2191 1423 2257 oravisse
1458 2192 1681 2278 capitis
1720 2214 2003 2270 causam,
2058 2213 2203 2256 cum
2238 2213 2307 2256 se
2340 2191 2480 2276 ipse

425 2282 819 2362 defenderet,
884 2306 954 2350 se
1009 2283 1328 2364 audiente,
1390 2285 1673 2373 locuples
1728 2297 1947 2353 auctor
1998 2284 2251 2371 scripsit
2300 2283 2483 2349 Thu-

329 2402 382 2442 48
425 2378 714 2465 cydides:
750 2403 901 2445 nam
925 2379 1196 2466 Lysiam
1223 2382 1427 2467 primo
1452 2382 1733 2469 profiteri
1760 2380 2015 2447 solitum
2042 2391 2243 2445 artem
2274 2376 2476 2465 [esse]

425 2473 703 2553 dicendi,
757 2473 1014 2554 deinde,
1050 2476 1223 2559 quod
1257 2476 1632 2542 Theodorus
1686 2487 1857 2541 esset
1889 2476 1959 2539 in
1993 2484 2125 2539 arte
2170 2470 2479 2549 subtilior,

421 2568 490 2631 in
544 2567 928 2633 orationibus
991 2581 1202 2634 autem
1261 2569 1554 2648 ieiunior,
1618 2569 1934 2635 orationes
1996 2591 2141 2634 eum
2204 2566 2478 2633 scribere

427 2660 564 2726 aliis
604 2662 911 2749 coepisse,
947 2673 1148 2729 artem
1172 2663 1521 2728 removisse
1530 2688 1549 2742 3
1588 2662 1872 2727 similiter
1899 2662 2247 2727 Isocratem
2275 2660 2478 2746 primo

428 2750 659 2840 [artem
711 2755 961 2821 dicendi
1014 2778 1158 2821 esse
1209 2754 1609 2843 negavisse,]
1675 2756 1948 2821 scribere
2012 2752 2280 2841 [autem]
2338 2752 2476 2817 aliis

425 2846 680 2912 solitum
715 2850 1060 2925 orationes,
1117 2850 1344 2933 quibus
1379 2849 1447 2915 in
1490 2849 1739 2915 iudiciis
1772 2859 2099 2915 uterentur
2107 2874 2127 2927 3
2181 2848 2299 2913 sed
2330 2868 2479 2911 cum

423 2962 504 3003 cx
540 2962 644 3018 eo,
700 2941 847 3025 quia
881 2943 1063 3027 quasi
1117 2944 1535 3010 committeret
1587 2954 1806 3010 contra
1847 2943 2084 3029 legem,
2145 2948 2297 3026 ‘quo
2334 2940 2475 3025 quis

421 3032 652 3099 iudicio
706 3035 1257 3103 circumveniretur
1263 3039 1303 3117 ‚'
1377 3060 1567 3125 saepe
1618 3038 1756 3124 ipse
1810 3037 1877 3101 in
1927 3036 2226 3101 iudicium
2289 3056 2478 3101 voca-

419 3138 621 3207 retur,
679 3131 994 3196 orationes
1032 3130 1170 3197 aliis
1225 3132 1545 3198 destitisse
1598 3132 1871 3198 scribere
1920 3142 2248 3215 totumque
2286 3153 2355 3196 se
2393 3130 2478 3196 ad

319 3216 386 3329 ἐξ
424 3222 574 3287 artis
637 3226 1106 3311 componendas
1179 3228 1597 3293 transtulisse.
1712 3238 1778 3293 et
1842 3226 2151 3293 Graeciae
2222 3228 2475 3311 quidem

423 3327 740 3382 oratorum
791 3329 1008 3404 partus
1073 3330 1260 3405 atque
1319 3321 1488 3387 fetus
1542 3322 1749 3400 vides,
1812 3320 1896 3385 ad
1944 3332 2303 3387 nostrorum
2364 3344 2475 3385 an-
2526 3396 2532 3405 ι

420 3410 658 3475 nalium
692 3411 999 3478 rationem
1034 3427 1309 3493 veteres,
1348 3416 1432 3481 ad
1464 3416 1747 3502 ipsorum
1784 3438 1936 3481 sane
1969 3416 2271 3493 recent-is3
2326 3438 2475 3479 nam

423 3515 567 3569 ante
604 3528 795 3590 quam
841 3506 1149 3575 delectata
1192 3520 1292 3575 est
1322 3510 1813 3577 Atheniensium
1859 3509 2079 3575 civitas
2126 3509 2247 3575 hac
2288 3508 2475 3574 laude

422 3597 697 3679 dicendi,
751 3601 949 3667 multa
999 3601 1128 3668 iam
1177 3604 1611 3670 memorabilia
1655 3615 1719 3669 et
1758 3604 1827 3668 in
1878 3603 2241 3669 domesticis
2296 3613 2359 3668 et
2408 3600 2475 3667 in

419 3692 661 3758 bellicis
721 3696 913 3761 rebus
977 3698 1303 3777 effecerat3
1366 3697 1490 3763 hoc
1549 3708 1761 3764 autem
1821 3698 2100 3763 studium
2158 3720 2289 3763 non
2342 3710 2478 3761 erat

323 3806 378 3847 σο
421 3806 753 3853 commune
785 3787 1113 3869 Graeciae,
1152 3792 1268 3857 sed
1297 3792 1625 3878 proprium
1658 3792 2087 3870 Athenarum3
2127 3791 2267 3876 quis
2306 3790 2473 3855 enim

421 3888 530 3943 aut
579 3881 899 3968 Argivum
951 3892 1262 3949 oratorem
1317 3896 1426 3949 aut
1480 3882 1881 3951 Corinthium
1932 3896 2042 3950 aut
2093 3883 2475 3949 Thebanum

421 3969 539 4033 scit
589 3971 790 4037 fuisse
852 3977 1239 4061 temporibus
1291 3977 1457 4042 illis?
1516 3978 1639 4043 nisi
1692 3978 1842 4063 quid
1895 3979 1975 4044 de
2026 3974 2475 4064 Epaminonda

422 4058 606 4126 docto
658 4063 910 4130 homine
958 4069 1264 4153 suspicari
1307 4070 1490 4137 libet.
1543 4072 2125 4137 Lacedaemonium
2168 4092 2317 4137 vero
2362 4091 2474 4131 us-
