2784 4575
679 269 787 327 An
824 253 892 327 css
927 268 1391 327 HERENMUM
1428 270 1503 324 11.
1538 270 1779 327 36-39.
1841 299 1855 317 ·
2169 256 2251 323 31

201 398 370 465 tione
407 395 644 461 dictum
679 404 806 473 est,
843 394 965 460 hoc
999 392 1220 460 modo:
1259 398 1521 479 ‘magno
1556 393 1723 459 malo
1762 403 1861 459 est
1893 392 2253 459 hominibus

203 490 486 567 avaritia,
520 488 754 554 idcirco
783 488 955 572 quod
981 487 1272 553 homines
1297 488 1549 574 magnis
1578 499 1643 553 et
1666 487 1881 553 multis
1909 487 2255 553 incommo-

200 584 300 650 dis
354 583 788 651 conflictantur
840 593 1096 669 propter
1147 582 1523 647 immensam
1582 583 1887 669 pecuniae
1950 581 2257 671 cupidita?

200 678 387 757 tem3'
441 700 592 743 nam
642 675 746 741 hic
801 676 940 741 aliis
993 675 1204 740 verbis
1257 674 1429 741 idem
1481 698 1596 763 per
1645 676 1955 741 rationem
2008 673 2253 753 dicitur,

197 772 370 857 quod
413 771 653 837 dictum
707 780 807 835 est
856 793 972 857 per
1024 768 1504 857 expositionem.
1591 770 1746 835 item
1794 769 2045 835 infirma
2092 770 2253 834 ratio

198 878 317 946 est,
357 888 518 952 quae
544 866 754 931 minus
789 865 1104 941 idoneam,
1142 885 1332 949 quam
1350 887 1453 930 res
1480 865 1779 951 postulat,
1816 884 2075 929 causam
2104 864 2253 929 sub-

195 960 307 1026 icit
339 959 777 1048 expositionis,
812 959 935 1025 hoc
971 958 1190 1025 modo:
1229 957 1429 1023 ‘utilis
1470 968 1570 1025 est
1604 958 1931 1046 sapientia,
1966 968 2253 1045 propter·

195 1077 274 1119 ea
334 1056 507 1138 quod
566 1055 674 1139 qui
737 1053 1054 1140 sapientes
1117 1062 1293 1130 sunt,
1355 1053 1670 1139 pietatem.
1720 1053 1925 1118 colere
1986 1072 2257 1117 consue-

195 1148 382 1213 runt.’
453 1149 634 1213 item:
673 1148 852 1213 ‘utile
889 1158 988 1213 est
1023 1147 1258 1213 amicos
1295 1170 1482 1212 veros
1519 1146 1782 1225 habere,
1810 1147 2049 1212 habeas
2085 1143 2254 1212 enim

194 1242 574 1327 quibuscum
607 1242 802 1309 iocari
835 1242 1087 1329 possis.’
1177 1264 1326 1306 nam
1360 1242 1428 1308 in
1462 1240 1653 1307 huius
1686 1240 1860 1307 modi
1901 1240 2250 1305 rationibus

194 1359 324 1401 non
366 1338 666 1402 universa
705 1357 913 1420 neque
958 1334 1277 1412 absoluta,
1333 1335 1451 1399 sed
1484 1347 1825 1401 extenuata
1864 1336 2105 1401 ratione
2142 1357 2253 1401 ex-

193 1429 426 1515 positio
461 1430 886 1494 confirmatur.
973 1428 1130 1493 item
1159 1427 1409 1493 infirma
1441 1427 1601 1494 ratio
1638 1438 1763 1505 est,
1812 1450 1973 1511 quae
2007 1428 2112 1494 vel
2146 1428 2254 1493 alii

195 1521 578 1607 expositioni
618 1531 834 1608 potest
877 1521 1375 1597 adcommodari‚
1430 1531 1502 1583 ut
1552 1521 1707 1585 facit
1737 1521 2091 1600 Pacuvius,
2143 1522 2253 1605 qui

196 1615 466 1680 eandem
485 1613 709 1685 ,adfert
740 1614 1079 1692 rationem,
1125 1636 1252 1697 qua
1283 1636 1354 1678 re
1399 1634 1614 1691 caeca,
1672 1614 1966 1692 eandem,
2014 1636 2141 1699 qua
2181 1636 2250 1681 re

194 1710 384 1775 bruta
416 1708 673 1775 fortuna
708 1708 972 1773 dicatur.

322 1804 404 1869 In
446 1802 918 1869 confirmatione
962 1801 1224 1867 rationis
1268 1802 1470 1867 multa
1514 1812 1579 1866 et
1620 1799 1880 1866 vitanda
1920 1800 1988 1866 in
2032 1812 2249 1867 nostra
2293 1822 2345 1863 38

167 1892 260 1964 'et
293 1896 693 1964 observanda
716 1896 784 1961 in
813 1897 1316 1963 adversariorum
1341 1897 1583 1963 ratione
1612 1907 1761 1962 sunt
1786 1896 1941 1963 vitia
1962 1907 2251 1985 propter-

193 2013 394 2078 eaque
458 1991 822 2079 diligentius
887 1990 1375 2069 consideranda,
1437 1992 1612 2076 quod
1664 1992 1965 2057 adcurata
2024 1992 2251 2059 confir-

192 2087 386 2153 matio
438 2086 700 2152 rationis
767 2096 964 2152 totam
1024 2086 1579 2152 vehementissime
1642 2086 2011 2174 comprobat
2063 2108 2250 2174 argu-

191 2182 664 2248 mentationem.
737 2192 999 2246 utuntur
1050 2180 1242 2269 igitur
1307 2178 1633 2269 [studiosi]
1689 2182 1757 2246 in
1818 2181 2249 2269 confirmanda

191 2276 437 2342 ratione
473 2273 708 2362 duplici
743 2274 1148 2343 conclusione
1183 2275 1304 2342 hoc
1337 2277 1567 2343 modo:

321 2387 550 2454 iniuria
583 2390 697 2453 abs
735 2397 798 2453 te
836 2387 1096 2454 adficior
1127 2387 1419 2475 indigna,
1454 2376 1663 2475 pater:

321 2505 498 2559 nam,
538 2482 593 2546 si
625 2481 964 2569 inprobum
999 2503 1143 2547 esse
1181 2480 1651 2568 Cresphontem
1684 2480 1721 2516 ⁴⁸*
1756 2481 2100 2558 existimas,

325 2596 436 2639 cur
469 2598 573 2639 me
609 2575 757 2638 huic
791 2573 1047 2640 locabas
1084 2573 1360 2659 nuptiis?
1408 2575 1506 2639 sin
1540 2584 1639 2639 est
1673 2575 1932 2661 probus,

328 2688 438 2730 cur
473 2667 667 2731 talem
699 2665 965 2732 invitam
998 2666 1270 2731 invitum
1304 2666 1481 2752 cogis
1517 2667 1841 2751 linquere?

193 2799 358 2863 quae
403 2777 526 2841 hoc
567 2775 756 2841 modo
803 2775 1288 2854 concludentur,
1344 2786 1455 2841 aut
1498 2798 1580 2840 ex
1631 2775 1944 2842 contrario
1988 2780 2251 2842 ‘conver-

193 2882 404 2939 tentur
440 2881 551 2936 aut
583 2892 666 2936 ex
703 2869 972 2956 simplici
1004 2880 1184 2956 parte
1218 2869 1786 2956 reprehendentur:
1824 2892 1906 2935 ex
1940 2868 2251 2937 contrario
2336 2901 2341 2906 ·

193 2966 318 3033 hoc
349 2965 570 3030 modo:

323 3076 500 3140 nulla
533 3086 596 3140 te
630 3073 920 3160 indigna,
958 3083 1138 3152 nata,
1177 3073 1403 3139 adficio
1438 3072 1693 3138 iniuria:

327 3170 384 3235 si
415 3171 654 3256 probus
693 3178 819 3246 est,
858 3167 1212 3247 conlocavi3
1251 3168 1352 3233 sin
1387 3179 1487 3233 est
1520 3166 1845 3256 inprobus,

325 3263 592 3330 divortio
627 3273 690 3327 te
726 3262 1008 3328 liberabo
1041 3261 1483 3329 incommodis.

193 3399 279 3440 ex
327 3373 596 3459 simplici
635 3384 816 3459 parte
866 3374 1435 3461 reprehendentur,
1488 3370 1546 3438 si
1588 3395 1671 3438 ex
1714 3372 1950 3460 duplici
2001 3374 2255 3439 conclu-

197 3468 378 3534 sione
414 3467 714 3530 alterutra
745 3490 895 3554 pars
932 3467 1232 3547 diluetur,
1271 3468 1394 3533 hoc
1426 3466 1647 3533 modo:

325 3599 474 3642 nam
524 3575 579 3640 si
622 3575 957 3662 inprobum
1003 3601 1146 3644 esse
1194 3576 1664 3665 Cresphontem
1696 3577 1731 3611 ⁴⁸*
1768 3577 2113 3654 existimas,

328 3693 440 3738 cur
473 3691 578 3735 me
613 3668 760 3733 huic
793 3667 1051 3736 locabas
1086 3671 1364 3758 nuptiis?
1409 3671 1561 3736 duxi
1592 3669 1893 3757 probum:

327 3763 564 3830 erravi:
597 3773 748 3849 post
781 3763 1052 3849 cognovi
1088 3775 1154 3829 et
1185 3764 1364 3852 fugio
1402 3763 1744 3851 cognitum.

201 3872 388 3962 [ergo
439 3873 848 3962 reprehensio
901 3873 1089 3954 huius
1141 3875 1316 3940 modi
1367 3875 1789 3941 conclusionis
1837 3873 2073 3958 duplex
2125 3884 2250 3952 est3
2293 3899 2343 3940 aa

201 3968 444 4032 acutior
475 3968 587 4033 illa
623 3967 926 4054 superior,
964 3965 1207 4033 facilior
1240 3968 1400 4033 haec
1425 3966 1735 4054 posterior
1772 3966 1855 4031 ad
1888 3967 2251 4054 excogitan-

203 4059 407 4146 dum.]
495 4061 649 4128 item
683 4061 914 4128 vitiosa
959 4061 1346 4127 confirmatio
1383 4072 1485 4128 est
1514 4059 1807 4140 rationis,
1853 4081 1999 4125 cum
2043 4084 2119 4128 ea
2159 4084 2249 4140 re,
2286 4076 2354 4130 25
