2784 4575
755 289 876 375 <DE
913 285 1280 346 ORATORE
1316 289 1362 343 1.
1398 287 1713 343 208—215.
2212 273 2301 342 45

231 416 498 483 civitate
541 423 676 480 tum
721 434 821 496 ex⁴
849 411 1074 478 ceteris
1083 437 1104 492 3
1157 411 1260 477 sin
1303 422 1515 477 autem
1560 421 1967 496 quaereretur
2004 411 2297 496 quisnam
2332 441 2414 483 m

227 510 394 576 iuris
439 509 771 575 consultus
817 529 968 572 vere
1009 505 1467 585 nominaretur,
1522 528 1668 570 eum
1712 504 2015 584 dicerem,
2069 507 2179 590 qui
2210 505 2305 572 le-

229 629 412 692 gum⁴
431 615 498 669 et
532 599 1010 669 consuetudinis
1049 600 1204 678 eius,
1243 621 1369 684 qua
1402 599 1633 686 privati
1666 599 1733 664 in
1768 599 2020 665 civitate
2053 612 2307 666 uteren-

233 713 376 778 tur,
428 709 493 764 et
535 697 620 762 ad
667 694 1184 783 respondendum
1228 705 1293 760 et
1337 694 1422 759 ad
1472 694 1790 780 agendum
1832 704 1899 761 et
1942 695 2025 760 ad
2078 717 2307 760 caven·
2409 753 2413 761 ,

236 797 400 860 dum
449 793 691 881 peritus
745 801 946 868 esset,
1000 801 1067 855 et
1116 811 1198 855 ex
1248 811 1326 856 eo
1377 812 1612 876 genere
1668 783 1819 856 Sex}
1866 790 2155 869 Aelium,
2206 790 2303 861 Μ’

235 888 614 965 Manilium,
656 887 737 952 P.
772 885 1066 950 Mucium
1098 883 1521 962 nominarem3
1559 893 1777 968 atque,
1830 895 1902 948 ut
1933 884 2063 949 iam
2098 884 2181 952 ad
2214 884 2307 950 le-
2339 899 2407 955 49

243 983 428 1049 viora
461 981 692 1046 artium
727 979 940 1046 studia
973 977 1253 1057 veniam,
1293 978 1350 1042 si
1390 978 1703 1057 musicus,
1742 979 1798 1043 si
1833 979 2306 1066 grammaticus,

241 1077 310 1142 si
351 1081 545 1162 poeta
576 1085 937 1160 quaeratur,
995 1073 1241 1160 possim
1277 1072 1565 1138 similiter
1608 1073 1951 1160 explicare,
2005 1073 2160 1158 quid
2202 1096 2309 1142 eo-

243 1193 398 1236 rum
441 1168 704 1254 quisque
743 1168 1114 1254 profiteatur
1159 1177 1224 1232 et
1269 1189 1396 1252 quo
1446 1189 1578 1233 non
1628 1167 1896 1254 amplius
1941 1169 2022 1234 ab
2060 1191 2308 1254 quoque

245 1264 339 1331 sit
368 1263 818 1352 postulandum
826 1287 846 1342 3
897 1261 1286 1350 philosophi·
1308 1261 1581 1347 denique
1622 1261 1856 1348 ipsius,
1910 1262 2023 1348 qui
2065 1264 2145 1329 de
2190 1286 2311 1330 sua

245 1359 320 1426 vi
351 1380 427 1424 ac
461 1357 774 1445 sapientia
813 1379 978 1422 unus
1027 1355 1242 1422 omnia
1281 1379 1488 1442 paene
1532 1357 1889 1443 profitetur,
1946 1367 2046 1422 cst
2096 1368 2310 1422 tamen

243 1453 563 1538 quaedam
613 1451 982 1538 descriptiO,
1037 1462 1110 1516 ut
1149 1449 1206 1517 is
1219 1499 1238 1528 ,
1295 1451 1407 1535 qui
1460 1450 1715 1517 studeat
1768 1451 2049 1518 omnium
2096 1473 2311 1517 rerum

245 1546 607 1612 divinarum
660 1555 852 1628 atque
912 1544 1331 1610 humanarum
1383 1544 1543 1622 vim,
1609 1555 1901 1610 naturam
1953 1567 2308 1628 causasque

243 1663 441 1708 nosse
477 1652 543 1706 et
577 1661 832 1706 omnem
875 1639 1040 1705 bene
1083 1638 1340 1704 vivendi
1391 1639 1703 1705 rationem
1745 1649 1961 1704 tenere
1996 1650 2062 1704 et
2092 1660 2312 1724 perse-

247 1737 386 1821 qui,
439 1733 694 1810 nomine
745 1733 870 1799 hoc
922 1733 1303 1822 appelletur:
1358 1743 1675 1800 oratorem
1717 1744 1956 1812 autem,
2012 1733 2310 1818 quoniam
2344 1758 2423 1798 213

249 1831 336 1894 de
389 1851 464 1894 eo
527 1827 920 1918 quaerimus,
984 1827 1282 1910 equidem
1327 1849 1473 1894 non
1531 1827 1697 1894 facio
1761 1827 2061 1905 eundem,
2124 1848 2315 1912 quem

255 1921 563 2001 Crassus,
601 1922 728 2008 qui
761 1921 920 1986 mihi
952 1920 1130 1986 visus
1183 1930 1285 1987 est
1333 1943 1590 1986 omnem
1642 1922 1923 1987 omnium
1970 1943 2185 1987 rerum
2220 1931 2315 1985 at-

251 2040 379 2102 que
414 2017 642 2082 artium
679 2015 1010 2082 scientiam
1045 2015 1581 2102 comprehendere
1624 2039 1753 2082 uno
1792 2016 2057 2083 oratoris
2102 2015 2313 2082 officio

251 2133 330 2177 ac
361 2111 615 2177 nomine
625 2135 644 2190 3
701 2121 890 2194 atque
925 2131 1072 2175 eum
1115 2121 1271 2195 puto
1323 2132 1514 2188 esse,
1553 2110 1663 2195 qui
1706 2121 1772 2176 et
1812 2109 2024 2177 verbis
2070 2110 2153 2174 ad
2204 2131 2315 2174 au-

255 2205 557 2271 diendum
587 2205 880 2270 iucundis
917 2214 983 2270 et
1017 2202 1346 2269 sententiis
1382 2205 1467 2270 ad
1497 2205 1901 2292 probandum
1954 2206 2316 2271 adcommo—

253 2298 424 2365 datis
457 2299 551 2364 uti
582 2299 788 2386 possit
818 2298 886 2364 in
920 2298 1130 2364 causis
1184 2298 1547 2365 forensibus
1600 2310 1791 2385 atque
1844 2299 2313 2365 communibusz

257 2394 432 2459 hunc
473 2414 595 2480 ego
649 2392 896 2479 appello
949 2404 1264 2467 oratorem
1317 2415 1589 2476 eumque
1642 2414 1788 2459 esse
1840 2404 2169 2479 praeterea
2218 2393 2317 2455 in-

257 2498 570 2554 structum
603 2503 760 2553 voce
794 2499 859 2553 et
893 2488 1140 2553 actione
1193 2499 1259 2553 et
1299 2485 1517 2574 lepore
1562 2488 1839 2572 quodam
1890 2487 2065 2564 vo103
2122 2483 2317 2551 Cras—
2350 2510 2428 2551 214

256 2607 367 2649 sus
413 2606 565 2650 vero
611 2582 769 2647 mihi
817 2594 1035 2650 noster
1077 2582 1254 2649 visus
1309 2593 1410 2647 est
1461 2582 1725 2648 oratoris
1780 2580 2147 2645 facultatem
2188 2602 2318 2645 non

255 2677 426 2743 illius
481 2677 633 2745 artis
689 2676 1004 2755 terminis,
1067 2677 1185 2742 sed
1233 2675 1477 2763 ingenii
1539 2675 1639 2740 sui
1696 2674 1928 2739 finibus
1990 2672 2315 2737 immensis

255 2794 462 2859 paene
515 2772 870 2839 describere
880 2797 900 2851 3
954 2795 1106 2837 nam
1149 2780 1215 2836 et
1258 2770 1587 2835 civitatum
1627 2768 2051 2857 regendarum
2083 2766 2317 2831 oratori

257 2864 690 2953 gubernacula
743 2866 1058 2933 sententia
1091 2888 1210 2931 sua
1252 2863 1539 2941 tradidit,
1591 2862 1659 2927 in
1695 2884 1819 2946 quo
1854 2884 1970 2949 per
2002 2858 2159 2925 mihi
2200 2858 2319 2923 mi-

257 2982 406 3025 rum
439 2959 648 3027 visum
683 2972 802 3039 est,
841 2959 1176 3037 Scaevola,
1213 2970 1276 3025 te
1311 2958 1435 3025 hoc
1468 2956 1559 3021 illi
1595 2952 1961 3033 concedere,
1998 2976 2144 3033 cum
2178 2976 2321 3019 sae-

256 3052 523 3140 pissime
560 3054 673 3119 tibi
709 3065 967 3121 senatus
1004 3054 1280 3120 breviter
1313 3052 1723 3139 impoliteque
1758 3049 1992 3115 dicenti
2023 3048 2317 3113 maximis

259 3152 346 3216 sit
379 3152 460 3219 de
493 3153 688 3218 rebus
725 3152 1037 3218 adsensus
1048 3177 1068 3230 ;
1101 3152 1202 3219 M.
1238 3172 1390 3217 vero
1421 3146 1723 3225 Scaurus,
1760 3168 1949 3231 quem
1973 3168 2105 3211 non
2128 3144 2319 3230 longe

255 3244 391 3309 ruri
425 3246 600 3332 apud
633 3268 705 3311 se
739 3267 883 3314 esse
919 3245 1138 3324 audio,
1175 3244 1272 3311 vir
1303 3243 1625 3331 regendae
1659 3240 1753 3307 rei
1786 3240 2079 3329 publicae
2115 3238 2320 3305 scien-

260 3338 578 3418 tissimus,
631 3339 688 3404 si
723 3339 993 3405 audierit
1025 3338 1190 3405 hanc
1227 3338 1665 3423 auctoritatem
1706 3335 2037 3423 gravitatis
2072 3345 2138 3400 et
2170 3354 2320 3399 con-

257 3431 388 3498 silii
457 3432 558 3499 sui
628 3432 936 3499 vindicari
997 3457 1038 3499 a
1095 3444 1188 3510 te,
1261 3430 1530 3510 Crasse,
1601 3430 1774 3515 quod
1842 3452 1984 3495 eam
2051 3424 2317 3492 oratoris

256 3526 583 3613 propriam
633 3548 778 3597 esse
831 3526 1036 3605 dicas,
1096 3526 1254 3604 iam,
1318 3525 1537 3603 crede,
1598 3524 1725 3589 huc
1776 3522 1991 3589 veniat
2040 3530 2105 3585 et
2153 3517 2319 3583 hanc

255 3619 708 3704 loquacitatem
758 3632 1042 3688 nostram
1093 3619 1273 3685 voltu
1311 3618 1457 3705 ipso
1508 3627 1895 3703 aspectuque
1938 3620 2316 3687 conterreat3

259 3714 372 3800 qui
425 3736 812 3799 quamquam
871 3724 972 3781 est
1021 3714 1090 3779 in
1149 3712 1418 3779 dicendo
1480 3711 1738 3777 minime
1798 3704 2316 3782 contemnendus,

254 3808 600 3893 prudentia
633 3820 848 3883 tamen
897 3832 1113 3875 rerum
1151 3828 1529 3895 magnarum
1572 3803 1780 3891 magis
1834 3823 2026 3887 quam
2068 3798 2321 3864 dicendi

257 3910 399 3965 arte
431 3902 671 3969 nititur.
759 3925 966 3987 neque
1001 3924 1180 3981 vero,
1237 3901 1293 3967 si
1336 3900 1479 3985 quis
1530 3909 1866 3983 utrumque
1914 3904 2155 3981 potest,
2211 3911 2320 3957 aut
2351 3916 2431 3961 21⁵

255 3992 370 4059 ille
407 3996 654 4063 consilii
677 3996 916 4084 publici
943 4007 1162 4063 auctor
1189 4014 1264 4063 ac
1299 4005 1553 4061 senator
1578 3994 1783 4060 bonus
1819 3990 1902 4057 ob
1937 4010 2079 4057 eam
2110 3987 2319 4075 ipsam
2378 4000 2395 4011 ‘

257 4102 526 4155 causam
559 4103 771 4159 orator
807 4102 908 4159 est
941 4100 1053 4157 aut
1072 4089 1189 4179 ‘hic
1223 4090 1498 4157 disertus
1536 4096 1723 4171 atque
1758 4085 2093 4171 eloquens,
2131 4084 2187 4149 si
2220 4092 2324 4151 est
