2784 4575
31 1329 34 1392 ἑ
127 1388 144 1401 .
183 1336 398 1401 cilium
458 1336 813 1403 voluntaria
873 1358 950 1402 ac
1003 1337 1298 1401 diuturna
1355 1336 1713 1423 perpessi03
1775 1336 2247 1423 perseverantia
2274 1360 2350 1403 ιω

665 289 772 345 DE
807 288 1294 347 INVENTIONE
1329 290 1407 345 11.
1444 289 1756 345 161-166.
2112 277 2241 345 203

177 416 419 505 populo
455 412 814 500 expositum
847 424 973 491 est,
1011 421 1082 479 ut
1115 414 1439 491 observet,
1478 412 1851 478 continetur.
1939 413 2243 481 fortitudo
2268 441 2345 482 ιω

182 532 286 587 est
337 517 736 585 considerata
784 514 1208 602 periculorum
1272 516 1593 601 susceptio
1646 526 1712 581 et
1759 515 2050 581 laborum
2100 538 2245 602 per-

178 620 427 709 pessi03
464 620 600 685 eius
635 624 848 707 partes
881 618 1382 705 magnificentia,
1418 618 1707 696 fidentia,
1743 617 2066 705 patientia,
2100 639 2245 704 per·

181 723 558 793 severantia.
646 720 1118 809 magnificentia
1168 732 1270 787 est
1321 742 1535 785 rerum
1586 742 1965 807 magnarum
2014 730 2082 785 et
2134 740 2245 785 ex-

181 827 497 893 celsamm
529 846 675 891 cum
722 824 918 889 animi
963 824 1176 909 ampla
1219 824 1495 907 quadam
1538 834 1605 890 et
1640 822 1973 910 splendida
2010 845 2245 909 propo-

181 930 410 997 sitione
463 927 764 1014 cogitatio
816 937 1006 1010 atque
1069 926 1557 1004 administrati03
1617 924 1880 993 fidentia
1942 935 2067 1003 est,
2130 948 2245 1011 per

181 1054 376 1115 quam
417 1030 670 1116 magnis
715 1040 782 1095 et
823 1028 1107 1097 honestis
1149 1029 1220 1094 in
1261 1031 1455 1096 rebus
1498 1028 1769 1095 multum
1811 1028 1951 1115 ipse
1998 1026 2244 1093 animus

182 1134 254 1199 in
307 1155 378 1198 se
429 1131 698 1198 fiduciae
753 1142 925 1197 certa
981 1153 1128 1197 cum
1179 1154 1296 1218 spe
1347 1131 1705 1198 conlocavit
1712 1157 1731 1209 3
1792 1130 2098 1219 patientia
2148 1141 2249 1205 est

183 1234 539 1302 honestatis
583 1244 694 1301 aut
743 1234 1030 1301 utilitatis
1082 1255 1279 1299 causa
1319 1257 1534 1299 rerum
1577 1234 1919 1299 arduarum
1961 1254 2035 1299 ac
2078 1232 2245 1299 diffi-

183 1447 286 1503 est
317 1438 388 1501 in
425 1438 670 1505 ratione
711 1440 877 1505 bene
929 1438 1326 1504 considerata
1375 1438 1623 1505 stabilis
1658 1450 1725 1503 et
1764 1450 2071 1527 perpetua
2102 1462 2249 1526 per-

181 1538 452 1605 mansio.
541 1539 958 1625 temperantia
1009 1550 1110 1605 est
1156 1540 1420 1605 rationis
1455 1540 1523 1604 in
1574 1540 1901 1609 libidinem
1956 1552 2145 1627 atque
2180 1542 2249 1607 in

183 1642 342 1709 alios
377 1662 509 1707 non
540 1651 749 1707 rectos
784 1642 1059 1727 impetus
1105 1640 1299 1705 animi
1340 1643 1525 1717 firma
1567 1654 1634 1711 et
1674 1644 2006 1710 moderata
2046 1644 2249 1711 domi-

181 1744 384 1823 natio;
423 1744 558 1811 eius
594 1754 808 1831 partes
845 1742 1252 1821 continentia,
1287 1744 1641 1823 clementia,
1676 1746 2010 1813 modestia.
2098 1767 2249 1811 con-

183 1847 449 1913 tinentia
473 1858 591 1926 est,
627 1870 743 1933 per
768 1868 962 1932 quam
987 1846 1298 1933 cupiditas
1325 1847 1575 1913 consilii
1598 1848 2057 1935 gubernatione
2082 1848 2250 1934 regi-

183 1963 286 2015 tur
293 1974 312 2027 3
349 1949 712 2029 clementia,
747 1972 863 2036 per
897 1972 1090 2035 quam
1125 1950 1320 2015 animi
1356 1961 1593 2017 temere
1628 1952 1697 2017 in
1730 1952 1949 2017 odium
1982 1950 2247 2017 alicuius

181 2052 535 2119 innocentis
590 2052 886 2118 concitati
941 2052 1236 2119 comitate
1291 2054 1670 2132 retinentum
1731 2054 2070 2131 modestia,
2133 2076 2251 2140 per

183 2175 374 2237 quam
405 2155 612 2241 pudor
649 2155 900 2223 honesti
935 2176 1154 2221 curam
1187 2166 1252 2221 et
1287 2157 1583 2223 stabilem
1616 2169 1945 2245 comparat
1978 2156 2250 2223 auctori-

184 2267 408 2334 tatem3
463 2268 654 2342 etque
687 2257 848 2324 haec
882 2258 1098 2325 omnia
1127 2270 1403 2346 propter
1438 2282 1509 2326 se
1546 2261 1785 2340 solum,
1838 2271 1911 2327 ut
1944 2259 2101 2328 nihil
2138 2259 2251 2328 ad·-

183 2360 482 2444 iungatur
510 2360 936 2438 emolumenti,
962 2363 1240 2447 petenda
1261 2373 1442 2441 sunt;
1470 2364 1643 2448 quod
1666 2376 1738 2428 ut
1764 2363 2247 2441 demonstretur,

183 2482 392 2544 neque
428 2460 512 2526 ad
553 2461 678 2526 hoc
719 2473 1006 2528 nostrum
1047 2463 1409 2530 institutum
1451 2467 1727 2552 pertinet
1766 2477 1834 2531 et
1866 2491 1907 2532 a
1938 2464 2248 2532 brevitate

183 2563 614 2651 praecipiendi
670 2575 984 2630 remotum
1044 2576 1165 2632 est.
1268 2577 1528 2652 propter
1580 2589 1653 2632 se
1714 2579 1928 2633 autem
1988 2567 2247 2631 vitanda
2272 2589 2349 2629 165

192 2675 341 2730 sunt
373 2687 504 2730 non
538 2687 617 2729 en.
649 2665 861 2743 mod0,
897 2685 1064 2749 quae
1098 2667 1198 2732 his
1237 2669 1553 2732 contraria
1586 2679 1755 2744 sunt,
1790 2679 1862 2732 ut
1896 2668 2248 2734 fortitudini

184 2765 443 2854 ignavia
475 2777 541 2832 et
573 2765 850 2832 iustitiae
884 2767 1218 2847 iniustitia,
1256 2789 1480 2834 verum
1514 2769 1707 2834 etiam
1740 2769 1869 2848 illa,
1906 2791 2067 2855 quae
2102 2792 2249 2856 pro-

183 2870 425 2957 pinque
475 2868 768 2934 videntur
821 2881 886 2935 et
934 2869 1202 2936 finitima
1237 2893 1413 2948 esse,
1468 2871 1703 2936 absunt
1754 2883 1966 2938 autem
2008 2873 2251 2958 longis-

183 2972 373 3050 sime3
415 2973 590 3058 quod
633 2995 838 3060 genus
880 2972 1180 3040 fidentiae
1224 2974 1611 3040 contrarium
1654 2985 1755 3040 est
1800 2975 2153 3044 diffidentia
2186 2986 2252 3041 et

183 3097 264 3140 ea
301 3097 374 3142 re
415 3075 641 3142 vitium
684 3086 811 3156 est3
865 3076 1135 3142 audacia
1183 3100 1316 3144 non
1359 3077 1771 3157 contrarium,
1826 3080 1945 3146 sed
1996 3079 2251 3166 apposi-

183 3189 320 3244 tum
370 3191 472 3244 est
522 3200 598 3246 ac
645 3179 1074 3266 propinquum
1125 3191 1192 3246 et
1242 3192 1457 3246 tamen
1508 3181 1735 3248 vitium
1786 3193 1903 3248 est.
1994 3183 2088 3248 sic
2138 3182 2251 3246 uni

187 3280 412 3364 cuique
447 3281 665 3346 virtuti
696 3282 1034 3350 finitimum
1071 3283 1295 3350 vitium
1336 3284 1712 3370 reperietur,
1768 3297 1879 3352 eut
1915 3296 2085 3352 certo
2118 3285 2250 3352 iam

185 3382 441 3448 nomine
471 3384 876 3469 appellatum,
912 3397 985 3451 ut
1011 3387 1296 3465 audacia,
1333 3404 1497 3471 quae
1526 3388 1843 3467 fidentiae,
1878 3388 2246 3476 pertinacia,

190 3506 352 3569 quae
393 3488 902 3571 perseverantiae
942 3489 1210 3554 finitima
1253 3500 1380 3568 est,
1437 3491 1831 3577 superstitio,
1886 3511 2051 3576 quae
2104 3488 2253 3554 reli-

187 3587 364 3676 gioni
414 3587 772 3674 propinqua
818 3600 949 3669 est,
1006 3601 1116 3656 aut
1158 3590 1296 3656 sine
1347 3591 1479 3658 ullo
1532 3605 1705 3660 certo
1747 3591 2031 3659 nomine:
2088 3613 2251 3675 quae

189 3691 402 3758 omnia
433 3690 590 3756 item
622 3691 715 3756 uti
750 3692 1064 3759 contraria
1105 3715 1316 3759 rerum
1358 3695 1669 3762 bonarum
1708 3696 1779 3763 in
1808 3695 2001 3762 rebus
2045 3694 2251 3760 vitan-

191 3794 288 3860 dis
323 3805 728 3881 reponentur·

309 3898 414 3961 Ac
457 3898 537 3964 de
583 3921 662 3966 eo
706 3899 964 3983 quidem
1015 3922 1248 3987 genere
1300 3901 1651 3966 honestatis
1664 3949 1683 3978 ,
1736 3900 1911 3984 quod
1952 3923 2035 3966 ex
2080 3899 2253 3967 omni

191 4009 372 4088 parte
411 4013 670 4089 propter
715 4025 785 4070 se
827 4002 1090 4090 petitur,
1145 4003 1301 4070 satis
1348 4003 1585 4070 dictum
1638 4014 1765 4081 est3
1816 4024 1986 4070 nunc
2029 4004 2109 4070 de
2154 4026 2251 4082 eo,
2288 4038 2365 4080 ιω

2286 3964 2355 4020 55

2732 4024 2742 4049 ““
2734 3974 2744 4003 ““
2734 3928 2746 3953 ““’
2733 3473 2759 3913 “·““”““““..“““-.ΓΕΨ““·“
