2784 4575
769 271 874 326 DE
911 269 1275 326 ORATORE
1309 271 1386 325 ΙΙ.
1421 267 1730 324 207-215.
2160 259 2282 325 107

207 403 538 472 invidetur
574 409 790 466 autem
831 399 1181 485 praestanti
1231 399 1605 484 florentique
1648 398 1970 477 fortunae,
2022 408 2094 464 ut
2126 398 2286 466 haec

209 497 437 585 opinio
478 494 801 560 minuatur
845 503 912 558 et
952 493 1062 557 illa
1113 493 1432 558 excellens
1486 492 1783 578 opinione
1834 492 2091 558 fortuna
2140 515 2287 558 cum

213 589 546 658 laboribus
584 598 650 654 et
681 586 954 652 miseriis
997 587 1312 674 permixta
1362 586 1672 652 videatur.
1759 586 1889 651 iam
1930 586 2288 653 misericor-
2319 613 2399 654 211

219 686 335 750 dia
385 691 704 760 movetur,
770 681 826 746 si
876 681 962 760 is,
1027 681 1136 764 qui
1188 680 1392 759 audit,
1456 679 1687 746 adduci
1735 691 1975 766 potest,
2037 691 2111 746 ut
2157 681 2286 760 illa,

216 799 394 864 quae
447 777 526 843 de
580 777 779 842 altero
827 774 1264 860 deplorentur,
1317 774 1403 839 ad
1446 795 1595 840 suas
1638 795 1745 838 res
1787 783 2073 852 revocet,
2129 795 2287 858 quas

217 881 339 939 aut
396 869 610 936 tulerit
661 868 926 934 acerbas
989 878 1100 932 aut
1150 867 1394 944 timeat,
1422 903 1431 910 ·
1458 877 1532 932 ut
1586 867 1841 932 intuens
1902 867 2096 932 alium
2154 889 2291 934 cre-

220 965 342 1030 bro
388 963 474 1030 ad
523 985 596 1028 se
637 961 854 1048 ipsum
893 970 1271 1038 revertatur3
1325 971 1392 1026 et
1442 982 1590 1024 cum
1644 961 1880 1047 singuli
1931 983 2119 1026 casus
2170 961 2292 1026 hu-

225 1079 566 1123 manarum
615 1055 1016 1120 miseriarum
1067 1053 1346 1141 graviter
1408 1054 1825 1141 accipiuntur,
1890 1054 1948 1120 si
1998 1055 2291 1122 dicuntur

223 1151 545 1228 dolenter,
607 1159 744 1214 tum
806 1147 1060 1214 adflicta
1112 1158 1176 1213 et
1224 1158 1544 1234 prostrata
1605 1149 1801 1214 virtus
1866 1149 2141 1215 maxime
2192 1150 2291 1214 lu-

224 1255 454 1310 ctuosa
487 1253 604 1308 est.

347 1339 446 1406 Ut
488 1349 688 1402 autem
738 1336 850 1402 illa
901 1336 1101 1402 altera
1151 1359 1300 1422 pars
1354 1335 1688 1415 orationis,
1743 1358 1906 1420 quae
1956 1337 2291 1423 probitatis

229 1431 780 1499 commendatione
821 1430 976 1496 boni
1018 1430 1137 1496 viri
1181 1430 1371 1496 debet
1416 1431 1694 1517 speciem
1729 1430 1920 1510 tueri,
1974 1432 2167 1510 lenis,
2219 1441 2293 1496 ut

228 1548 428 1612 saepe
460 1524 588 1590 iam
623 1523 782 1602 dixi,
828 1534 1017 1608 atque
1055 1523 1427 1602 summissa,
1474 1525 1569 1590 sic
1602 1525 1789 1604 haec,
1826 1546 1989 1609 quae
2026 1525 2293 1613 suscipi·-

228 1633 334 1688 tur
369 1619 450 1684 ab
485 1630 735 1686 oratore
781 1618 865 1683 ad
915 1619 1397 1685 commutandos
1452 1617 1696 1686 animos
1752 1630 1940 1704 atque
1984 1619 2159 1685 omni
2188 1643 2293 1684 ra-

228 1715 405 1780 tione
437 1713 808 1790 flectendos,
843 1711 1088 1777 intenta
1121 1734 1198 1777 ac
1231 1712 1577 1778 vehemens
1606 1735 1751 1780 esse
1785 1713 2004 1792 debet3
2042 1713 2161 1778 sed
2194 1725 2293 1779 est

228 1807 547 1893 quaedam
579 1806 648 1870 in
681 1804 783 1870 his
821 1805 1070 1872 duobus
1107 1806 1477 1892 generibus,
1524 1829 1791 1890 quorum
1826 1807 2095 1872 alterum
2126 1807 2289 1884 lene,

229 1903 502 1966 alterum
536 1900 881 1966 vehemens
918 1922 1062 1966 esse
1097 1898 1423 1979 volumuS,
1460 1899 1736 1966 difficilis
1782 1901 1867 1966 ad
1900 1900 2295 1987 distinguen-

231 1995 388 2060 dum
421 1994 795 2072 similitud03
850 2016 1002 2058 nam
1036 2003 1104 2058 et
1136 2016 1218 2059 ex
1250 1993 1362 2060 illa
1393 1993 1685 2074 lenitate,
1728 2016 1857 2077 qua
1889 1995 2296 2060 conciliamur

233 2088 359 2167 eis,
412 2087 522 2172 qui
558 2087 851 2165 audiunt,
909 2086 993 2152 ad
1026 2086 1193 2152 hanc
1235 2087 1366 2153 vim
1412 2088 1811 2167 acerrimam,
1864 2109 1992 2172 qua
2034 2090 2295 2155 eosdem

230 2181 606 2259 excitamus,
640 2181 864 2246 influat
897 2191 1149 2267 oportet
1183 2180 1440 2265 aliquid,
1478 2193 1544 2248 et
1578 2205 1659 2248 ex
1693 2182 1817 2248 hac
1849 2181 1915 2247 vi
1947 2205 2079 2249 non
2110 2205 2297 2250 num-

233 2298 432 2360 quam
467 2274 658 2340 animi
693 2275 933 2361 aliquid
965 2275 1317 2341 inflandum
1352 2285 1455 2342 est
1484 2276 1579 2343 illi
1628 2276 1873 2344 lenitati
1880 2302 1899 2357 3
1952 2297 2163 2363 neque
2194 2287 2297 2345 est

231 2370 370 2435 ulla
403 2370 805 2456 temperatior
839 2370 1041 2443 oratio
1087 2392 1281 2455 quam
1320 2370 1461 2448 illa,
1513 2370 1584 2437 in
1627 2393 1754 2455 qua
1797 2374 2107 2459 asperitas
2145 2395 2297 2439 con-

233 2462 538 2529 tentionis
567 2464 828 2530 oratoris
854 2464 1056 2552 ipsius
1093 2465 1487 2531 humanitate
1522 2466 1832 2544 conditur,
1866 2466 2158 2533 remissio
2186 2489 2297 2531 au·-

233 2570 368 2623 tem
408 2556 686 2623 lenitatis
740 2558 1015 2641 quadam
1072 2558 1384 2645 gravitate
1430 2568 1495 2623 et
1538 2560 1940 2625 contentione
1988 2560 2294 2626 firmatur.

233 2651 305 2714 in
336 2660 605 2734 utroque
649 2661 862 2717 autem
914 2673 1149 2739 genere
1205 2650 1459 2716 dicendi
1495 2660 1561 2717 et
1593 2650 1732 2729 illo,
1783 2651 1852 2715 in
1896 2672 2022 2735 quo
2066 2652 2165 2716 vis
2202 2662 2297 2716 at-

235 2766 362 2829 que
397 2744 716 2812 contentio
752 2746 1106 2830 quaeritur,
1142 2757 1207 2811 et
1238 2746 1392 2823 hoc,
1431 2745 1603 2829 quod
1638 2746 1721 2810 ad
1755 2744 1953 2810 vitam
1989 2758 2053 2811 et
2085 2768 2295 2811 mores

237 2837 786 2917 adcommodatur,
844 2850 908 2905 et
938 2838 1253 2926 principia
1302 2839 1487 2905 tarda
1528 2835 1733 2927 [sunt]
1771 2850 1837 2906 et
1882 2839 2091 2904 exitus
2142 2840 2298 2905 item

239 2930 436 3017 spissi
469 2942 534 2997 et
564 2932 858 3019 producti
909 2956 1055 2999 esse
1109 2934 1371 3012 debent,
1424 2956 1575 2998 nam
1624 2955 1831 3015 neque
1877 2931 2297 3000 adsiliendum

241 3025 461 3091 statim
495 3037 594 3091 est
629 3028 713 3093 ad
745 3050 950 3114 genus
985 3029 1146 3094 illud
1190 3028 1524 3106 orationis3
1580 3029 1764 3093 abest
1808 3027 1978 3093 enim
2020 3039 2225 3093 totum
2258 3051 2299 3091 a

237 3142 437 3188 causa
471 3132 536 3188 et
565 3120 857 3188 homines
891 3124 1068 3210 prius
1119 3124 1333 3211 ipsum
1373 3123 1562 3201 illud,
1616 3123 1787 3206 quod
1827 3121 2156 3209 proprium
2198 3120 2299 3187 sui

2326 1715 2397 1770 53

2327 1789 2407 1829 212

2330 2680 2409 2721 213

239 3215 454 3281 iudicii
489 3226 614 3293 est,
669 3216 886 3281 audire
924 3217 1286 3283 desiderant
1293 3243 1312 3295 3
1365 3238 1488 3282 nec
1523 3238 1669 3283 cum
1702 3216 1771 3281 in
1804 3238 1947 3283 eam
1988 3216 2301 3282 rationem
2336 3279 2360 3285 -

240 3309 572 3393 ingressus
609 3309 728 3387 sie,
765 3309 1050 3376 celeriter
1085 3310 1543 3377 discedendum
1576 3322 1703 3389 est;
1745 3332 1877 3376 non
1912 3310 2099 3387 enim,
2139 3309 2301 3375 sicut

2335 3336 2414 3377 214

243 3412 707 3487 argumentum,
745 3403 934 3469 simul
969 3417 1158 3490 atque
1192 3406 1473 3493 positum
1509 3416 1625 3483 est,
1663 3403 1969 3491 adripitur
2003 3405 2301 3470 alterum-
2396 3442 2401 3447 ·

243 3518 370 3580 que
407 3506 478 3561 et
506 3497 759 3563 tertium
797 3500 1112 3586 poscitur,
1163 3501 1255 3566 ita
1295 3500 1793 3567 misericordiam
1846 3510 1956 3565 aut
1996 3496 2301 3563 invidiam

243 3600 358 3655 aut
406 3588 829 3672 iracundiam,
895 3593 1084 3659 simul
1138 3606 1330 3680 atque
1379 3594 1697 3673 intuleris,
1757 3594 1969 3681 possis
2022 3614 2303 3659 commo-

241 3706 422 3750 vere:
477 3697 924 3773 argumentum
974 3689 1135 3755 ratio
1178 3689 1323 3775 ipsa
1373 3688 1705 3755 confirmat
1749 3698 1936 3771 atque
1982 3687 2172 3752 simul
2208 3696 2302 3752 at-

241 3800 367 3861 que
402 3779 710 3845 emissum
743 3792 873 3859 est,
919 3782 1343 3861 adhaerescit3
1388 3782 1549 3846 illud
1584 3792 1795 3847 autem
1828 3804 2033 3868 genus
2070 3779 2302 3847 oratio-

243 3870 345 3935 nis
389 3894 522 3937 non
574 3874 1004 3960 cognitionem
1045 3875 1301 3955 iudicis,
1357 3876 1474 3943 sed
1514 3876 1721 3962 magis
1763 3874 2301 3961 perturbationem

240 3963 531 4047 requirit,
590 3988 783 4051 quam
835 3969 1142 4053 consequi
1191 3970 1316 4036 nisi
1359 3970 1561 4035 multa
1604 3980 1669 4034 et
1713 3967 1891 4033 varia
1932 3978 1999 4033 et
2040 3966 2301 4053 copiosa

239 4056 532 4125 oratione
567 4071 634 4125 et
669 4060 858 4127 simili
895 4064 1295 4131 contentione
1341 4062 1607 4129 actionis
1643 4085 1831 4129 nemo
1874 4072 2087 4149 potest
2093 4086 2114 4141 3
2170 4083 2299 4146 qua
2333 4084 2413 4127 215
