2784 4575
909 251 1252 310 ,BRUTUS
1289 253 1599 310 220—227.
2164 243 2293 312 247

226 379 380 456 ciis,
434 388 499 444 et
531 378 599 442 in
631 374 962 463 praesidiis
999 372 1092 438 rei
1133 373 1457 461 publicae,
1512 373 1615 438 cui
1648 373 1835 441 facile
1882 374 2037 442 satis
2082 375 2293 444 facere

236 472 504 559 possint,
542 470 942 537 conlocemus
953 493 972 547 3
1011 468 1236 534 e‘odem
1271 467 1356 551 Q.
1387 467 1781 554 Caepionem
1814 469 2138 549 referrem,
2172 472 2297 538 nisi
2330 502 2409 542 223

237 564 428 630 nimis
463 562 744 648 equestri
775 561 982 628 ordini
1028 561 1280 629 deditus
1326 585 1365 628 a
1411 572 1635 627 senatu
1685 561 2081 630 dissedisset.
2173 561 2296 633 Cn.

240 657 632 735 Carbonem,
685 657 786 722 M.
828 655 1109 722 Marium
1153 669 1221 722 et
1263 678 1346 725 ex
1389 657 1618 722 eodem
1672 679 1907 744 genere
1958 659 2298 746 compluris

235 751 494 819 minime
547 751 776 838 dignos
831 749 1141 837 elegantis
1193 760 1549 816 conventus
1613 751 1871 817 auribus
1934 752 2299 840 aptissimos

239 845 511 932 cognovi
562 844 938 910 turbulentis
992 843 1391 912 contionibus
1403 869 1424 924 3
1486 863 1613 929 qno
1664 844 1734 910 in
1786 869 2050 932 genere,
2110 858 2185 914 ut
2232 848 2301 914 in

235 939 336 1004 his
371 939 736 1025 perturbem
772 948 1050 1004 aetatum
1085 937 1392 1016 ordinem,
1429 961 1634 1025 nuper
1657 937 1744 1004 L.
1774 937 2115 1021 Quinctius
2148 941 2298 1020 fuit3

237 1032 442 1118 aptior
475 1031 668 1098 etiam
700 1030 1044 1098 Palicanus
1082 1031 1342 1097 auribus
1376 1031 1833 1118 imperitorum.
1902 1044 1969 1099 et
2002 1034 2301 1117 quoniam
2334 1063 2413 1101 224

235 1124 424 1190 huius
485 1124 738 1211 generis
805 1124 976 1190 facta
1025 1125 1265 1190 mentio
1329 1134 1459 1202 est,
1522 1125 1967 1192 seditiosorum
2018 1125 2302 1192 omnium

235 1229 384 1305 post
427 1215 754 1284 Gracchos
798 1217 884 1283 L.
921 1217 1284 1305 Appuleius
1325 1216 1709 1284 Saturninus
1744 1217 2297 1302 eloquentissimus

237 1314 412 1380 visus
450 1325 577 1392 est,
613 1313 819 1401 magis
858 1313 1070 1400 specie
1105 1323 1319 1380 tamen
1353 1324 1421 1380 et
1452 1321 1629 1378 motu
1664 1323 1853 1396 atque
1886 1312 2030 1399 ipso
2065 1312 2299 1378 amictu

238 1407 533 1494 capiebat
567 1407 856 1474 homines
901 1429 1094 1492 quam
1138 1415 1251 1474 aut
1291 1403 1544 1470 dicendi
1596 1405 1783 1492 copia
1825 1417 1936 1472 aut
1967 1406 2300 1472 mediocri-

238 1512 366 1566 tate
401 1501 772 1588 prudentiae
779 1525 800 1579 ;
853 1501 1046 1586 longe
1082 1510 1296 1564 autem
1328 1506 1478 1584 post
1510 1509 1695 1564 natos
1739 1498 2029 1566 homines
2060 1499 2301 1586 impro-

238 1593 538 1660 bissimus
578 1591 656 1660 C.
696 1592 1006 1658 Servilius
1044 1590 1344 1670 Glaucia,
1391 1591 1512 1656 sed
1552 1603 1893 1678 peracutus
1930 1603 1996 1660 et
2029 1592 2298 1660 callidus

237 1710 382 1753 cum
424 1687 772 1775 primisque
821 1683 1148 1751 ridiculus.
1235 1685 1292 1750 is
1337 1708 1421 1751 ex
1474 1685 1739 1752 summis
1794 1697 1858 1752 et
1901 1686 2193 1767 fortunae
2236 1697 2302 1750 et

237 1782 406 1847 vitae
451 1780 746 1846 sordibus
792 1779 861 1844 in
901 1789 1202 1867 praetura
1243 1777 1471 1844 consul
1512 1778 1721 1846 factus
1766 1790 1966 1858 esset,
2020 1778 2077 1846 si
2107 1779 2303 1846 ratio-

237 1897 387 1940 nem
427 1873 567 1939 eius
610 1872 831 1939 haberi
874 1873 1065 1940 licere
1116 1871 1466 1939 iudicatum
1510 1883 1710 1950 esset,
1765 1896 1915 1938 nam
1948 1881 2014 1939 et
2046 1871 2302 1960 plebem

239 1967 496 2034 tenebat
529 1977 597 2032 et
629 1977 990 2051 equestrem
1043 1965 1330 2032 ordinem
1364 1965 1673 2034 beneficio
1705 1965 1869 2052 legis
1906 1965 2296 2045 devinxerat,

236 2059 323 2150 [is
377 2071 631 2148 praetor
685 2060 911 2128 eodem
954 2060 1087 2139 die,
1143 2081 1268 2145 quo
1309 2058 1692 2126 Saturninus
1737 2059 2027 2125 tribunus
2071 2060 2298 2149 plebis,

233 2155 446 2222 Mario
480 2165 546 2220 et
569 2153 804 2221 Flacco
831 2155 1200 2222 consulibus
1225 2153 1480 2242 publice
1514 2165 1615 2220 est
1638 2154 2007 2222 interfectus
2018 2152 2067 2241 ς]
2107 2155 2298 2222 homo

239 2244 593 2315 simillimus
619 2249 1035 2316 Atheniensis
1065 2247 1445 2337 Hyperboli,
1482 2248 1663 2315 cuius
1692 2248 2162 2339 improbitatem
2189 2272 2301 2317 ve-

235 2353 406 2409 teres
436 2340 799 2407 Atticorum
835 2343 1200 2409 comoediae
1235 2353 1644 2409 notaverunt:
1680 2365 1841 2428 quos
1877 2355 1977 2410 est
2004 2341 2159 2411 Sex.
2187 2343 2300 2409 Ti-
2334 2367 2413 2410 225

237 2434 364 2500 tius
411 2444 792 2499 consecutus
845 2434 1037 2501 homo
1089 2436 1328 2520 loquax
1373 2456 1530 2499 sane
1576 2444 1643 2499 et
1676 2436 1833 2502 satis
1878 2447 2130 2514 acutus,
2186 2437 2302 2500 sed

237 2541 370 2601 tam
431 2527 676 2593 solutus
737 2537 803 2592 et
859 2526 1069 2595 mollis
1128 2529 1197 2593 in
1255 2538 1472 2613 gestu,
1544 2537 1617 2592 ut
1676 2528 1925 2595 saltatio
1986 2528 2300 2613 quaedam

237 2633 630 2699 nasceretur,
684 2621 788 2685 cui
821 2621 1141 2687 saltationi
1174 2620 1386 2686 Titius
1421 2642 1656 2685 nomen
1690 2634 1891 2687 esset:
1945 2621 2037 2686 ita
2070 2642 2302 2687 caven-

239 2715 392 2780 dum
427 2725 528 2781 est
559 2736 642 2781 ne
678 2714 832 2799 quid
865 2714 932 2779 in
967 2714 1218 2801 agendo
1263 2713 1615 2779 dicendove
1659 2713 1890 2793 facias,
1944 2714 2125 2780 cuius
2159 2713 2301 2779 imi-

238 2810 396 2875 tatio
452 2807 753 2874 rideatur.
858 2807 975 2873 sed
1026 2808 1112 2874 ad
1167 2807 1360 2895 paulo
1424 2807 1815 2893 superiorem
1875 2818 2149 2875 aetatem
2198 2830 2299 2871 re·
2336 2820 2404 2873 63

238 2902 405 2969 vecti
459 2924 708 2969 sumus:
762 2923 930 2983 nunc
976 2902 1060 2967 ad
1103 2924 1274 2980 eam,
1329 2901 1410 2967 de
1457 2922 1585 2983 qua
1637 2900 2028 2982 aliquantum
2080 2922 2298 2965 sumus

237 2996 462 3073 locuti,
497 3006 909 3062 revertamur.
1139 3068 1144 3072 ,

240 3154 246 3161 .
363 3089 760 3157 Coniunctus
821 3088 1016 3176 igitur
1067 3084 1339 3173 Sulpicii
1401 3084 1593 3151 aetati
1640 3085 1722 3151 P.
1774 3083 2096 3151 Antistius
2156 3084 2296 3163 fuit,
2331 3104 2411 3149 '226

237 3184 464 3251 rabula
497 3206 652 3249 sane
703 3181 1080 3269 probabilis,
1135 3180 1243 3265 qui
1285 3180 1519 3245 multos
1566 3200 1711 3243 cum
1755 3177 2058 3243 tacuisset
2100 3200 2301 3243 annos

239 3300 446 3361 neque
482 3277 800 3343 contemni
835 3276 1068 3354 solum,
1125 3275 1241 3341 sed
1273 3273 1533 3339 inrideri
1586 3272 1776 3339 etiam
1830 3271 2053 3339 solitus
2107 3282 2298 3349 esset,

239 3371 308 3435 in
342 3370 664 3435 tribunatu
698 3369 982 3455 'primum
1017 3379 1235 3435 contra
1271 3365 1350 3433 C.
1386 3366 1537 3431 Iulii
1569 3366 1745 3431 illam
1789 3365 2156 3432 consulatus
2188 3386 2303 3450 pe·-

241 3462 528 3529 titionem
577 3461 1139 3529 extraordinariam
1190 3482 1409 3526 veram
1460 3480 1719 3525 causam
1772 3481 1969 3546 agens
2015 3468 2115 3523 est
2154 3463 2317 3545 pro-¹

239 3557 458 3637 batus3
513 3566 580 3622 et
629 3576 707 3621 eo
758 3554 996 3641 magis,
1049 3553 1221 3638 quod
1273 3552 1544 3617 eandem
1590 3572 1851 3618 causam
1893 3574 2043 3618 cum.
2082 3561 2302 3638 ageret

242 3651 379 3717 eius
433 3649 700 3736 conlega
748 3648 857 3713 ille
907 3648 1048 3735 ipse
1105 3645 1459 3733 Sulpicius,
1519 3645 1623 3710 hic
1656 3646 1858 3734 'plura
1907 3657 1972 3711 et
2022 3646 2301 3716 acutiora

242 3745 494 3811 dicebat
499 3769 520 3823 3
570 3742 784 3827 itaque
834 3753 984 3831 post
1035 3741 1424 3807 tribunatum
1474 3740 1679 3827 primo
1730 3740 1967 3807 multae
2018 3740 2104 3805 ad
2155 3762 2302 3805 eum

244 3860 503 3917 causae,
550 3836 780 3903 deinde
815 3858 1036 3904 omnes
1071 3834 1422 3914 maximae,
1458 3855 1892 3919 quaecumque
1927 3843 2137 3912 erant,
2190 3833 2301 3897 de·-

243 3929 625 3999 ferebantur.
711 3952 849 3997 rem
901 3929 1161 3997 videbat
1213 3938 1429 4007 acute,
1482 3929 1903 4014 componebat
1944 3926 2297 4013 diligenter,
2334 3950 2411 3991 22¹1

241 4024 549 4091 memoria
589 4025 871 4107 valebat3
925 4020 1135 4091 verbis
1181 4045 1312 4091 non
1356 4020 1464 4087 ille
1500 4022 1757 4109 quidem
1808 4021 2044 4089 ornatis
2078 4020 2301 4087 uteba-
2358 4018 2377 4031 ’
