2784 4575
478 658 504 697 3

469 2331 504 2384 3

468 2405 496 2442 4

382 3751 502 3792 '⁷5

534 215 577 279 2
1029 222 1449 281 CORNIFIOII
1484 222 2105 281 RHETORICORUM

537 350 732 415 habet
759 346 1224 417 accusationem
1260 358 1369 411 aut
1392 346 1762 433 petitionem
1799 367 1942 412 cum
1969 347 2359 414 defensione.
2423 372 2605 415 nunc

539 468 696 527 quas
741 466 844 507 res
898 456 1209 507 oratorem
1253 441 1488 507 habere
1540 452 1856 526 oporteat,
1911 441 2308 520 docebimus,
2363 442 2600 509 deinde

538 560 664 621 quo
717 536 905 601 modo
959 535 1074 599 has
1129 556 1356 599 causas
1419 535 1675 600 tractari
1736 535 2098 613 conveniat,
2160 536 2597 603 ostendemus.

540 642 786 717 oportet
817 630 1010 716 igitur
1046 651 1189 695 esse
1226 629 1293 693 in
1329 639 1578 694 oratore
1605 628 2052 706 inventionem,
2090 630 2595 716 dispositionem,

538 723 974 798 elocutionem,
1001 721 1392 799 memoriam,
1411 722 2005 807 pronuntiationem.
2049 723 2330 790 inventio
2357 737 2457 790 est
2480 746 2598 789 ex-

535 817 832 905 cogitatio
867 838 1080 881 rerum
1114 839 1408 881 verarum
1443 829 1553 882 aut
1586 816 1721 882 veri
1754 817 2082 894 similium,
2137 840 2298 901 quae
2333 839 2598 883 causam

440 921 443 924 '
533 911 930 998 probabilem
961 910 1260 987 reddant3
1309 909 1640 997 dispositio
1676 922 1776 976 est
1810 911 1966 977 ordo
2002 923 2067 975 et
2100 911 2456 977 distributio
2491 935 2597 976 re-

533 1028 703 1082 rum,
758 1026 922 1089 quae
967 1003 1385 1082 demonstrat,
1438 1026 1565 1087 quo
1620 1004 1895 1088 quidque
1947 1003 2087 1070 loco
2133 1004 2215 1068 sit
2258 1004 2596 1070 conlocan-

538 1099 716 1176 dum3
756 1098 1023 1164 elocutio
1059 1109 1157 1163 est
1192 1099 1565 1164 idoneorum
1601 1099 1937 1163 verborum
1976 1094 2070 1183 [et
2106 1097 2590 1186 sententiarum]

538 1193 621 1256 ad
654 1192 1081 1257 inventionem
1125 1193 1658 1269 adcommodati03
1704 1192 2008 1257 memoria
2053 1203 2152 1258 est
2183 1193 2366 1258 firma
2399 1193 2595 1257 animi

534 1308 747 1350 rerum
782 1296 847 1349 et
879 1286 1219 1352 verborum
1252 1297 1317 1350 et
1351 1286 1784 1372 dispositionis
1828 1287 2179 1376 perceptio;
2224 1286 2595 1376 pronuntia-

536 1380 623 1444 tio
676 1388 776 1444 est
819 1379 1022 1457 vocis,
1076 1380 1314 1458 voltus,
1368 1390 1589 1467 gestus
1638 1379 1987 1445 moderatio
2042 1401 2187 1445 cum
2238 1391 2593 1446 venustate.

537 1473 696 1537 haec
731 1473 944 1537 omnia
977 1473 1176 1539 tribus
1212 1474 1405 1539 rebus
1452 1474 1716 1558 adsequi
1756 1474 2133 1560 poterimus:
2180 1486 2340 1553 arte,
2384 1473 2596 1539 imita-

537 1567 735 1646 tione,
773 1567 1240 1634 exercitatione.
1313 1592 1417 1634 ars
1452 1581 1554 1633 est
1584 1569 1975 1655 praeceptio,
2012 1592 2175 1653 quae
2212 1570 2322 1634 dat
2354 1580 2597 1633 certam

535 1660 706 1725 viam
753 1661 1187 1747 rationemque
1231 1662 1509 1740 dicendi3
1563 1662 1828 1726 imitatio
1863 1674 1990 1739 est,
2045 1685 2173 1747 qua
2212 1663 2596 1749 impellimur

536 1776 681 1819 cum
733 1754 1021 1842 diligenti
1069 1756 1312 1821 ratione
1363 1766 1439 1819 ut
1500 1755 1852 1838 aliquorum
1914 1756 2150 1821 similes
2202 1756 2270 1820 in
2321 1756 2593 1822 dicendo

534 1848 803 1913 velimus
848 1870 992 1913 esse
1003 1872 1020 1926 ;
1067 1849 1433 1913 exercitatio
1477 1860 1578 1913 est
1621 1848 1923 1914 adsiduus
1967 1872 2125 1915 usus
2168 1852 2595 1916 consuetudo-

538 1962 661 2024 que
697 1941 971 2005 dicendi.

660 2032 983 2115 Quoniam
1034 2035 1535 2101 demonstratum
1586 2048 1712 2113 est,
1776 2059 1935 2121 quas
1990 2059 2215 2103 causas
2276 2048 2594 2103 oratorem

536 2128 847 2215 recipere,
909 2151 1068 2211 quas
1121 2151 1223 2194 res
1278 2130 1512 2196 habere
1566 2131 1955 2209 conveniret,
2016 2154 2213 2210 nunc,
2264 2153 2457 2215 quem
2509 2134 2593 2196 ad

537 2225 798 2290 modum
843 2224 926 2289 ad
977 2225 1324 2291 orationem
1365 2226 1617 2312 possint
1658 2226 1870 2293 officia
1911 2227 2177 2293 oratoris
2231 2227 2594 2293 adcommo—

540 2318 703 2396 dari,
742 2319 1082 2384 dicendum
1117 2320 1386 2385 videtur.
1474 2321 1754 2386 inventio
1789 2321 1857 2385 in
1892 2344 2006 2386 sex
2038 2321 2237 2408 partis
2272 2322 2592 2387 consumi-

539 2423 667 2478 tur:
704 2413 1062 2490 exordium,
1098 2415 1552 2491 narrationem,
1590 2413 1993 2493 divisionem,
2030 2415 2588 2493 confirmationem,

538 2507 1059 2586 confutationem,
1114 2508 1603 2574 conclusionem.
1695 2510 2024 2574 exordium
2076 2520 2176 2575 est
2213 2509 2592 2596 principium

535 2602 864 2680 orationiS,
908 2625 1024 2689 per
1068 2602 1242 2687 quod
1285 2603 1533 2667 animus
1580 2603 1882 2668 auditoris
1925 2603 2327 2668 constituitur
2362 2604 2446 2667 ad
2479 2626 2591 2666 au-

535 2696 861 2775 diendum3
926 2696 1200 2762 narratio
1255 2706 1354 2762 est
1406 2719 1618 2761 rerum
1670 2710 1995 2783 gestarum
2046 2707 2158 2761 aut
2204 2696 2468 2783 proinde
2518 2708 2592 2760 ut

535 2802 859 2875 gestarum
886 2791 1227 2877 expositio;
1266 2790 1496 2856 divisio
1532 2801 1649 2869 est,
1686 2813 1802 2877 per
1836 2813 2027 2875 quam
2062 2791 2399 2877 aperimus,
2434 2790 2591 2874 quid

535 2883 895 2959 conveniat,
942 2884 1094 2966 quid
1127 2884 1194 2946 in
1230 2885 1659 2950 controversia
1704 2884 1811 2962 sit,
1858 2897 1922 2949 et
1953 2907 2068 2971 per
2102 2907 2294 2968 quam
2328 2882 2592 2970 exponi-

533 2997 707 3051 mus,
771 2975 1000 3057 quibus
1065 2976 1146 3040 de
1207 2978 1397 3042 rebus
1462 2979 1659 3043 simus
1724 2978 1977 3056 dicturi3
2041 2977 2429 3044 confirmatio
2488 2987 2591 3042 est

534 3079 897 3133 nostrorum
949 3082 1465 3155 argumentorum
1516 3072 1828 3158 expositio
1882 3095 2027 3138 cum
2080 3071 2586 3148 adseveratione3

537 3161 883 3226 confutatio
920 3173 1021 3227 est
1054 3165 1509 3230 contrariorum
1542 3166 1826 3233 locorum
1860 3167 2222 3244 dissolutio;
2268 3165 2588 3232 conclusio

538 3264 638 3341 est
671 3254 1044 3321 artificiosus
1081 3258 1386 3323 terminus
1424 3260 1744 3327 orationis.

654 3349 868 3427 Nunc,
931 3351 1230 3433 quoniam
1280 3375 1411 3417 una
1462 3375 1608 3418 cum
1658 3353 1924 3419 oratoris
1988 3354 2243 3431 officiis,
2306 3374 2433 3436 quo
2482 3375 2583 3418 res

538 3443 795 3529 cognitu
845 3444 1088 3510 facilior
1142 3457 1340 3523 esset,
1394 3448 1685 3533 producti
1739 3471 1987 3526 sumus,
2040 3460 2112 3512 ut
2154 3448 2236 3512 de
2288 3447 2583 3512 orationis

533 3539 818 3624 partibus
852 3539 1253 3624 loqueremur
1297 3552 1362 3605 et
1407 3563 1516 3606 eas
1562 3542 1646 3605 ad
1685 3542 2067 3607 inventionis
2110 3542 2419 3607 rationem
2473 3539 2584 3603 ad-

537 3633 1108 3712 commodaremus,
1147 3635 1226 3701 de
1264 3634 1526 3700 exordio
1560 3635 1835 3721 primum
1870 3635 2207 3700 dicendum
2239 3633 2508 3698 videtur.

655 3725 872 3793 Causa
904 3729 1139 3815 posita,
1188 3751 1313 3812 quo
1350 3729 1743 3794 commodius
1780 3729 2053 3794 exordiri
2087 3727 2435 3815 possimus,
2474 3748 2586 3813 ge-

537 3843 656 3885 nus
701 3843 930 3888 causae
985 3833 1085 3887 est
1136 3821 1687 3888 considerandum.
1776 3845 2011 3910 genera
2053 3844 2387 3886 causarum
2439 3830 2586 3885 sunt

472 3937 474 3941 ’
540 3924 857 3995 quattuor:
911 3917 1280 3992 honestum,
1327 3927 1539 4001 turpe,
1578 3918 1867 3994 dubium,
1904 3916 2158 3981 humile.
2249 3915 2586 3980 honestum

539 4027 764 4074 causae
801 4033 1004 4096 genus
1049 4019 1332 4095 putatur,
1389 4029 1536 4074 cum
1570 4023 1679 4077 aut
1720 4011 1788 4075 id
1822 4009 2246 4086 defendimus,
2300 4009 2469 4092 quod
2503 4007 2585 4072 ab

469 4404 559 4543 w·
548 4366 550 4368 ,
