2784 4575
844 263 952 318 DE
991 261 1354 320 ORATORE
1389 265 1465 320 11.
1501 265 1807 322 342—349.
2216 255 2339 320 137

289 386 716 498 excogitando
767 385 866 452 vis
922 387 1231 496 quaedam
1281 387 1520 474 ingenii
1554 399 1619 454 et
1650 388 1792 474 ipsa
1842 387 2201 500 eloquentia
2234 391 2347 456 ad-

285 481 643 550 mirationis
680 478 919 554 habent
949 503 1079 546 non
1128 479 1369 560 minus,
1424 479 1827 555 iucunditatis
1878 483 2117 558 minus.
2168 484 2343 570 ipsos

288 575 464 641 enim
495 572 706 660 magis
741 573 1060 651 videntur,
1113 595 1274 656 quos
1307 573 1669 653 laudamus,
1724 597 1914 660 quam
1947 577 2120 655 illos,
2174 578 2369 672 apud

295 691 456 754 quos
490 666 852 744 laudamus,
907 688 1131 732 ornare
1167 687 1242 732 ac
1276 667 1468 745 tueri3
1522 667 1639 732 sed
1673 679 1883 734 tamen
1917 669 1985 733 in
2027 662 2369 737 laudando

290 761 619 848 iungenda
653 771 802 829 sunt
836 759 1028 826 etiam
1064 760 1220 824 haec
1261 782 1499 847 genera
1546 761 1879 842 virtutum,
1931 763 2142 830 ferunt
2176 764 2345 830 enim

289 877 482 920 aures
535 853 864 922 hominum
923 875 1069 919 cum
1109 853 1245 931 illa,
1299 875 1463 937 quae
1516 853 1791 921 iucunda
1834 865 1897 922 et
1947 868 2154 944 grata,
2208 868 2343 922 tum

292 948 487 1014 etiam
519 949 647 1026 illa,
685 969 846 1032 quae
881 947 1192 1021 mirabilia
1217 957 1367 1013 sunt
1396 947 1467 1012 in
1498 948 1749 1028 virtute,
1782 948 2053 1029 laudari3
2090 960 2154 1014 et
2188 973 2342 1036 quo-

290 1041 470 1108 niam
507 1041 896 1127 singularum
929 1040 1231 1106 virtutum
1265 1050 1416 1106 sunt
1458 1051 1631 1108 certa
1680 1043 1990 1126 quaedam
2024 1043 2235 1110 officia
2269 1066 2345 1110 ae

293 1156 562 1199 munera
595 1145 658 1199 et
691 1157 809 1199 sua
860 1133 1088 1218 cuique
1138 1133 1355 1198 virtuti
1388 1133 1527 1199 laus
1579 1136 1834 1222 propria
1884 1137 2173 1216 debetur,
2226 1137 2345 1204 erit

293 1227 792 1314 explicandum
772 1251 840 1292 ιιι
871 1227 1062 1294 laude
1095 1227 1398 1307 iustitiae,
1442 1229 1595 1311 quid
1628 1250 1773 1293 cum
1804 1230 1957 1309 fide,
2010 1231 2163 1316 quid
2197 1253 2342 1296 cum

294 1321 767 1404 aequabilitate,
820 1319 974 1404 quid
1007 1343 1152 1386 cum
1187 1322 1322 1386 eius
1375 1323 1547 1389 modi
1601 1322 1809 1432 aliquo
1852 1325 2115 1390 officio‘
2096 1348 2181 1402 ι3,
2235 1325 2344 1410 qui

293 1413 679 1492 laudabitur,
750 1414 998 1493 fecerit;
1068 1415 1346 1499 itemque
1405 1415 1473 1479 in
1535 1415 1757 1482 ceteris
1817 1439 1921 1482 res
1980 1428 2199 1504 gestae
2260 1419 2344 1484 ad

296 1506 598 1592 cuiusque
649 1507 897 1573 virtutis
952 1530 1155 1594 genus
1201 1517 1267 1573 et
1315 1507 1447 1572 vim
1496 1518 1562 1572 et
1610 1531 1843 1574 nomen
1900 1510 2342 1579 adcommoda-

291 1601 546 1668 bunt'ur.
634 1600 996 1686 gratissima
1029 1612 1241 1666 autem
1274 1601 1414 1667 laus
1450 1623 1668 1667 eorum
1699 1602 2010 1668 factorum
2051 1604 2335 1684 habetur,

295 1717 462 1778 quae
497 1704 794 1780 suscepta
844 1695 1136 1760 videntur
1171 1718 1210 1758 a
1243 1693 1396 1760 viris
1432 1695 1701 1760 fortibus
1738 1695 1874 1763 sine
1918 1697 2338 1764 emolumento

297 1809 376 1852 ac
407 1787 684 1875 praemio
695 1813 715 1866 3
753 1809 915 1870 quae
948 1811 1099 1853 vero
1126 1787 1318 1853 etiam
1344 1810 1489 1853 cum
1512 1789 1728 1854 labore
1766 1811 1841 1855 ac
1864 1791 2143 1876 periculo
2170 1791 2341 1878 ipso-

295 1903 465 1959 rum,
526 1881 683 1946 haec
742 1881 982 1946 habent
1038 1881 1421 1946 uberrimam
1482 1882 1728 1968 copiam
1789 1884 1871 1947 ad
1931 1883 2337 1963 laudandum,

297 1975 468 2060 quod
503 1984 567 2040 et
600 1972 724 2039 dici
775 1975 1172 2041 ornatissime
1223 1986 1495 2062 possunt
1526 1986 1591 2040 et
1636 1976 1835 2042 audiri
1881 1977 2181 2042 ‘facillime
2189 2002 2211 2056 3
2262 2000 2340 2044 ea

295 2069 466 2134 enim
502 2067 772 2152 denique
805 2066 1006 2132 virtus
1050 2090 1194 2135 esse
1247 2069 1495 2134 videtur
1545 2069 1925 2156 praestantis
1977 2071 2121 2149 viri,
2178 2093 2339 2156 quae

295 2173 397 2228 est
427 2163 752 2228 fructuosa
786 2160 953 2240 81313,
1007 2161 1130 2248 ipsi
1165 2173 1275 2229 aut
1323 2165 1641 2229 laboriosa
1684 2176 1794 2229 aut
1840 2164 2197 2251 periculosa
2231 2179 2340 2230 aut

297 2266 466 2324 certe
519 2255 808 2343 gramita„
893 2278 1130 2343 magna
1178 2255 1368 2327 etiam
1402 2255 1512 2323 illa
1552 2255 1691 2323 laus
1728 2268 1795 2335 et
1828 2258 2211 2325 admirabilis
2246 2258 2340 2323 vi-

296 2348 434 2414 deri
469 2348 631 2414 solet
661 2349 878 2415 tulisse
913 2372 1100 2415 casus
1139 2350 1457 2436 sapienter
1508 2352 1835 2443 adversos,
1888 2376 2017 2417 non
2070 2352 2337 2417 fractum

295 2464 441 2509 esse
475 2441 753 2520 fortuna,
805 2443 1139 2508 retinuisse
1171 2442 1242 2508 in
1273 2445 1465 2509 rebus
1502 2444 1743 2529 asperis
1779 2400 2175 2530 dignitatem3
2227 2466 2340 2509 ne-

295 2558 417 2619 que
453 2546 666 2600 tamen
698 2536 806 2601 illa
837 2560 966 2601 non
1000 2547 1251 2614 ornant,
1289 2535 1490 2601 habiti
1522 2535 1821 2613 honores,
1860 2536 2113 2601 decreta
2144 2536 2340 2601 virtu-

295 2631 378 2695 tis
411 2629 718 2716 praemia,
770 2652 874 2694 res
919 2640 1138 2715 gestae
1190 2629 1439 2694 iudiciis
1492 2628 1818 2692 hominum
1867 2628 2336 2713 comprobatae3

291 2723 360 2788 in
396 2722 622 2806 quibus
663 2722 852 2787 etiam
907 2722 1274 2790 felicitatem
1323 2722 1533 2809 ipsam
1584 2722 1847 2787 deorum
1894 2720 2341 2788 immortalium

291 2817 524 2883 iudicio
559 2817 748 2882 tribui
779 2817 1158 2884 laudationis
1195 2827 1313 2881 est.
1396 2815 1742 2881 sumendae
1776 2825 1986 2879 autem
2018 2837 2122 2879 res
2158 2826 2341 2879 erunt

251 2962 258 2967 .
295 2920 406 2975 aut
436 2910 869 2996 magnitudine
909 2909 1320 2996 praestabiles
1358 2920 1470 2974 aut
1500 2908 1777 2975 novitate
1810 2907 2050 2995 primae
2086 2918 2195 2978 aut
2228 2928 2341 2995 ge-

295 3026 446 3069 nere
480 3004 620 3091 ipso
657 3004 1005 3093 singulares
1017 3029 1036 3083 3
1089 3027 1295 3088 neque
1339 3004 1508 3069 enim
1557 3025 1791 3090 parvae
1824 3023 2029 3085 neque
2071 3002 2339 3066 usitatae

293 3120 502 3183 neque
563 3098 858 3185 volgares
923 3098 1335 3166 admiratione
1387 3108 1499 3163 aut
1548 3096 1804 3163 omnino
1860 3094 2049 3160 laude
2111 3094 2339 3180 dignae

291 3191 493 3261 videri
527 3192 752 3261 solent.
839 3202 940 3257 est
971 3193 1162 3257 etiam
1215 3213 1360 3257 cum
1413 3190 1635 3257 ceteris
1686 3190 2150 3276 praestantibus
2186 3189 2335 3253 viris

293 3282 681 3370 comparatio
715 3282 782 3347 in
815 3284 1176 3349 laudatione
1226 3285 1579 3371 praeclara,
1632 3283 1714 3349 de
1756 3304 1881 3367 quo
1932 3304 2165 3367 genere
2199 3281 2339 3347 libi-

295 3386 432 3439 tum
481 3374 638 3439 mihi
699 3386 805 3451 est·
855 3377 1047 3464 paulo
1098 3377 1310 3463 plura,
1373 3398 1564 3461 quam
1616 3376 2046 3452 ostenderam,
2108 3374 2336 3451 dicere,

292 3490 424 3536 non
460 3478 590 3532 tam
623 3481 878 3556 propter
910 3492 1099 3535 usum
1131 3471 1478 3548 forensem,
1532 3470 1637 3552 qui
1672 3480 1771 3535 est
1805 3493 1845 3535 a
1876 3492 1979 3537 me
2013 3468 2185 3533 omni
2217 3466 2340 3533 hoc

293 3582 586 3630 sermone
620 3572 950 3641 tractatus,
996 3586 1186 3647 quam
1219 3573 1293 3629 ut
1323 3561 1447 3629 hoc
1480 3562 1773 3629 videretis
1785 3610 1804 3640 ‚
1860 3562 1915 3629 si
1946 3561 2337 3627 laudationes

291 3664 510 3722 essent
541 3654 610 3719 in
643 3656 908 3722 oratoris
943 3658 1183 3736 officio,
1235 3658 1408 3741 quod
1440 3678 1628 3722 nemo
1676 3666 1897 3742 negat,
1949 3654 2181 3721 oratori
2213 3654 2339 3721 vir·-

289 3759 505 3813 tutum-
534 3749 816 3815 omnium
853 3750 1304 3835 cognitionem,
1361 3750 1498 3816 sine
1533 3771 1658 3833 qua
1689 3749 1967 3815 laudatio
2012 3747 2177 3813 effici
2211 3768 2339 3813 non

2374 949 2449 1004 85

2374 1021 2457 1062 345

2374 1629 2455 1670 346

2373 2470 2453 2511 34⁹2*

290 3840 523 3925 possit,
561 3864 706 3907 esse
739 3843 1182 3910 necessariam.
1229 3844 1357 3912 iam
1390 3843 1787 3928 vituperandi
1821 3851 2159 3929 praecepta
2192 3861 2341 3905 con·
2372 3864 2454 3905 349

291 3932 502 3998 trariis
539 3957 620 4001 ex
654 3936 824 4001 vitiis
861 3937 1169 4001 sumenda
1201 3959 1344 4001 esse
1396 3936 1799 4023 perspicuum
1844 3946 1968 4013 est3
2022 3932 2209 3999 simul
2242 3943 2341 3998 est

289 4024 451 4093 illud
505 4038 650 4095 ante
700 4030 947 4107 mulce,
1001 4050 1121 4095 nec
1170 4030 1411 4095 bonum
1444 4030 1647 4096 virum
1698 4028 1951 4116 proprie
1987 4038 2051 4092 et
2086 4027 2337 4114 copiose
