2784 4575
770 286 878 339 DE
915 282 1281 339 ORATORE
1316 282 1391 337 H.
1427 282 1734 338 359-365.
2151 272 2270 337 141

230 409 493 485 vinitas3
548 429 667 473 nec
700 405 869 472 enim
902 416 965 470 te
998 405 1123 471 ista
1166 403 1452 490 attigisse
1504 405 1878 483 arbitrabar,
1933 428 2094 489 quae
2139 406 2278 471 dili-

231 501 602 589 gentissime
638 522 947 608 cognosse
976 509 1040 564 et
1064 498 1341 582 undique
1369 497 1722 584 conlegisse
1747 519 1994 581 usuque
2023 498 2278 563 doctum

229 596 465 681 partim
498 594 845 659 correxisse
880 592 1092 670 vide0,
1149 591 1381 677 partim
1433 591 1905 677 comprobasse,
1958 612 2162 675 neque
2199 614 2275 657 eo

230 688 443 753 minus
478 686 899 771 eloquentiam
934 696 1109 750 tuam
1143 696 1208 749 et
1238 685 1437 751 multo
1470 684 1676 770 magis
1711 683 2006 751 virtutem
2039 695 2106 749 et
2139 686 2279 749 dili-

229 780 511 867 gentiam
564 780 837 846 admiror
892 789 958 845 et
1010 778 1197 844 simul
1248 778 1497 864 gaudeo
1549 777 1850 841 iudicium
1910 778 2103 843 animi
2151 779 2278 845 mei

231 874 653 959 comprobari,
700 873 869 957 quod
904 893 1153 959 semper
1188 871 1381 936 statui
1413 871 1730 936 neminem
1765 870 2108 958 sapientiae
2141 872 2280 937 lau-

226 968 379 1032 dem
406 978 469 1031 et
494 966 885 1050 eloquentiae
912 966 1056 1042 sine,
1076 986 1322 1030 summo
1351 964 1558 1029 studio
1579 973 1643 1028 et
1666 964 1882 1029 labore
1907 974 1973 1029 et
1997 964 2280 1029 doctrina
2386 998 2389 1001 ·

231 1058 537 1141 consequi
585 1080 797 1142 posse.
903 1058 1019 1122 sed
1070 1068 1283 1121 tamen
1342 1056 1644 1139 quidnam
1694 1067 1794 1122 est
1843 1058 2013 1141 quod
2064 1056 2278 1121 dixisti

234 1151 392 1228 fore,
430 1160 501 1213 ut
534 1150 651 1215 tibi
674 1150 1167 1235 ignosceremus,
1204 1148 1260 1213 si
1287 1170 1761 1235 cognossemus,
1797 1170 1958 1233 quae
1994 1158 2058 1215 te
2083 1170 2283 1215 causa-

228 1243 300 1307 in
337 1265 691 1308 sermonem
730 1242 1121 1329 impulisset?
1174 1262 1335 1325 quae
1370 1252 1468 1306 est
1503 1241 1671 1307 enim
1715 1241 1838 1305 alia
1881 1263 2100 1321 causa,
2151 1241 2278 1307 nisi

230 1336 404 1443 quo-d
436 1336 619 1401 nobis
657 1346 722 1401 et
753 1336 979 1401 horum
1014 1334 1510 1400 adulescentium
1546 1334 1780 1413 studio,
1834 1336 1940 1418 qui
1976 1345 2037 1400 te
2073 1344 2277 1400 atten-

230 1428 475 1493 tissime
512 1428 869 1507 audierunt,
904 1450 1143 1493 morem
1178 1448 1398 1513 gerere
1435 1426 1751 1493 voluistiP'
1804 1439 1938 1491 tum
1971 1428 2078 1493 ille
2115 1428 2275 1493 ‘adi-

229 1520 429 1585 mere’
483 1520 686 1604 inquit
736 1527 1018 1586 ‘omnem
1067 1518 1528 1585 recusationem
1565 1518 1802 1585 Crasso
1835 1520 2032 1598 volui,
2089 1543 2276 1606 quem

231 1637 356 1723 ego
389 1615 579 1700 paulo
616 1624 759 1679 ante
785 1620 819 1697 †
847 1614 1125 1679 sciebam
1158 1614 1260 1679 vel
1295 1613 1634 1699 pudentius
1671 1614 1772 1677 vel
1815 1605 2089 1691 invitius,
2126 1614 2275 1679 nolo

229 1708 402 1771 enim
436 1708 643 1773 dicere
694 1708 773 1772 de
826 1718 956 1771 tam
1013 1707 1192 1772 suavi
1242 1706 1496 1771 homine
1547 1706 1965 1785 fastidiosius,
2021 1707 2103 1771 ad
2151 1707 2276 1771 hoc

229 1822 433 1885 genus
472 1800 777 1866 sermonis
814 1800 1131 1865 accedere.
1202 1798 1354 1883 quid
1386 1799 1556 1863 enim
1587 1798 1820 1885 poterit
1847 1798 2090 1863 dicere?
2125 1820 2276 1863 con-

232 1893 509 1957 sularem
553 1916 622 1958 se
666 1916 809 1959 esse
859 1893 1178 1959 hominem
1224 1902 1288 1956 et
1339 1891 1732 1956 censorium?
1785 1892 2006 1957 eadem
2058 1901 2276 1957 nostra

232 2006 428 2050 causa
479 1994 596 2052 est.
684 2010 766 2051 an
802 1998 1073 2051 aetatem
1124 1986 1406 2051 adferet?
1457 1984 1864 2068 quadriennio
1917 1985 2121 2049 minor
2155 1996 2272 2050 est.

230 2101 313 2143 an
349 2101 419 2143 se
453 2077 612 2143 haec
644 2079 931 2144 nescire?
983 2100 1145 2163 quae
1182 2100 1302 2164 ego
1340 2100 1508 2156 sero,
1546 2098 1706 2161 quae
1743 2078 1974 2141 cursim
2009 2078 2272 2163 adripui‚

228 2192 393 2253 quae
438 2171 772 2236 subsicivis
827 2172 1063 2257 operis,
1116 2182 1189 2235 ut
1242 2172 1445 2247 aiunt,
1476 2170 1620 2235 iste
1663 2194 1704 2233 a
1741 2192 1968 2256 puel-0,
2025 2193 2270 2236 summo

231 2261 466 2340 studio,
522 2263 783 2330 summis
819 2264 1201 2331 doctoribus.
1288 2264 1446 2329 nihil
1481 2262 1684 2328 dicam
1721 2265 1800 2329 de
1833 2263 2116 2352 ingenio,
2171 2266 2272 2330 cui

228 2378 344 2441 par
376 2376 563 2420 nemo
606 2356 755 2420 fuit:
830 2359 1062 2422 etenim
1095 2379 1199 2422 me
1251 2357 1563 2421 dicentem
1600 2357 1709 2440 qui
1761 2359 2031 2435 audiret,
2085 2381 2272 2424 nemo

228 2469 531 2531 umquam
564 2447 695 2510 tam
731 2449 830 2512 sui
866 2449 1219 2535 despiciens
1246 2449 1369 2514 fuit
1404 2449 1556 2531 quin
1591 2461 1872 2534 speraret
1905 2461 2016 2514 aut
2045 2450 2271 2514 melius

229 2551 341 2604 aut
390 2539 617 2605 eodem
650 2540 840 2604 modo
884 2563 953 2605 se
994 2563 1187 2626 posse
1231 2541 1440 2604 dicere
1450 2565 1468 2618 3
1529 2537 1768 2605 Crasso
1803 2542 2049 2608 dicente
2081 2564 2270 2606 nemo

227 2643 359 2696 tam
412 2633 754 2716 adroganS,
808 2632 917 2714 qui
968 2633 1252 2697 similiter
1304 2654 1375 2698 se
1419 2653 1719 2715 umquam
1761 2633 2074 2698 dicturum
2125 2655 2270 2698 esse

226 2723 586 2790 confideret.
659 2747 851 2808 quam
884 2726 967 2791 ob
1000 2748 1137 2789 rem
1170 2748 1251 2790 ne
1269 2726 1504 2789 frustra
1529 2725 1597 2788 hi
1631 2725 1788 2790 tales
1819 2726 1938 2790 viri
1963 2726 2268 2804 venerint,

226 2829 291 2883 te
327 2817 693 2900 aliquando,
733 2816 999 2896 Crasse,
1042 2818 1410 2884 audiamus?

344 2910 515 2974 Tum
550 2910 655 2976 ille
692 2918 791 2975 ‘ut
822 2910 914 2976 ita
948 2934 1091 2976 esse
1126 2910 1510 2988 concedamss
1544 2910 1745 2994 inquit
1780 2910 2070 2988 ‘Antoni,
2107 2933 2267 2996 quae

2309 620 2388 663 363

2308 1458 2386 1499 364

2303 2915 2372 2968 90

228 3013 376 3070 sunt
407 3004 599 3090 longe
636 3025 849 3082 secus,
908 3005 1061 3088 quid
1092 3005 1251 3069 mihi
1301 3005 1560 3070 tandem
1611 3004 1797 3069 hodie
1834 3015 1944 3069 aut
1976 3004 2269 3090 cuiquam
2301 2984 2380 3026 ³⁶⁵

225 3097 463 3163 homini
498 3099 667 3181 quod
702 3097 826 3162 dici
857 3099 1064 3184 possit
1095 3097 1441 3182 reliquisti?
1475 3097 1682 3162 dicam
1716 3098 1884 3162 enim
1910 3120 2077 3177 vere,
2115 3099 2272 3164 ami-

223 3190 461 3255 cissimi
496 3191 811 3269 homines,
848 3193 1018 3275 quod
1052 3192 1285 3258 sentio:
1324 3213 1513 3276 saepe
1551 3214 1672 3277 ego
1708 3191 1925 3257 doctos
1960 3190 2267 3270 homines,

224 3283 377 3364 quid
428 3282 568 3347 dico
621 3285 851 3370 saepe?
902 3283 1093 3351 immo
1128 3307 1257 3350 non
1306 3305 1680 3368 numquam3
1735 3306 1925 3370 saepe
1959 3282 2128 3348 enim
2162 3286 2271 3368 qui

225 3373 429 3458 potui,
478 3374 584 3455 qui
617 3397 774 3458 puer
806 3375 875 3439 in
908 3377 1117 3442 forum
1151 3377 1432 3442 venerim
1466 3398 1585 3442 nec
1617 3376 1764 3441 inde
1798 3398 2098 3461 umquam
2133 3377 2272 3441 diu-

228 3466 353 3529 tius
393 3487 579 3548 quam
632 3477 928 3551 quaestor
972 3469 1273 3533 afuerim?
1328 3470 1444 3534 sed
1478 3480 1689 3534 tamen
1743 3470 1979 3546 audivi,
2030 3480 2104 3534 ut
2134 3468 2272 3534 heri

228 3558 541 3635 dicebam,
590 3568 651 3624 et
685 3559 961 3626 Athenis
998 3583 1141 3626 cum
1177 3584 1413 3639 essem,
1469 3563 1867 3629 doctissimos
1901 3563 2072 3630 viros
2107 3574 2172 3628 et
2203 3563 2272 3626 in

228 3651 389 3717 Asia
437 3651 633 3716 istum
684 3652 895 3739 ipsum
942 3651 1277 3741 Scepsium
1317 3655 1785 3733 Metrodorum,
1841 3673 1984 3722 cum
2037 3655 2116 3720 de
2167 3655 2268 3720 his

226 3746 379 3832 ipsis
415 3747 605 3812 rebus
642 3746 1017 3833 disputaret3
1070 3770 1275 3832 neque
1310 3772 1460 3815 vero
1495 3750 1649 3814 mihi
1695 3751 2025 3833 quisquam
2059 3749 2272 3834 copio-

228 3840 358 3904 sius
414 3863 715 3926 umquam
767 3840 942 3906 visus
999 3854 1098 3908 est
1146 3865 1353 3928 neque
1405 3844 1696 3910 subtilius
1747 3843 1814 3908 in
1864 3843 1986 3909 hoc
2035 3865 2268 3930 genere

226 3933 474 3998 dicendi
502 3957 691 4019 quam
722 3936 845 4001 iste
871 3936 1059 4002 hodie
1095 3961 1236 4004 esse
1264 3949 1582 4004 versatus:
1620 3938 1792 4021 quod
1817 3937 1873 4003 si
1893 3947 2063 4003 esset
2089 3936 2268 4002 aliter

224 4035 288 4090 et
322 4026 557 4110 aliquid
606 4030 1040 4117 intellegerem
1082 4035 1179 4100 ab·
1198 4032 1484 4098 Antonio
1533 4031 2075 4118 praetermissum,
2136 4054 2266 4096 non
