2784 4575
518 217 651 285 350
1136 228 1213 282 Μ.
1250 224 1522 284 TULLII
1559 221 1964 280 CICERONIS

416 383 477 422 32
518 353 711 420 etiam
762 351 1159 420 suavitatem.
1248 372 1401 436 ergo
1455 348 1538 413 ad
1589 347 1861 412 dilucide
1913 347 2298 412 narrandum
2349 347 2594 415 eadem

516 449 627 513 illa
661 445 987 534 superiora
1020 443 1402 532 explanandi
1435 453 1502 508 et
1533 440 1908 506 inlustrandi
1940 452 2282 528 praecepta
2329 453 2594 530 repete-

515 565 689 620 mus,
742 541 810 605 in
844 539 1075 624 quibus
1112 539 1197 604 sit
1229 536 1509 603 brevitas
1556 557 1660 614 ea,
1715 557 1880 619 quae
1923 534 2296 622 saepissime
2328 535 2400 600 in
2433 559 2592 602 nar-

514 635 759 702 ratione
811 634 1133 712 laudatur,
1188 633 1269 698 de
1322 654 1452 716 qua
1487 653 1680 718 supra
1731 629 1970 694 dictum
2021 639 2140 694 est.
2226 630 2590 715 probabilis

514 741 731 795 autem
766 729 911 808 erit,
950 727 1005 794 si
1038 727 1357 814 personis,
1405 726 1462 791 si
1495 725 1915 814 temporibus,
1969 725 2026 790 si
2057 725 2217 791 locis
2253 747 2360 805 ea,
2413 749 2590 811 quae

514 823 956 901 narrabuntur,
994 820 1417 900 consentient3
1456 819 1510 886 si
1545 819 1852 903 cuiusque
1875 819 2030 885 facti
2056 829 2122 884 et
2145 819 2358 884 eventi
2383 841 2592 886 causa

514 927 787 1003 ponetur
794 939 813 996 3
852 915 907 981 si
941 926 1175 981 testata
1206 914 1333 979 dici
1369 914 1771 991 videbuntur,
1809 912 1864 978 si
1897 933 2045 977 cum
2079 913 2410 979 hominum
2445 915 2591 1001 opi-

516 1010 736 1089 nione,
788 1009 1189 1088 auctoritate,
1244 1007 1300 1074 si
1350 1029 1500 1072 cum
1549 1007 1722 1094 lege,
1777 1028 1922 1071 cum
1972 1029 2180 1085 more,
2233 1027 2384 1071 cum
2431 1009 2590 1073 reli-

517 1104 709 1192 gione
748 1105 1111 1182 coniuncta3
1168 1103 1223 1168 si
1274 1101 1560 1190 probitas
1612 1102 1924 1166 narrantis
1979 1101 2472 1188 significabitur,
2533 1102 2587 1168 si

512 1198 884 1284 antiquitas,
940 1198 995 1263 si
1045 1197 1379 1274 memoria,
1435 1196 1492 1261 si
1542 1195 1842 1262 orationis
1887 1194 2122 1261 veritas
2174 1207 2239 1260 et
2291 1195 2468 1262 vitae
2511 1198 2586 1262 fi-

514 1294 652 1357 des.
768 1292 981 1358 suavis
1036 1304 1249 1357 autem
1298 1292 1575 1358 narratio
1637 1301 1764 1369 est,
1837 1312 2000 1375 quae
2063 1291 2256 1357 habet
2307 1291 2585 1358 admira-

523 1387 759 1464 tiones,
830 1385 1367 1472 exspectationes,
1443 1386 1650 1450 exitus
1705 1385 2096 1472 inopinatos,
2167 1384 2581 1474 interpositos

518 1491 727 1546 motus
766 1479 1147 1560 animorum,
1184 1480 1520 1563 conloquia
1551 1501 1984 1567 personarum,
2022 1479 2293 1557 dolores,
2328 1479 2584 1545 iracun-

520 1576 687 1657 dias,
740 1587 947 1641 metus
956 1624 977 1656 ,
1029 1575 1333 1653 laetitias,
1386 1573 1788 1662 cupiditates.
1877 1574 1994 1640 sed
2043 1574 2172 1640 iam
2207 1575 2292 1640 ad
2332 1574 2584 1660 reliqua

518 1692 881 1757 pergamus.

416 1785 476 1826 ss
643 1761 721 1830 C.
755 1765 836 1830 F.
869 1765 1116 1850 Nempe
1152 1785 1231 1828 ea
1266 1773 1641 1848 sequuntur,
1679 1783 1840 1846 quae
1877 1762 1959 1826 ad
1991 1761 2348 1828 faciendam
2381 1763 2581 1828 fidem

518 1857 854 1945 pertinent.
928 1855 1006 1924 C.
1041 1859 1120 1922 P.
1154 1859 1247 1922 ita
1282 1868 1409 1923 est:
1446 1879 1609 1940 quae
1645 1856 1900 1939 quidem
1933 1856 2002 1921 in
2035 1857 2580 1922 confirmationem

518 1962 584 2016 et
631 1951 700 2016 in
746 1949 1305 2038 reprehensionem
1368 1950 1764 2028 dividuntur3
1825 1973 1975 2015 nam
2026 1950 2095 2015 in
2145 1951 2580 2016 confirmando

514 2055 736 2112 nostra
782 2045 1054 2131 probare
1106 2045 1430 2123 volumus,
1493 2045 1561 2110 in
1611 2045 2132 2131 reprehendendo
2183 2043 2572 2128 redarguere

516 2136 849 2204 contraria.
938 2137 1239 2222 quoniam
1272 2138 1468 2226 igitur
1511 2161 1727 2215 omne,
1771 2139 1945 2224 quod
1977 2139 2046 2203 in
2079 2134 2582 2204 controversiam

517 2229 709 2309 venit,
744 2228 813 2295 id
848 2241 957 2296 aut
992 2230 1077 2297 sit
1107 2253 1309 2297 necne
1339 2231 1424 2297 sit
1457 2244 1568 2298 aut
1602 2231 1754 2317 quid
1791 2232 1873 2298 sit
1907 2243 2017 2298 aut
2045 2229 2224 2317 quale
2259 2230 2342 2297 sit
2375 2251 2581 2315 quae-

515 2323 701 2402 ritur,
755 2323 823 2389 in
866 2324 1073 2411 primo
1126 2326 1488 2392 coniectura
1539 2326 1738 2406 valet,
1793 2327 1861 2391 in
1905 2328 2102 2393 altero
2147 2324 2458 2404 definitio,
2511 2324 2580 2389 in

519 2418 704 2485 tertio
738 2418 920 2485 ratiO.

416 2535 477 2575 aa.
640 2510 719 2579 C.
754 2514 832 2579 F.
870 2513 1090 2579 Teneo
1125 2514 1316 2579 istam
1370 2514 1906 2580 distributionem:
1958 2534 2128 2579 nunc
2178 2512 2582 2579 coniecturae

410 2615 485 2670 10
517 2605 692 2673 locos
730 2628 985 2691 quaero.
1079 2605 1157 2674 C.
1200 2608 1281 2674 P.
1317 2608 1383 2672 in
1421 2609 1555 2673 veri
1609 2608 1918 2673 similibus
1955 2619 2020 2673 et
2053 2608 2120 2673 in
2170 2606 2444 2695 propriis
2477 2630 2584 2671 re-

516 2724 658 2766 rum
691 2702 859 2767 notis
894 2702 1104 2788 posita
1138 2712 1272 2767 tota
1315 2713 1434 2767 est.
1525 2703 1640 2767 sed
1683 2703 2072 2811 appellemus
2129 2701 2398 2769 docendi
2433 2724 2586 2788 gra-

518 2796 607 2859 tia
643 2794 777 2859 veri
830 2788 1064 2874 simile,
1118 2796 1291 2881 quod
1342 2794 1714 2883 plerumque
1766 2797 1857 2861 ita
1889 2796 2028 2875 fiat,
2082 2807 2154 2862 ut
2208 2795 2587 2863 adulescen-

516 2886 671 2951 tiam
729 2888 1171 2973 procliviorem
1232 2912 1375 2955 esse
1439 2890 1522 2955 ad
1585 2889 1939 2969 libidinem3
2009 2891 2303 2977 propriae
2364 2900 2587 2955 autem

514 2990 703 3046 notae
740 2984 1209 3068 argumentum,
1264 2984 1438 3068 quod
1487 3006 1835 3069 numquam
1885 2984 2067 3049 aliter
2104 2985 2178 3049 fit
2212 2994 2586 3068 certumque

516 3074 823 3154 declarat,
874 3086 949 3142 ut
1000 3077 1213 3143 fumus
1268 3076 1504 3163 ignem.
1593 3078 1729 3144 veri
1781 3078 2010 3143 similia
2061 3077 2456 3167 reperientur
2503 3100 2590 3142 ex

514 3168 801 3254 partibus
837 3181 903 3236 et
934 3170 1116 3253 quasi
1162 3171 1464 3236 membris
1519 3171 1920 3237 narrationis.
2007 3194 2086 3237 ea
2131 3182 2280 3237 sunt
2330 3171 2402 3236 in
2434 3194 2588 3259 per-

520 3263 721 3343 sonis,
775 3264 844 3328 in
875 3263 1063 3342 locis,
1115 3263 1184 3355 in
1218 3264 1640 3351 temporibus,
1695 3265 1762 3329 in
1807 3265 2024 3344 factis,
2075 3265 2143 3331 in
2178 3265 2456 3343 eventis,
2516 3264 2587 3330 in

414 3376 476 3417 ³5
519 3380 733 3423 rerum
775 3358 1061 3445 ipsarum
1113 3359 1638 3445 negotiorumque
1689 3361 1951 3426 naturis.
2039 3360 2108 3425 in
2139 3359 2431 3447 personis
2463 3382 2590 3425 na-

517 3462 697 3517 turae
721 3452 997 3540 primum
1026 3464 1414 3540 spectantur,
1443 3453 1858 3533 valetudines,
1893 3454 2157 3541 figurae,
2178 3454 2366 3532 vires,
2405 3464 2592 3517 aeta-

518 3556 615 3609 tes
673 3542 969 3631 [marium
980 3594 999 3625 ,
1054 3546 1496 3635 feminarum];
1527 3546 1540 3557 ’
1553 3545 1774 3635 [atque
1825 3547 1985 3613 haec
2038 3545 2296 3633 quidem
2327 3546 2398 3611 in
2440 3568 2591 3612 cor-

519 3636 734 3725 pore3]
798 3640 991 3705 animi
1046 3652 1258 3706 autem
1312 3652 1425 3707 aut
1477 3662 1668 3725 quem
1719 3642 1801 3707 ad
1850 3642 2112 3708 modum
2165 3639 2399 3707 adfecti
2449 3640 2591 3705 sint

516 3732 853 3799 virtutibus
907 3733 1107 3812 vitiis,
1162 3734 1402 3801 artibus
1455 3734 1726 3815 inertiis,
1779 3745 1889 3801 aut
1941 3756 2130 3821 quem
2182 3734 2265 3799 ad
2315 3734 2590 3799 modum

518 3826 843 3905 commoti,
906 3828 1249 3937 cupiditate
1310 3840 1516 3908 metu,
1579 3831 1906 3919 voluptate
1967 3828 2278 3897 molestia.
2385 3838 2589 3911 atque

516 3918 676 3983 haec
710 3920 1018 4001 quidem'
998 3946 1065 3987 m
1098 3932 1327 3988 natura
1362 3934 1752 4010 spectantum
1789 3925 1857 3990 in
1891 3923 2146 3991 fortuna
2179 3944 2394 4011 genus,
2421 3920 2592 3986 ami-

518 4008 733 4087 eitiae,
770 4010 981 4091 liberi,
1016 4016 1381 4100 propinqui,
1421 4018 1694 4098 adfineS,
1733 4041 1918 4106 opeS,
1954 4019 2260 4097 honoreS,
2293 4025 2596 4103 potesta-
