2784 4575
951 284 1359 327 MEMORABILIA
1393 284 1573 328 vrrAE
1612 282 1920 329 CICERONIS

749 558 948 616 Cicero
975 560 1249 615 Milonem
1283 561 1356 613 de
1391 558 1450 611 vi
1484 563 1811 613 accusatum
1840 558 2127 627 defendit,
2165 558 2267 614 sed
2292 558 2377 613 ita

677 635 745 683 ut
770 629 881 684 fori
907 630 1212 698 adspectu,
1248 626 1409 681 iussu
1438 626 1694 696 Pompeii
1720 626 1993 681 militibus
2022 626 2374 697 circumdati,

679 703 737 751 et
781 696 1288 752 acclamationibus
1325 693 1729 749 Clodianorum
1772 694 2141 764 perturbatus
2176 711 2376 766 parum

679 770 1010 819 constanter
1037 764 1268 817 diceret.
1340 762 1481 817 Eam
1510 778 1657 833 quae
1685 767 1871 817 exstat
1895 780 2001 833 pro
2020 764 2226 817 Milone
2254 780 2376 817 ora·

676 832 889 887 tionem
914 838 1118 903 postea
1145 831 1397 900 scripsit,
1436 847 1563 885 cum
1580 831 1719 885 Milo
1748 832 2157 886 condemnatus
2178 831 2376 885 Massi-

677 901 810 956 liam
830 900 1146 955 exsulatum
1165 899 1399 953 abisset.
1463 898 1689 953 Deinde
1710 898 1968 954 defendit
1984 900 2063 953 M.
2085 900 2376 968 Saufeium,

563 1006 572 1013 ·
717 968 777 1023 ui
821 969 1120 1023 absolutus
1165 971 1305 1021 est.1
1385 966 1585 1021 Mense
1629 966 1935 1023 Decembri
1980 968 2050 1021 Τ.
2089 967 2375 1022 Munatius

675 986 922 1090 sslancus
949 1034 1161 1103 Bursa,
1197 1035 1492 1090 tribunatu
1518 1034 1705 1105 plebis
1743 1036 2034 1106 deposito,
2072 1040 2377 1090 accusatus

677 1104 1000 1158 aCicerone
1017 1109 1080 1158 et
1097 1103 1503 1159 condemnatus
1524 1108 1653 1158 est.²
1698 1103 1828 1157 Hoc
1852 1120 2003 1159 anno
2024 1106 2115 1158 vel
2135 1120 2374 1175 sequen-

677 1172 753 1225 tis
788 1171 980 1240 initio,
1033 1178 1186 1226 certe
1220 1178 1357 1241 post
1389 1171 1760 1227 Milonianum
1794 1171 2093 1243 iudicium,
2150 1170 2378 1241 scripsit

679 1238 876 1295 Cicero
905 1242 1069 1294 libros
1086 1241 1150 1293 de
1168 1241 1417 1309 lapibus)

679 1310 842 1362 Coss.
914 1312 1028 1363 Ser.
1050 1309 1316 1378 Suspicius
1332 1307 1532 1377 Rufus,
1562 1308 1640 1361 M.
1660 1310 1916 1361 Claudius
1935 1309 2245 1362 Marcellus.

747 1375 888 1431 Cum
923 1371 1216 1448 superiore
1253 1392 1407 1430 anno
1444 1374 1593 1431 soto
1630 1381 1859 1430 cantum
1892 1383 2074 1445 esset,
2128 1391 2201 1429 ne
2248 1375 2375 1445 quis

675 1443 993 1515 praetorius
1019 1450 1122 1499 aut
1145 1441 1461 1499 consularis
1488 1444 1639 1499 intra
1672 1444 2119 1525 quinquennium
2154 1444 2215 1498 in
2247 1460 2376 1515 pro-

677 1512 918 1567 vinciam
943 1512 1081 1582 iret,
1130 1511 1312 1567 coacti
1349 1518 1482 1566 sunt
1518 1512 1571 1571 ei
1606 1513 1927 1583 provincias
1966 1511 2374 1581 administrare,

675 1581 774 1702 {lui
809 1582 868 1635 in
907 1596 1005 1634 eas
1043 1597 1074 1635 e
1113 1580 1417 1637 consulatu
1454 1586 1514 1635 et
1547 1586 1815 1661 praetura
1847 1582 2103 1636 nondum
2136 1580 2375 1635 iverant.

707 1655 884 1719 taque
913 1646 1175 1704 Ciceroni
1209 1648 1423 1719 obtigit
1456 1648 1657 1703 Oihcia
1687 1666 1793 1719 pro
1830 1651 2067 1705 consule
2102 1648 2374 1719 regenda,

677 1733 802 1771 cum
821 1716 1075 1771 exercitu
1091 1717 1349 1787 peditum
1367 1716 1497 1770 XII.
1522 1717 1596 1771 M.
1610 1756 1623 1780 ‚
1662 1717 1912 1787 equitum
1932 1716 2172 1771 MMDO.
2239 1715 2375 1771 Suc-

678 1784 852 1841 cessit
876 1785 938 1839 in
965 1786 1258 1855 provincia
1284 1784 1434 1853 App.
1455 1782 1711 1839 Claudio.
1781 1784 2130 1841 Laodiceam
2157 1784 2217 1838 in
2244 1800 2375 1853 pro-

676 1854 917 1907 vinciam
936 1854 1094 1907 venit
1109 1853 1254 1922 prid.
1274 1852 1408 1905 Kal.
1430 1850 1580 1906 Sext.
1592 1857 1620 1895 ⁴

677 1920 837 1976 Coss.
907 1921 974 1973 L.
995 1922 1248 1973 Aemilius
1266 1920 1521 1985 Paullus,
1550 1921 1609 1973 0.
1630 1920 1887 1973 Claudius
1904 1921 1963 1973 0.
1984 1920 2043 1972 F.
2065 1915 2375 1973 Marcellus.

745 1986 1010 2041 Ciceroni
1045 1986 1262 2041 Romae
1305 2002 1413 2055 pro
1446 2002 1511 2041 re
1545 1987 1694 2041 bene
1731 1992 1896 2057 gesta
1932 1986 2377 2056 supplicationes

680 2056 1114 2109 decernuntur.⁶
1176 2055 1308 2125 Ipse
1343 2054 1450 2109 ΠΙ.
1480 2053 1612 2108 Kal.
1650 2054 1802 2109 Sext.
1840 2055 1911 2109 de
1946 2054 2244 2125 provincia
2279 2055 2376 2111 de·

681 2124 892 2177 cedens
921 2120 982 2176 O.
1013 2122 1265 2175 Caelium
1333 2128 1659 2177 uaestorem
1686 2123 1740 2179 ei
1771 2122 2067 2193 praefecit.
2137 2122 2377 2178 Brundi·

681 2188 823 2243 sium
841 2190 999 2243 venit
1015 2190 1143 2245 VII.
1163 2138 1453 2244 Kalfbec.

679 2256 841 2314 Coss.
917 2258 974 2312 Ο.
1007 2258 1258 2381 Οἰιιωάἰαε
1285 2258 1365 2312 Μ.
1391 2260 1453 2313 F.
1480 2259 1801 2328 Marcellus,
1844 2261 1909 2314 L.
1938 2260 2214 2316 Cornelius
2242 2260 2375 2314 Len-

1021 2338 1076 2380 tu
1100 2346 1161 2380 us
1180 2328 1334 2382 Orus.

749 2393 949 2451 Cicero
977 2396 1124 2466 prid.
1151 2397 1301 2452 Non.
1329 2396 1452 2450 Ian.
1482 2397 1556 2451 ad
1574 2397 1771 2452 urbem
1802 2397 2083 2452 accedens
2110 2397 2170 2450 in
2195 2397 2377 2468 ipsam

679 2463 882 2518 incidit
913 2462 1196 2519 flammam
1233 2463 1415 2520 civilis
1450 2464 1769 2520 discordiae
1805 2465 1955 2520 inter
1980 2465 2283 2520 Caesarem
2318 2471 2379 2521 et

680 2532 1066 2602 Pompeium.⁸
1108 2532 1242 2587 Kal.
1262 2533 1382 2587 Ian.
1402 2533 1617 2587 factum
1638 2539 1728 2588 est
1746 2531 1953 2588 SOtum
1967 2573 1984 2601 ‚-
2010 2538 2077 2586 ut
2092 2539 2225 2588 ante
2243 2534 2375 2588 Kal.

680 2601 846 2656 Mart.
859 2599 1071 2656 Caesar
1087 2601 1394 2656 exercitum
1416 2601 1751 2671 dimitteret3
1782 2602 1830 2656 si
1846 2619 1963 2657 non
1980 2601 2219 2670 faceret,
2248 2618 2377 2656 eum

679 2670 952 2725 adversus
987 2687 1106 2725 rem
1139 2671 1296 2740 publ.
1329 2669 1521 2726 facere
1557 2670 1737 2725 visum
1765 2670 1849 2724 iri.
1922 2670 1991 2726 Ei
2020 2669 2169 2725 SCto
2206 2670 2374 2726 inter-

680 2741 891 2794 cedunt
921 2739 1052 2794 trib.
1086 2739 1166 2810 pl.
1193 2737 1269 2793 Μ.
1295 2737 1580 2793 Antonius
1619 2745 1679 2794 et
1715 2739 1783 2804 Q.
1810 2737 2059 2794 Cassius.
2130 2737 2373 2795 Senatus

681 2808 1038 2876 consulibus,
1076 2807 1465 2877 praetoribus,
1502 2807 1746 2862 tribunis
1780 2809 1859 2886 pl.
1886 2808 2099 2877 iisque,
2136 2807 2236 2876 qui
2270 2822 2373 2874 pro

683 2875 1016 2929 consulibus
1043 2877 1118 2929 ad
1143 2875 1344 2930 urbem
1373 2881 1562 2942 erant,
1600 2881 1891 2945 negotmm
1912 2875 2096 2943 dedit,
2132 2878 2198 2927 ut
2216 2889 2371 2926 cura-

679 2947 834 3009 rent,
872 2957 946 2996 ne
973 2942 1111 3010 quid
1138 2959 1231 2996 res
1256 2944 1491 3012 publica
1513 2943 1835 2996 detrimenti
1855 2947 2101 3010 caperet.
2156 2938 2373 3008 Cicero,

681 3023 809 3062 cum
825 3005 1040 3061 frustra
1061 3011 1250 3062 omnia
1267 3017 1423 3062 esset
1438 3025 1507 3064 ex
1550 3015 1723 3076 crtus,
1794 3025 1901 3062 uae
1922 3009 1995 3061 ad
2016 3006 2375 3062 concordiam

681 3074 1056 3146 pertinerent,
1119 3081 1425 3156 postquam
1517 3090 1710 3144 aesar,
1828 3075 2073 3129 ubicone
2117 3075 2375 3145 πείθοιο,

683 3159 808 3198 com
853 3144 975 3196 lura
1012 3145 1222 3212 oppida
1257 3149 1641 3212 occupaverat
1712 3159 1827 3196 una
1863 3159 1989 3196 cum
2024 3143 2375 3213 consulibus,

683 3211 782 3282 qui
859 3211 1141 3280 ompeium
1168 3211 1575 3282 sequebantur,
1611 3181 1686 3265 ab
1714 3210 1856 3265 urbe
1894 3211 2157 3265 discessit
2182 3217 2242 3266 et
2269 3209 2374 3266 Oa-

721 3295 853 3334 uam
870 3295 1026 3334 oram
1069 3295 1140 3334 ue
1159 3279 1492 3333 maritimam
1508 3295 1545 3332 a
1561 3278 1803 3334 Formiis
1821 3280 2089 3334 tuendam
2108 3296 2273 3334 susce
2315 3279 2375 3334 it.

683 3348 986 3470 Μοιιιρθὲηε
1087 3347 1190 3469 Π.(1
1188 3347 1320 3402 Kal.
1347 3347 1517 3402 Mart.
1534 3345 2291 3472 ῗαηᾶίεἰξωΧνξγιίἰῐίἰῖςΠΑ
2323 3349 2374 3403 d.

682 3422 2002 3566 Parntbqssgsgrrdzdfflgrffigagmziffipx&Piis
2038 3431 2374 3540 navibusqfi

686 3551 985 3608 Graeciam
1031 3553 1256 3606 trailcit.
1329 3549 1543 3607 Caesar
1584 3559 1815 3622 postero
1855 3554 1945 3608 d1e
1984 3553 2255 3624 oppidum
2288 3553 2372 3607 in·

682 3620 2373 3760 {5322}⁸03².53¹233?timi?“uft‘ffflsfifljss’ossguffi

781 3884 807 3924 1
843 3882 1008 3923 Ascon.
1025 3882 1071 3922 ln
1088 3882 1239 3922 lmen.
1259 3893 1303 3932 p.
1325 3883 1378 3922 54
1394 3882 1463 3922 ed.
1486 3881 1600 3922 Bait.
1689 3884 1714 3922 2
1748 3882 1803 3921 ad
1820 3882 1939 3921 Fam.
1958 3879 2055 3921 vn.
2074 3881 2114 3926 2,
2134 3880 2175 3919 2.
2262 3877 2289 3915 8

678 3933 1090 4034 mbiffkzinlrl',
1112 3987 1152 4025 ².
1196 3935 1224 3973 4
1258 3932 1424 3974 aaut.
1444 3933 1498 3974 V.
1526 3935 1566 3980 2,
1596 3935 1635 3974 7.
1667 3935 1729 3980 10.
1760 3935 1822 3974 15.
1938 3934 1963 3972 δ
1999 3931 2053 3969 ad
2069 3930 2189 3970 Fam.
2208 3927 2304 3967 XV.
