2784 4575
519 271 648 338 286
1127 283 1206 339 Μ.
1243 283 1515 341 TULLII
1550 279 1951 339 CICERONIS

412 406 485 460 13
521 391 750 474 dicere.
855 406 1082 473 horum
1135 407 1326 474 aetati
1389 405 1699 473 successit
1746 405 2094 484 Isocrates,
2160 405 2270 492 qui
2330 419 2603 496 praeter

413 1467 472 1507 41

403 2876 466 2915 {2

451 479 764 570 ⁰ceteros
811 501 1098 568 eiusdem
1149 500 1404 590 generis
1456 500 1749 567 laudatur
1803 522 2056 586 semper
2098 523 2138 565 a
2182 502 2399 580 nobis,
2452 527 2599 570 non

517 619 893 682 numquam,
946 595 1177 674 Brute,
1230 596 1457 662 leniter
1499 607 1565 661 et
1599 594 1841 660 erudite
1883 606 2282 682 repugnante
2318 607 2411 676 te3
2468 599 2599 664 sed

514 691 708 759 cedes
741 690 898 756 mihi
949 690 1249 769 fortasse,
1307 691 1382 768 si,
1426 688 1642 774 quid
1622 713 1689 754 ιιι
1734 711 1810 754 eo
1844 688 2127 767 laudem,
2182 693 2593 778 cognoveris,

515 808 667 850 nam
730 805 875 850 cum
937 783 1228 850 concisus
1283 784 1343 850 ei
1396 782 1915 870 Thrasymachus
1978 783 2237 849 minutis
2300 787 2591 852 numeris

516 879 838 945 videretur
888 891 950 945 et
1007 877 1315 965 Gorgias,
1379 878 1492 964 qui
1542 889 1758 942 tamen
1808 875 1998 964 primi
2059 878 2393 944 traduntur
2446 892 2591 946 arte

512 973 793 1058 quadam
838 969 1036 1038 verb‘a
1085 971 1398 1050 vinxisse,
1452 970 1863 1058 Thucydides
1911 981 2123 1038 autem
2166 973 2590 1059 praefractior

513 1087 636 1132 nec
672 1066 856 1145 satis,
907 1077 981 1132 ut
1012 1067 1103 1132 ita
1138 1066 1374 1144 dicam,
1426 1067 1767 1145 rotundus,
1819 1065 2063 1153 primus
2106 1066 2381 1133 instituit
2424 1069 2588 1135 dila-

515 1171 651 1226 tare
683 1161 896 1226 verbis
934 1171 998 1227 et
1031 1161 1423 1227 mollioribus
1466 1161 1747 1227 numeris
1782 1161 2038 1248 explere
2082 1162 2428 1229 sententias
2439 1189 2459 1242 3
2514 1164 2585 1229 in

517 1280 643 1342 quo
679 1278 824 1322 cum
868 1257 1125 1322 doceret
1155 1275 1306 1335 coe,
1361 1256 1472 1341 qui
1512 1255 1746 1343 partim
1777 1256 1847 1321 in
1893 1255 2192 1335 dicendo,
2245 1257 2478 1344 partim
2514 1259 2583 1324 in

517 1350 851 1417 scribendo
893 1351 1210 1437 principes
1257 1351 1664 1429 exstiterunt,
1718 1351 1945 1416 domus
1992 1350 2128 1416 eius
2175 1351 2433 1418 officina
2464 1352 2583 1418 ha-

515 1444 649 1509 bita
682 1444 1078 1529 eloquentiae
1113 1455 1212 1510 est
1220 1471 1239 1523 3
1275 1445 1490 1529 itaque
1524 1456 1597 1511 ut
1632 1467 1784 1532 ego,
1820 1465 1966 1509 cum
2002 1468 2041 1509 a
2074 1455 2293 1511 nostro
2330 1444 2581 1512 Catone

513 1537 849 1616 laudabar,
885 1539 987 1603 vel
1022 1539 1401 1627 reprehendi
1434 1562 1537 1605 me
1574 1563 1614 1604 a
1648 1538 1873 1605 ceteris
1908 1538 2097 1604 facile
2130 1538 2447 1626 patiebar,
2484 1541 2580 1607 sic

514 1633 834 1698 Isocrates
870 1632 1121 1699 videtur
1162 1634 1526 1700 testimonio
1559 1633 1851 1700 Platonis
1898 1632 2165 1699 aliorum
2198 1634 2434 1702 iudicia
2467 1636 2581 1702 de-

514 1727 666 1793 bere
719 1738 1150 1794 contemnere:
1205 1741 1305 1794 est
1357 1728 1555 1806 enim,
1607 1739 1679 1793 ut
1733 1727 1887 1805 scie,
1940 1728 2124 1811 quasi
2173 1727 2243 1793 in
2294 1740 2579 1796 extrema

511 1820 750 1908 pagina
781 1821 1062 1888 Phaedri
1104 1821 1204 1888 his
1239 1822 1397 1908 ipsis
1444 1822 1655 1887 verbis
1700 1823 1967 1905 loquens
2008 1819 2335 1888 Socrates:
2391 1824 2577 1888 ‘adu-

511 1913 762 1980 lescens
787 1914 990 1980 etiam
1023 1937 1219 1994 nunc,
1275 1939 1314 1982 o
1349 1915 1673 1993 Phaedre,
1726 1917 2044 1981 Isocrates
2091 1926 2217 1995 est3
2272 1917 2386 1982 sed
2420 1917 2574 2000 quid

511 2007 594 2073 de
629 2008 739 2073 illo
776 2029 1049 2094 augurer
1083 2007 1240 2077 libet
1273 2009 1523 2075 dicere.’
1613 2008 1797 2094 ‘quid
1832 2009 2154 2074 tandem?’
2206 2009 2405 2092 inquit
2435 2009 2567 2074 ille.

510 2102 974 2167 ‘maioremihi
1005 2103 1260 2188 ingenio
1297 2103 1546 2170 videtur
1574 2126 1739 2182 esse,
1776 2125 1967 2188 quam
2001 2114 2074 2169 ιιι
2106 2125 2245 2168 cum
2268 2101 2573 2168 orationi—

512 2195 632 2259 bus
667 2194 911 2280 Lysiae
929 2208 1372 2308 ’comparetur3
1424 2209 1754 2286 praeterea
1798 2197 1881 2294 ad
1914 2198 2208 2263 virtutem
2238 2195 2440 2262 maior
2473 2196 2577 2262 in-

507 2289 720 2367 doles3
755 2300 830 2355 ιιι
859 2290 1118 2357 minime
1153 2291 1383 2358 mirum
1417 2294 1703 2358 futurum
1738 2292 1847 2370 sit,
1887 2292 1969 2371 si,
2008 2313 2154 2358 cum
2190 2302 2393 2359 aetate
2425 2315 2577 2379 pro-

510 2382 802 2461 cesserit,
858 2395 968 2449 aut
1001 2385 1068 2451 in
1102 2385 1226 2453 hoc
1261 2387 1617 2453 orationum
1661 2408 1925 2473 genere,
1980 2386 2085 2451 cui
2124 2406 2297 2451 nunc
2341 2386 2575 2463 studet,

507 2487 756 2541 tantum
807 2488 1111 2565 quantum
1160 2481 1409 2567 pueris,
1460 2480 1721 2565 reliquis
1771 2491 2054 2567 praestet
2098 2480 2412 2557 omnibus,
2465 2478 2577 2563 qui

509 2592 811 2655 umquam
847 2572 1162 2639 orationes
1210 2576 1583 2662 attigerunt3
1639 2585 1776 2653 aut,
1832 2574 1888 2639 si
1932 2583 2265 2640 contentus
2311 2572 2411 2639 his
2442 2596 2579 2639 non

510 2664 730 2744 fuerit,
795 2666 1010 2733 divino
1075 2668 1287 2753 aliquo
1351 2669 1546 2734 animi
1606 2679 1785 2734 motu
1836 2667 2079 2733 maiora
2138 2668 2546 2755 concuplscat
2554 2690 2573 2745 3

507 2759 677 2825 inest
709 2762 879 2826 enim
912 2774 1140 2828 natura
1190 2763 1595 2850 philosophia
1628 2763 1696 2829 in
1731 2762 1919 2828 huius
1965 2761 2087 2827 viri
2127 2773 2341 2827 mente
2382 2783 2577 2845 quae-

513 2853 679 2920 dam.
682 2854 700 2883 ’
788 2855 948 2922 haec
992 2857 1072 2923 de
1127 2856 1533 2923 adulescente
1582 2854 1880 2923 Socrates
1934 2866 2298 2942 auguratur.
2388 2865 2454 2919 at
2497 2877 2579 2919 ea

510 2946 590 3012 de
647 2948 893 3015 seniore
957 2951 1176 3016 scribit
1224 2951 1414 3017 Plato
1469 2962 1535 3016 et
1586 2950 1804 3016 scribit
1864 2949 2145 3033 aequalis
2200 2958 2265 3014 et
2318 2948 2579 3033 quidem

509 3042 865 3129 exagitator
915 3045 1198 3111 omnium
1259 3045 1585 3111 rhetorum
1635 3044 1805 3108 hunc
1855 3042 2119 3106 miratur
2177 3062 2407 3105 ιιιιιιιιι.
2466 3064 2581 3107 me

509 3146 748 3214 autem,
821 3138 929 3222 qui
971 3140 1322 3204 Isocratem
1374 3162 1505 3203 non
1558 3136 1854 3221 diligunt,
1917 3154 2047 3196 una
2098 3154 2245 3195 cum
2298 3128 2577 3199 Socrate

509 3238 576 3293 et
626 3250 770 3295 cum
819 3231 1092 3297 Platone
1144 3254 1355 3297 errare
1407 3229 1744 3316 patiantur.
1850 3225 2035 3290 dulce
2089 3224 2284 3311 igitur
2334 3223 2581 3291 oratio-

503 3322 606 3389 nis
643 3346 846 3411 genus
883 3335 948 3390 et
1001 3324 1275 3389 solutum
1310 3335 1374 3389 et
1406 3323 1639 3398 fluens,
1694 3317 2021 3386 sententiis
2060 3328 2372 3407 argutum,
2428 3338 2577 3385 ver-

505 3418 605 3485 bis
661 3442 895 3485 sonans
940 3430 1039 3484 est
1086 3418 1154 3482 in
1203 3418 1313 3484 illo
1365 3415 1698 3505 epidictico
1744 3436 2006 3503 genere,
2068 3412 2242 3499 quod
2294 3410 2571 3479 diximus

506 3514 834 3601 proprium
893 3512 1351 3601 sophistarum,
1423 3535 1696 3600 pompae
1767 3532 1961 3596 quam
2018 3530 2275 3597 pugnae
2336 3506 2571 3594 aptius,

507 3608 858 3695 gymnasiis
889 3619 954 3675 et
977 3608 1334 3696 palaestrae
1363 3608 1660 3687 dicatum,
1698 3616 1983 3693 spretum
2018 3615 2085 3668 et
2106 3603 2363 3690 pulsum
2396 3601 2572 3668 foro.

510 3701 627 3768 sed
677 3704 851 3788 quod
901 3704 1170 3769 educata
1221 3703 1410 3769 huius
1463 3700 1863 3767 nutrimentis
1910 3697 2270 3782 eloquentia
2310 3694 2454 3783 ipsa
2496 3717 2573 3761 se

506 3806 733 3883 postea
785 3795 1025 3862 colorat
1076 3808 1141 3862 et
1188 3798 1476 3874 roborat,
1536 3818 1668 3861 non
1728 3793 2004 3859 alienum
2054 3790 2177 3855 fuit
2228 3789 2308 3854 de
2360 3798 2574 3855 orato-

505 3888 596 3953 ris
651 3887 837 3973 quasi
884 3889 1283 3956 incunabulis
1338 3890 1567 3955 dicere.
1657 3910 1879 3953 verum
1927 3885 2086 3950 haec
2135 3882 2430 3948 ludorum
2474 3892 2577 3947 at-

511 4000 634 4061 que
677 4004 980 4085 pompae3
1034 4006 1154 4049 nos
1199 3992 1413 4048 autem
1456 3981 1586 4047 iam
1620 3982 1688 4069 in
1722 3979 1923 4046 aciem
1972 3976 2575 4061 dimicationemque

511 4090 864 4137 vcmamUS.

2732 3640 2735 3734 l

2730 3984 2732 4100 Ψ
