2784 4575
811 257 916 314 DE
951 256 1441 316 INVENTIONE
1478 236 1524 313 1.
1558 249 1801 315 26-2‘8.
2212 250 2337 316 119

283 391 725 468 argumentum
760 391 860 447 est
891 379 1042 445 ficta
1073 403 1197 459 res,
1236 402 1399 465 quae
1438 391 1653 448 tamen
1684 382 1821 448 fleri
1852 385 2077 470 potuit.
2148 386 2337 462 huius

279 477 454 542 modi
489 475 660 563 apud
693 475 1504 541 Terentium..

451 592 602 636 nam
634 568 690 634 is
725 579 1066 654 postquam
1093 568 1374 634 excessit
1408 593 1489 636 ex
1523 569 1807 657 ephebis,
1847 569 2197 660 [Sosia]...

279 663 390 728 illa
423 673 635 730 autem
667 663 975 741 narratio,
1013 683 1174 747 quae
1211 674 1503 728 versatur
1535 661 1605 728 in
1636 665 1955 750 personis,
1992 665 2129 732 eius
2164 667 2338 733 modi

281 766 396 837 est,
432 768 504 823 ut
535 756 604 822 in
637 779 716 824 ea
751 755 940 822 simul
975 777 1120 822 cum
1153 757 1397 824 rebus
1377 756 1535 844 ipsis
1571 780 1986 844 personarum
2012 782 2337 827 sermones

279 862 344 917 et
377 851 572 918 animi
605 849 882 938 perspici
914 851 1194 937 possint,
1231 850 1354 916 hoc
1386 851 1608 916 modo:

449 945 625 1012 venit
659 945 741 1010 ad
775 967 877 1010 me
915 967 1106 1031 saepe
1143 944 1453 1011 clamans:
1492 945 1644 1029 quid
1680 946 1845 1032 agis,
1883 945 2123 1012 Micio?

451 1061 564 1104 eur
596 1038 810 1124 perdis
849 1037 1320 1104 adulescentem
1352 1040 1577 1105 nobis?
1613 1061 1725 1104 cur
1760 1041 1968 1105 amat?

449 1153 562 1197 cur
594 1133 812 1218 potat?
845 1153 958 1196 cur
994 1143 1064 1198 tu
1098 1131 1201 1198 his
1233 1133 1426 1198 rebus
1464 1143 1787 1220 sumptum
1824 1134 2157 1221 suggeris?

450 1225 684 1292 vestitu
719 1225 914 1291 nimio
949 1225 1273 1313 indulges,
1309 1225 1577 1292 nimium
1608 1227 1863 1314 ineptus
1900 1250 1991 1294 es·

447 1320 712 1384 nimium
738 1319 877 1407 ipse
907 1332 1006 1385 est
1031 1321 1226 1386 durus
1253 1330 1505 1406 praeter.
1530 1341 1927 1406 aequumque
1952 1332 2017 1387 et
2042 1323 2299 1390 bonum.

277 1411 402 1479 hoe
441 1413 512 1478 in
553 1437 788 1500 genere
837 1414 1214 1479 narrationis
1267 1414 1469 1478 multa
1520 1415 1712 1480 debet
1759 1414 1971 1481 inesse
2022 1416 2335 1484 festivitas

278 1506 570 1572 confecta
621 1529 702 1572 ex
751 1529 964 1572 rerum
1014 1507 1346 1585 varietate,
1405 1508 1757 1573 animorum
1808 1509 2336 1590 dissimilitudine,

277 1599 622 1686 gravitate,
657 1599 944 1678 levitate,
983 1623 1128 1686 spe,
1163 1610 1364 1678 metu,
1412 1600 1790 1688 suspitione,
1826 1602 2170 1682 desiderio,
2208 1605 2335 1670 dis-

279 1693 701 1773 simulatione,
741 1716 970 1772 errore,
1006 1693 1463 1772 misericordia,
1500 1696 1792 1762 fortunae
1826 1697 2333 1776 commutatione,

275 1788 598 1874 insperato
641 1787 1073 1866 incommodo,
1133 1787 1344 1854 subita
1377 1787 1644 1867 laetitia,
1699 1787 1973 1856 iucundo
2018 1789 2193 1856 exitu
2237 1814 2337 1862 re-

273 1905 436 1948 rum.
543 1905 764 1950 verum
817 1883 980 1950 haec
1031 1904 1113 1948 ex
1166 1881 1287 1961 eis,
1349 1903 1513 1967 quae
1564 1893 1791 1969 postea
1844 1882 1924 1948 de
1984 1881 2335 1962 elocutione

273 1976 768 2064 praecipientur,
806 1987 1178 2044 ornamenta
1213 1987 1560 2044 sumentur.

393 2073 458 2140 N
459 2093 582 2138 unc
626 2072 718 2138 de·
749 2072 1108 2140 narratione
1155 2095 1258 2151 ea,
1315 2094 1477 2158 quae
1522 2093 1753 2140 causae
1808 2073 2086 2140 continet
2138 2097 2333 2162 expo-
2376 2103 2429 2142 ss

277 2165 599 2244 sitionem,
645 2165 983 2234 dicendum
1017 2167 1286 2234 videtur.
1376 2176 1627 2254 oportet
1666 2167 1859 2254 igitur
1893 2190 2036 2234 eam
2070 2169 2183 2234 tris
2220 2169 2333 2234 ha-
2367 2183 2437 2237 20

275 2257 427 2325 bere
459 2281 594 2327 res:
646 2269 720 2325 ut
751 2260 992 2340 brevis,
1037 2271 1110 2327 ut
1145 2272 1392 2349 aperta,
1436 2271 1509 2329 ut
1540 2259 1885 2347 probabilis
1932 2262 2033 2329 sit.
2120 2262 2332 2329 brevis

277 2352 422 2431 erit,
471 2353 554 2431 si,
581 2354 775 2420 -unde
807 2376 1074 2421 necesse
1119 2366 1244 2433 est,
1297 2355 1447 2420 inde
1490 2354 1739 2420 initium
1782 2367 2065 2421 sumetur
2101 2368 2166 2421 et
2204 2380 2336 2423 non

275 2447 358 2513 ab
390 2446 614 2513 ultimo
655 2458 1004 2535 repetetur,
1059 2459 1125 2513 et
1169 2450 1252 2525 si,
1306 2447 1487 2513 cuius
1537 2448 1631 2513 rei
1677 2448 1831 2515 satis
1868 2450 1987 2514 erit
2022 2471 2335 2515 summam

262 2540 546 2619 dixisse,
580 2552 794 2627 partes
831 2542 969 2607 eius
1003 2563 1132 2606 non
1170 2542 1457 2607 dicentur
1488 2576 1581 2589 —-
1609 2564 1761 2606 nam
1794 2564 1985 2627 saepe
2024 2542 2178 2607 satis
2215 2556 2331 2622 est,

275 2633 430 2718 quid
463 2634 704 2697 factum
739 2634 848 2711 sit,
905 2633 1142 2711 dicere,
1191 2644 1266 2699 ut
1298 2656 1380 2697 ne
1424 2656 1673 2711 narres,
1724 2654 1913 2717 quem
1950 2636 2032 2699 ad
2074 2636 2335 2701 modum

277 2728 361 2793 sit
393 2726 635 2791 fantum
665 2761 781 2804 —--,
836 2737 902 2791 et
935 2726 991 2790 si
1023 2749 1154 2791 non
1187 2726 1471 2813 longius,
1529 2748 1719 2810 quam
1753 2728 1963 2812 quoad
2006 2750 2169 2814 opus
2214 2742 2331 2809 est,

274 2821 344 2887 in
376 2818 690 2887 narrando
722 2820 1127 2906 procedetur,
1165 2830 1231 2887 et
1264 2820 1320 2885 si
1351 2819 1593 2885 nullam
1633 2819 1702 2883 in
1733 2840 1869 2885 rem
1906 2820 2093 2886 aliam
2128 2833 2335 2891 trans-

276 2914 469 2980 ibitur
475 2940 496 2993 3
554 2924 618 2979 et
669 2913 724 2981 si
767 2914 858 2979 ita
911 2914 1180 2993 dicetur,
1234 2924 1308 2979 ut
1340 2936 1471 2979 non
1505 2936 1848 2998 numquam
1884 2936 1967 2979 ex
2003 2938 2109 2995 eo,
2162 2918 2335 3001 quod

277 3008 512 3075 dictum
547 3018 673 3087 est,
717 3007 816 3086 id,
863 3008 1034 3093 quod
1075 3030 1207 3074 non
1241 3018 1340 3073 est
1383 3006 1650 3085 dictum,
1696 3005 2123 3095 intellegatur3
2179 3020 2243 3075 et
2280 3012 2335 3077 si

274 3127 404 3170 non
455 3102 646 3170 modo
698 3102 792 3180 id,
847 3102 1020 3187 quod
1069 3102 1283 3180 obest,
1337 3124 1559 3168 verum
1614 3100 1803 3166 etiam
1854 3101 1947 3181 id,
2002 3104 2173 3187 quod
2214 3126 2333 3169 nec

276 3200 462 3264 obest
493 3219 614 3263 nec
649 3195 933 3275 adiuvat,
979 3195 1452 3282 praeteribitur3
1499 3206 1565 3260 et-
1598 3196 1655 3261 si
1689 3196 1885 3261 semel
1916 3220 2114 3263 unum
2151 3199 2333 3283 quid-

277 3315 402 3375 que
446 3292 716 3369 dicetur3
771 3301 836 3357 et
881 3291 936 3355 si
979 3314 1110 3358 non
1155 3292 1236 3357 ab
1282 3314 1386 3370 eo,
1440 3290 1508 3355 in
1553 3312 1677 3374 quo
1720 3291 2005 3382 proxime
2059 3292 2334 3359 desitum

278 3384 426 3461 erit,
480 3384 778 3471 deinceps
831 3384 1182 3471 incipietur.
1275 3406 1349 3451 ac
1403 3384 1635 3451 multos
1688 3383 1951 3451 imitatio
2002 3386 2330 3453 brevitatis

280 3475 540 3563 decipit,
595 3487 669 3541 ut
711 3498 858 3543 cum
902 3500 972 3543 se
1013 3479 1226 3545 brevis
1268 3490 1505 3567 *putent
1555 3501 1728 3557 esse,
1777 3480 2133 3567 longissimi
2187 3480 2330 3559 sint,

279 3592 426 3637 cum
470 3570 623 3635 dent
673 3593 960 3657 operam,
1012 3583 1086 3637 ut
1133 3595 1242 3638 res
1282 3572 1515 3639 multas
1567 3573 1746 3639 brevi
1799 3574 2038 3650 dicant,
2091 3595 2221 3639 non
2260 3585 2333 3638 ut

278 3664 536 3732 omnino
580 3686 818 3752 paucas
862 3687 968 3730 res
1015 3665 1228 3731 dicant
1279 3676 1345 3733 et
1365 3689 1515 3747 *non
1555 3666 1753 3754 pluris
1768 3714 1788 3746 ‚
1835 3678 2025 3750 quam
2066 3669 2333 3731 necesse

277 3760 397 3827 sitz
469 3782 620 3825 nam
653 3757 973 3845 plerisque
1005 3758 1282 3825 breviter
1325 3760 1576 3826 videtur
1618 3761 1853 3838 dicere,
1898 3759 2007 3843 qui
2048 3758 2137 3823 ita
2181 3757 2332 3824 dicit

280 3854 554 3920 ‘accessi
606 3854 690 3920 ad
725 3854 930 3933 aedis,
981 3878 1250 3941 puerum
1300 3853 1590 3933 evocavi,
1640 3852 1992 3940 respondit,
2048 3854 2333 3937 quaesivi

282 3947 634 4029 dominum,
690 3948 862 4015 domi
895 3948 1156 4035 negavit
1189 3948 1374 4015 esse?
1463 3947 1593 4026 hie,
1638 3947 1891 4012 tametsi
1923 3958 2018 4013 tot
2048 3968 2152 4012 res
2187 3948 2333 4013 bre·
2382 3972 2387 3977 ·

283 4041 420 4107 vius
472 4067 599 4109 non
651 4043 860 4131 potuit
917 4043 1154 4124 dicere,
1208 4054 1453 4122 tamen,
1508 4042 1657 4127 quia
1698 4040 1852 4108 satis
1896 4041 2018 4107 fuit
2061 4042 2329 4109 dixisse:
2390 4108 2393 4111 ,
