2784 4575
442 247 576 317 222
707 339 714 346 ἱ
1064 259 1142 315 M.
1180 259 1454 318 TULLn
1490 256 1892 316 clcsnoms
2738 253 2784 277 ’-

443 385 591 450 nius
645 381 1040 462 consulares,
1094 406 1314 449 eorum
1367 383 1667 448 adhibere
1718 391 2013 447 neutrum
2063 379 2291 446 voluit:
2354 379 2510 450 dixit

442 478 588 565 ipse
621 499 738 564 pro
776 497 918 542 sese
953 487 1020 541 et
1048 498 1259 562 pauca
1295 475 1374 544 C.
1414 468 1628 556 Cotta,
1664 475 1836 560 quod
1872 472 2106 540 sororis
2142 485 2281 540 erat
2312 473 2507 555 filius3

442 583 514 638 et
545 570 604 636 is
639 569 898 655 quidem
932 581 1144 637 tamen
1164 581 1252 636 ut
1282 581 1523 650 orator,
1576 591 1961 654 quamquam
1996 579 2134 634 erat
2166 568 2514 638 admodum

445 664 855 742 adulescens,
909 664 1027 730 sed
1061 663 1146 747 Q.
1180 664 1441 730 Mucius
1494 664 1821 731 enucleate
1862 663 1971 733 illc
2005 661 2263 747 quidem
2298 673 2365 729 et
2397 685 2517 749 po·

445 759 585 838 lite,
637 772 712 826 ut
761 758 1035 838 solebat,
1096 780 1523 846 nequaquam·
1552 769 1767 826 autem
1816 780 1897 824 ea
1946 757 2013 823 vi
2063 767 2253 842 atque
2304 757 2511 844 copia,

449 875 641 939 quam
674 876 878 940 genus
913 853 1070 918 illud
1101 852 1318 920 iudicii
1352 864 1419 920 et
1450 853 1821 940 magnitudo
1857 871 2089 920 causae
2123 850 2510 938 postulabat.

331 973 416 1016 us
448 946 759 1014 habemus
801 947 996 1036 igitur
1027 948 1094 1012 in
1131 945 1366 1014 Stoicis
1414 948 1769 1016 oratoribus
1802 947 2144 1024 Rutilium,
2193 944 2507 1012 Scaurum
2750 955 2784 1004 ε

445 1039 513 1108 in
573 1041 878 1126 antiquis:
941 1052 1278 1128 utrumque
1337 1053 1553 1109 tamen
1614 1042 1974 1120 laudemus,
2035 1039 2338 1124 quoniam
2390 1063 2510 1126 per

447 1136 592 1203 illos
645 1160 726 1203 ne
787 1137 948 1204 haec
1007 1137 1265 1222 quidem
1313 1137 1382 1202 in
1444 1138 1697 1204 civitate
1758 1158 1997 1224 genera
2053 1135 2176 1202 hac
2234 1133 2514 1201 oratoria

377 1307 385 1330 ἱ
447 1231 634 1296 laude
688 1241 1050 1310 caruerunt3
1111 1231 1259 1298 volo
1312 1231 1483 1297 enim
1531 1243 1605 1297 ut
1655 1231 1723 1296 in
1774 1251 1994 1308 scena,
2056 1229 2151 1294 sic
2200 1227 2393 1294 etiam
2438 1227 2515 1293 in

446 1324 586 1389 foro
638 1347 768 1390 non
820 1347 931 1391 eos
989 1325 1182 1392 modo
1241 1325 1517 1404 laudari,
1578 1325 1689 1410 qui
1748 1324 1938 1390 celeri
1996 1333 2175 1390 motu
2226 1333 2290 1388 et
2338 1321 2513 1387 diffi-

446 1417 550 1481 cili
609 1428 894 1496 utantur,
958 1419 1076 1484 sed
1126 1441 1238 1484 eos
1304 1419 1526 1498 etiam,
1588 1439 1749 1503 quos
1803 1417 2099 1484 statarios
2162 1416 2505 1505 appellant,

447 1533 714 1595 quorum
774 1511 858 1578 sit
915 1511 1028 1578 illa
1088 1513 1360 1602 simplex
1416 1513 1485 1580 in
1548 1513 1795 1600 agendo
1856 1512 2122 1591 veritas,
2178 1534 2311 1578 non
2370 1533 2507 1578 mo-

447 1606 628 1672 lesta.

335 1693 408 1746 31
563 1701 652 1766 Et
697 1700 997 1786 quoniam
1042 1699 1405 1770 Stoicorum
1458 1714 1557 1770 est
1606 1703 1778 1769 facta
1824 1701 2091 1780 mentio,
2145 1699 2233 1784 Q.
2275 1701 2503 1768 Aelius

327 1766 410 1806 ω
447 1793 706 1860 Tubero
741 1795 864 1860 fuit
896 1795 1007 1863 illo
1043 1807 1354 1883 tempore,
1410 1797 1495 1864 L.
1529 1797 1741 1863 Paulli
1776 1819 2007 1883 nepos,
2051 1795 2230 1861 nullo
2262 1795 2330 1860 in
2364 1817 2507 1862 ora-

443 1899 653 1953 torum
703 1913 996 1968 numero,
1051 1891 1166 1956 sed
1217 1891 1351 1956 vita
1403 1914 1663 1958 severus
1706 1902 1772 1957 et
1821 1912 2179 1978 congruens
2232 1911 2375 1954 cum
2426 1911 2506 1956 ea

444 1982 805 2069 disciplina,
859 2003 1054 2066 quam
1098 1984 1375 2062 colebat3
1426 1987 1620 2071 paulo
1672 1985 1865 2051 etiam
1916 1984 2157 2064 durior3
2209 1983 2317 2068 qui
2360 1983 2503 2067 qui-

445 2076 592 2140 dem
622 2074 691 2139 in
726 2074 1047 2140 tribunatu
1087 2076 1465 2144 iudicaverit
1505 2089 1724 2145 contra
1755 2079 1837 2145 P.
1872 2077 2163 2144 Africani
2206 2077 2503 2144 avunculi

443 2167 542 2231 sui
585 2167 1014 2234 testimonium
1047 2171 1443 2237 vacationem
1490 2195 1786 2261 augures,
1832 2195 1958 2258 quo
2002 2173 2209 2240 minus
2248 2171 2499 2238 iudiciis

435 2277 708 2346 operam·
724 2261 965 2341 darent,
1001 2287 1132 2331 non
1165 2264 1429 2345 habere3
1467 2277 1533 2333 et
1564 2279 1637 2333 nt
1669 2268 1804 2334 vita
1838 2268 1931 2334 sic
1965 2267 2245 2336 oratione
2282 2266 2499 2346 durus,

438 2352 740 2433 incultus,
778 2354 1071 2424 horridus
1082 2384 1101 2439 3
1137 2360 1351 2443 itaque
1386 2361 1733 2429 honoribus
1770 2362 2081 2429 maiorum
2113 2361 2499 2449 respondere

437 2468 567 2511 non
618 2448 846 2534 potuit.
951 2452 1074 2519 fuit
1123 2465 1337 2520 autem
1399 2468 1699 2523 constans
1754 2456 1911 2523 civis
1963 2468 2028 2523 et
2080 2456 2265 2523 fortis
2318 2466 2383 2521 et
2430 2455 2499 2521 in

438 2540 657 2629 primis
705 2542 998 2615 Graccho
1049 2549 1385 2629 molestus,
1431 2552 1604 2636 quod
1646 2552 1887 2617 indicat
1932 2548 2212 2618 Gracchi
2250 2550 2319 2617 in
2350 2572 2500 2615 eum

439 2635 668 2716 oratio,
732 2638 898 2704 sicut
949 2641 1139 2707 etiam
1189 2644 1258 2709 in
1312 2642 1677 2712 Gracchum
1728 2644 2129 2713 Tuberonis!
2241 2643 2325 2732 [is
2378 2643 2501 2709 fuit

324 2742 404 2783 118
438 2730 772 2798 mediocris
817 2733 886 2799 in
929 2735 1225 2815 dicendo,
1279 2739 1686 2808 doctissimus
1727 2740 1796 2807 in
1841 2738 2277 2829 disputando]
2366 2751 2502 2807 tum

435 2821 708 2890 Brutus:
764 2832 986 2912 ‘quam
1029 2831 1151 2897 hoc
1190 2832 1364 2899 idem
1397 2834 1466 2899 in
1500 2834 1734 2901 nostris
1786 2836 2155 2922 contingere
2198 2834 2499 2922 intellego

438 2916 611 2997 quod
653 2918 720 2983 in
758 2919 1053 3002 Graecis,
1105 2936 1177 2989 ut
1219 2948 1441 2993 omnes
1487 2928 1622 2995 fere
1658 2926 1861 2993 Stoici
1909 2928 2391 3015 prudentissimi
2431 2930 2500 2994 in

440 3008 810 3080 disserendo
847 3016 974 3081 sint
1007 3028 1072 3082 et
1103 3017 1172 3082 id
1206 3030 1342 3085 arte
1376 3020 1615 3085 faciant
1649 3021 1899 3104 sintque
1935 3022 2258 3087 architecti
2288 3046 2498 3107 paene

435 3106 802 3186 verborum,
849 3110 1056 3175 eidem
1101 3112 1369 3177 traducti
1406 3137 1447 3178 a
1480 3112 1861 3199 disputando
1898 3113 1981 3178 ad
2023 3113 2363 3180 dicendum
2394 3115 2510 3183 in--

437 3220 591 3285 opes
633 3202 1054 3288 reperiantur:
1106 3227 1304 3269 unum
1357 3206 1605 3293 excipio
1659 3204 2003 3286 Catonem,
2054 3205 2125 3271 in
2175 3228 2304 3292 quo
2346 3202 2496 3295 per-

435 3289 783 3360 fectissimo
829 3292 1049 3364 Stoico
1103 3320 1414 3365 summam
1464 3299 1890 3384 eloquentiam
1932 3324 2062 3368 non
2114 3300 2494 3383 desiderem,

434 3407 627 3468 quam
662 3388 954 3474 exiguam
990 3390 1058 3456 in
1081 3392 1351 3473 Fannio,
1385 3417 1469 3461 ne
1502 3394 1571 3461 in
1602 3394 1844 3462 Rutilio
1881 3396 2137 3481 quidem
2170 3420 2492 3483 magnam,
2722 3404 2773 3473 ..ί

319 3501 402 3543 m
434 3477 502 3543 in
537 3480 875 3548 Tuberone
909 3483 1148 3550 nullam
1183 3486 1370 3555 video
1404 3488 1646 3555 fuisse!
1734 3499 1799 3555 et
1832 3512 1955 3577 ego
1992 3490 2197 3569 ‘non,'
2235 3486 2492 3577 inquam
2768 3490 2770 3501 '

437 3572 694 3653 ‘Brute,
732 3576 868 3643 sine
905 3598 1125 3658 causa,
1161 3592 1501 3669 propterea
1534 3584 1707 3669 quod
1739 3584 2008 3651 istorum
2042 3585 2109 3651 in
2145 3584 2490 3653 dialecticis
2586 3646 2591 3651 .

433 3666 639 3733 omnis
685 3689 840 3737 cura
883 3674 1298 3753 consumitur,
1351 3698 1592 3763 vagum
1632 3678 1791 3744 illud
1833 3679 2134 3746 orationis
2170 3689 2237 3745 et
2275 3678 2488 3745 fusum

431 3772 497 3827 et
529 3760 863 3849 multiplex
895 3789 1024 3833 non
1059 3768 1388 3835 adhibetur
1424 3793 1657 3857 genus3
1695 3781 1840 3837 tuus
1878 3784 2089 3839 autem
2117 3773 2489 3851 avunculuS,
2763 3796 2768 3828 >³

423 3875 624 3938 quem
657 3857 741 3921 ad
781 3860 1044 3926 modum
1085 3862 1240 3941 scis,
1295 3862 1489 3930 habet
1522 3888 1563 3931 a
1596 3862 1831 3931 Stoicis
1873 3866 1966 3945 id,
2020 3867 2193 3950 quod
2237 3866 2319 3933 ab
2362 3866 2487 3933 illis
2764 3878 2766 3883 ’

430 3950 782 4027 petendum
839 3952 988 4019 fuit:
1053 3956 1168 4021 sed
1227 3957 1437 4024 dicere
1498 3958 1715 4024 didicit
1762 3982 1805 4025 a
1854 3959 2104 4027 dicendi
2163 3960 2485 4047 magistris

425 4053 774 4119 corumque
808 4065 984 4109 more
1019 4068 1090 4113 se
1117 4051 1415 4116 exercuit.
1503 4051 1733 4136 quodsi
1767 4052 1981 4119 omnia
2014 4076 2054 4119 a
2086 4052 2486 4141 philosophis

2716 4257 2763 4399 .ῑρ
