2784 4575
855 280 959 335 DE
996 276 1363 335 ORATORE
1397 278 1478 335 11.
1527 279 1828 333 323-331.
2243 268 2370 333 133

490 404 778 479 effertur,
812 401 1007 479 imus,
1048 402 1129 466 ad
1165 400 1525 489 sepulcrum
1559 398 1868 479 venimus,

484 496 552 561 in
584 496 803 583 ignem
833 495 1133 581 imposita
1167 506 1285 572 est,

318 586 511 676 [sere]
552 590 773 655 decem
806 588 1135 654 versiculis
1172 598 1376 653 totum
1411 587 1719 654 conficere
1756 586 2098 673 potuisset3
2151 608 2372 671 quam-

312 706 503 768 quam
528 683 651 748 hoc
682 683 896 769 ipsum
932 682 1239 760 ‘effertur,
1275 681 1484 760 imus,'
1523 680 1844 747 concisum
1874 691 1973 747 est
2003 681 2112 759 ita,
2149 691 2221 745 ut
2245 704 2374 746 non

311 775 606 843 brevitati
661 776 965 841 servitum
1010 775 1119 853 sit,
1176 775 1290 841 sed
1323 776 1530 863 magis
1581 775 1919 841 venustati.
2014 774 2242 859 quodsi
2277 774 2373 839 ni-
2405 804 2488 844 388

312 871 403 937 hil
444 870 702 948 fiiisset,
758 870 883 935 nisi
920 869 1015 935 ‘in
1048 870 1264 956 ignem
1302 870 1602 957 imposita
1643 869 1790 948 est,’
1851 880 2064 935 tamen
2097 892 2202 937 res
2239 880 2374 935 tota

312 965 615 1053 cognosci
650 965 837 1031 facile
870 965 1203 1051 potuisset.
1302 966 1420 1031 sed
1455 976 1521 1031 et
1553 964 1962 1031 festivitatem
2001 964 2197 1031 habet
2227 988 2376 1029 nar-

308 1058 471 1123 ratio
508 1057 807 1123 distincta
835 1058 1127 1144 personis
1163 1068 1227 1123 et
1269 1058 1672 1145 interpuncta
1705 1057 2133 1137 sermonibus,
2179 1071 2244 1123 et
2277 1069 2378 1123 est

311 1161 379 1217 et
409 1150 833 1237 probabilius,
891 1152 1062 1234 quod
1113 1163 1366 1238 gestum
1412 1174 1556 1218 esse
1610 1153 1815 1230 dicas,
1869 1173 2015 1217 cum
2067 1172 2257 1237 quem
2291 1152 2376 1217 ad

310 1244 570 1309 modum
624 1254 835 1309 actum
891 1244 974 1309 sit
1026 1267 1339 1331 exponas,
1409 1256 1475 1311 et
1525 1246 1726 1311 multo
1799 1246 2076 1333 apertius
2141 1245 2226 1310 ad
2275 1245 2374 1309 in-

309 1336 741 1423 tellegendum
800 1348 929 1415 est,
984 1338 1040 1402 si
1083 1338 1482 1403 constituitur
1552 1339 1888 1423 aliquando
1943 1361 2018 1404 ac
2076 1362 2208 1405 non
2248 1338 2374 1404 ista

310 1432 617 1497 brevitate
668 1431 1069 1518 percurritur.
1181 1444 1465 1519 apertam
1537 1432 1707 1497 enim
1765 1434 2189 1499 narrationem
2239 1442 2372 1497 tam
2405 1459 2484 1500 329

310 1546 455 1591 esse
489 1535 739 1612 oportet
782 1547 972 1609 quam
1016 1536 1251 1603 cetera;
1308 1527 1426 1591 sed
1458 1526 1580 1591 hoc
1613 1526 1819 1613 magis
1870 1528 1938 1591 in
1988 1526 2110 1593 hac
2161 1526 2374 1592 elabo-

308 1616 580 1683 randum
640 1628 764 1697 est,
844 1619 1016 1701 quod
1075 1630 1141 1685 et
1192 1618 1510 1685 difficilius
1575 1630 1674 1685 est
1733 1642 1862 1685 non
1931 1642 2074 1685 esse
2145 1620 2374 1686 obscu-

308 1733 452 1776 rum
501 1710 570 1777 in
619 1732 691 1777 re
742 1713 1059 1778 narranda
1110 1735 1299 1797 quam
1350 1723 1461 1777 aut
1517 1713 1587 1778 in
1638 1712 1945 1800 principio
1999 1723 2108 1779 aut
2155 1713 2224 1777 in
2275 1735 2376 1777 ar·-

309 1804 563 1891 guendo
616 1815 727 1870 aut
772 1806 1107 1892 purgando
1160 1817 1269 1872 aut
1315 1808 1700 1894 perorand03
1763 1817 1830 1873 et
1885 1806 2124 1873 maiore
2185 1806 2374 1871 etiam

308 1897 591 1985 periculo
635 1898 796 1964 haec
845 1922 995 1985 pars
1050 1900 1350 1966 orationis
1397 1902 1670 1967 obscura
1713 1911 1813 1966 est
1863 1923 2052 1985 quam
2106 1910 2370 1977 ceterae,

312 1992 416 2057 vel
452 1992 627 2075 quia,
682 1992 739 2057 si
776 2014 901 2076 quo
938 1994 1062 2059 alio
1095 1994 1165 2058 in
1194 1994 1339 2060 loco
1375 2006 1477 2059 est
1529 1995 1768 2059 dictum
1814 1995 1969 2079 quid
2019 1993 2370 2070 obscurius,

309 2096 555 2151 tantum
587 2086 657 2150 id
688 2086 880 2173 perit,
937 2088 1109 2171 quod
1159 2088 1251 2153 ita
1302 2088 1542 2154 dictum
1588 2100 1718 2165 est,
1770 2088 2046 2153 narratio
2098 2088 2372 2153 obscura

310 2192 509 2247 totam
543 2194 840 2249 occaecat
874 2184 1251 2263 orationem3
1298 2184 1402 2249 vel
1437 2185 1608 2267 quod
1643 2184 1768 2249 alia
1799 2182 2040 2271 possis,
2079 2181 2280 2253 semel
2302 2182 2371 2245 si

310 2274 639 2342 obscurius
694 2276 959 2367 dixeris,
1015 2278 1225 2345 dicere
1279 2278 1404 2345 alio
1454 2279 1599 2346 loco
1650 2279 1935 2366 planius,
1993 2275 2370 2344 narrationis

312 2393 475 2436 unus
512 2380 611 2436 est
643 2371 712 2436 in
744 2393 941 2438 causa
983 2374 1183 2440 locus.
1270 2374 1391 2440 erit
1439 2385 1651 2440 autem
1701 2375 2041 2461 perspicua
2072 2372 2369 2447 narratio,

312 2464 369 2530 si
419 2464 631 2530 verbis
683 2466 961 2545 usitatis,
1017 2469 1075 2532 si
1118 2468 1338 2534 ordine
1393 2478 1748 2554 temporum
1799 2479 2082 2545 servato,
2137 2466 2191 2530 si
2241 2486 2370 2529 non

310 2559 659 2645 interrupte
710 2559 1087 2625 narrabitur.
1178 2562 1293 2626 sed
1329 2562 1582 2645 quando
1635 2561 1941 2626 utendum
1976 2559 2058 2624 sit
2101 2569 2210 2624 aut
2241 2579 2368 2622 non
2403 2555 2472 2609 81

312 2651 397 2718 sit
428 2650 815 2729 narratione,
851 2652 919 2718 id
954 2663 1054 2718 est
1089 2654 1365 2731 consilii;
1410 2674 1615 2737 neque
1651 2653 1820 2718 enim
1855 2653 1912 2718 si
1944 2663 2100 2718 nota
2129 2672 2233 2717 res
2269 2661 2370 2716 est
2404 2627 2483 2668 ³³⁰

310 2767 431 2812 nec
465 2745 727 2810 dubium
761 2745 915 2830 quid
965 2756 1219 2833 gestum
1256 2747 1365 2825 sit,
1418 2768 1674 2812 narrare
1711 2758 1976 2832 oportet,
2013 2766 2132 2811 nec
2168 2745 2224 2809 si
2257 2747 2370 2810 ad-

312 2840 633 2908 versarius
685 2841 995 2919 narravit,
1048 2841 1172 2906 nisi
1208 2841 1263 2906 si
1296 2841 1690 2920 refellemus3
1745 2862 1818 2906 ac
1855 2841 1910 2906 si
1955 2841 2207 2926 quando
2251 2840 2371 2905 erit

312 2934 715 3013 narrandum,
750 2957 871 3001 nec
904 2936 1033 3014 illa,
1071 2956 1235 3021 quae
1271 2935 1688 3023 suspitionem
1721 2945 1787 3000 et
1822 2935 2059 3000 crimen
2092 2933 2371 2999 efficient

312 3039 655 3112 contraque
706 3051 824 3094 nos
888 3041 1097 3108 erunt,
1160 3029 1387 3095 acriter
1419 3051 1873 3117 persequemur
1925 3040 2016 3108 et,
2072 3027 2370 3112 quicquid

309 3121 569 3209 poterit,
616 3122 1049 3202 detrahemus3
1102 3146 1187 3189 ne
1218 3123 1407 3203 illud,
1463 3124 1634 3208 quod
1669 3121 1977 3201 Crassus,
2025 3122 2082 3188 si
2119 3121 2370 3206 quando

308 3217 441 3295 fiat,
474 3216 759 3302 perfidia,
795 3241 925 3285 non
952 3217 1217 3284 stultitia
1240 3218 1379 3284 fieri
1405 3229 1606 3306 putat,
1641 3229 1716 3284 ut
1749 3239 1978 3283 causae
2004 3237 2367 3292 noceamus,

313 3309 578 3376 accidat.
665 3328 817 3376 nam
851 3312 932 3376 ad
968 3335 1286 3380 summam
1322 3313 1516 3380 totius
1563 3333 1794 3378 causae
1826 3312 2129 3398 pertinet,
2186 3319 2370 3374 caute

314 3413 399 3466 ah
432 3414 652 3469 contra
686 3405 1117 3473 demonstrata
1148 3429 1253 3472 res
1291 3406 1402 3486 sit,
1441 3407 1612 3493 quod
1646 3407 1850 3474 omnis
1887 3404 2188 3472 orationis
2221 3403 2370 3468 reli-

315 3516 478 3580 quae
522 3495 667 3562 fons
704 3508 803 3564 est
834 3499 1133 3564 narratio·

438 3587 769 3674 Sequitur,
829 3603 903 3658 ut
954 3613 1147 3659 causa
1200 3605 1501 3680 ponatur,
1551 3595 1622 3660 in
1673 3617 1799 3678 quo
1852 3591 2194 3660 videndum
2246 3601 2364 3669 est,
2399 3609 2478 3652 εει

316 3683 471 3769 quid
502 3683 571 3748 in
606 3685 1099 3754 controversiam
1150 3687 1366 3752 veniat
1372 3712 1394 3766 3
1448 3700 1584 3754 tum
1635 3690 2038 3776 suggerenda
2081 3699 2230 3752 sunt
2260 3686 2369 3750 fir-

314 3789 637 3844 mamenta
688 3799 917 3844 causae
970 3780 1299 3848 coniuncte
1353 3792 1418 3848 et
1469 3782 1858 3848 infirmandis
1921 3781 2248 3850 contrariis
2303 3795 2370 3847 et

314 3874 445 3940 tuis
480 3875 945 3942 confirmandis.
1032 3898 1307 3960 namque
1341 3900 1472 3942 una
1502 3878 1572 3942 in
1605 3877 1814 3944 causis
1849 3879 2010 3943 ratio
2056 3877 2366 3962 quaedam

318 3977 419 4032 est
454 3969 590 4033 eius
627 3969 960 4049 orationis,
1014 3992 1177 4055 quae
1214 3971 1297 4036 ad
1327 3972 1722 4058 probandam
1759 3972 2365 4060 argumentationem

316 4059 513 4139 valet3
576 4085 653 4128 ea
690 4075 916 4132 autem
970 4076 1035 4131 et
1095 4065 1632 4132 confirmationem
1684 4078 1750 4132 et
1807 4067 2364 4154 reprehensionem
