2784 4575
402 604 471 658 62

394 675 473 716 209

394 1382 473 1422 210

386 2788 471 2827 211

406 3886 473 3939 63

396 3958 473 3997 ιιι

504 185 633 251 328
1124 191 1203 250 Μ.
1242 191 1518 250 TULLII
1553 189 1956 251 CICERONIS

502 319 710 388 omnis
762 318 896 384 fere
946 317 1015 382 in
1064 316 1378 402 quadrum
1429 338 1890 402 numerumque
1943 319 2332 386 sententias.
2461 343 2632 386 nam

500 438 651 482 cum
684 413 741 480 is
778 424 879 480 est
910 411 1187 489 auditor,
1232 410 1343 494 qui
1376 433 1508 476 non
1549 422 1841 476 vereatur
1875 435 1958 477 ne
2003 414 2432 500 compositae
2471 439 2634 482 ora-

505 508 693 576 tionis
728 506 975 572 insidiis
1013 527 1131 571 sus
1162 504 1323 569 fides
1370 514 1809 590 attemptetur,
1861 505 2134 592 gratiam
2169 528 2464 592 quoque
2498 509 2628 576 ha-

504 605 615 670 bet
648 600 885 670 oratori
917 598 1229 687 voluptati
1264 598 1517 664 aurium
1547 597 1870 664 servienti.
1958 622 2164 686 genus
2201 613 2454 668 autem
2491 605 2624 670 hoc

506 695 807 765 orationis
842 715 1069 803 neque·
1084 703 1290 758 totum
1333 691 1800 758 adsumendum
1833 703 1933 759 est
1967 694 2052 759 ad
2083 715 2330 764 causas
2381 697 2618 764 foren-

508 791 597 857 sis
640 811 847 876 neque
898 786 1157 856 omnino
1206 785 1702 874 repudiandum3
1757 786 1814 853 si
1857 787 2030 854 enim
2075 811 2345 877 semper
2395 803 2616 871 utare,

508 908 653 950 eum
690 883 1049 950 satietatem
1100 881 1310 948 adfert
1351 891 1492 946 tum
1541 881 1732 965 quale
1785 882 1870 947 sit
1901 882 2094 949 etiam
2127 885 2211 950 ab
2265 885 2610 972 imperitis

508 978 905 1066 agnoscitur3
970 975 1246 1042 detrahit
1291 985 1626 1063 praeterea
1675 975 1941 1044 actionis
1996 975 2324 1058 dolorem,
2385 983 2608 1048 aufert

507 1075 858 1139 humanum
912 1093 1172 1138 sensum
1224 1069 1489 1148 actoris,
1551 1070 1716 1136 tollit
1765 1070 2052 1136 funditus
2114 1073 2484 1140 veritatem
2541 1090 2604 1141 et

506 1168 719 1232 fidem.
810 1165 927 1231 sed
959 1164 1261 1249 quoniam
1310 1163 1676 1230 adhibenda
1714 1187 1846 1231 non
1879 1187 2228 1250 numquam
2265 1179 2414 1246 est,
2471 1171 2601 1256 pri-

506 1282 683 1324 mum
716 1258 1061 1324 videndum
1094 1269 1195 1324 est
1229 1279 1355 1343 quo
1389 1258 1560 1336 loco,
1599 1258 1828 1324 deinde
1863 1281 2058 1344 quam
2095 1259 2206 1324 diu
2235 1263 2596 1336 retinenda

508 1355 617 1432 sit,
670 1363 806 1418 tum
841 1363 991 1438 quot
1026 1353 1233 1420 modis
1290 1353 1756 1419 commutanda.
1846 1354 2210 1420 adhibenda
2245 1367 2358 1421 est
2391 1358 2594 1444 igitur

506 1470 845 1514 numerosa
880 1447 1107 1525 oratio,
1162 1447 1220 1513 si
1264 1457 1375 1513 aut
1415 1447 1803 1514 laudandum
1839 1459 1942 1514 est
1982 1448 2225 1533 aliquid
2265 1453 2588 1529 ornatius,

506 1553 580 1608 ut
612 1563 730 1608 nos
764 1541 833 1608 in
868 1540 1287 1607 accusationis
1324 1541 1606 1607 secundo
1642 1542 1722 1607 de
1751 1539 2010 1608 Siciliae
2043 1541 2236 1608 laude
2271 1543 2588 1621 diximus,

504 1648 577 1702 ut
609 1637 677 1702 in
712 1647 937 1703 senatu
989 1636 1069 1702 de
1104 1635 1437 1702 consulatu
1486 1658 1659 1714 meo,
1713 1647 1824 1702 aut
1853 1635 2234 1723 exponenda
2267 1640 2580 1716 narratio,

508 1754 671 1815 quae
706 1732 853 1820 plus
892 1730 1216 1818 dignitatis
1254 1730 1576 1796 desiderat
1609 1752 1802 1814 quam
1837 1729 2102 1810 doloris,
2137 1742 2210 1796 ut
2241 1732 2310 1797 in
2345 1745 2580 1816 quarto

509 1825 929 1892 accusationis
982 1826 1063 1890 de
1098 1824 1438 1890 Hennensi
1483 1822 1748 1903 Cerere,
1804 1825 1884 1890 de
1929 1822 2287 1912 Segestana
2325 1827 2574 1904 Diana,

510 1918 591 1983 de
628 1916 1093 2005 Syracusarum
1146 1919 1273 1984 situ
1324 1918 1623 1985 diximus.
1711 1941 1906 2006 saepe
1956 1919 2147 1986 etiam
2183 1920 2247 1984 in
2287 1919 2568 2004 amplifi-

510 2011 717 2077 canda
756 2034 827 2076 re
880 2031 1191 2076 concessu
1241 2012 1527 2077 omnium
1577 2012 1862 2078 fimditur
1909 2034 2230 2078 numerose
2261 2021 2322 2076 et
2365 2011 2558 2077 volu-

507 2103 717 2168 biliter
769 2103 989 2169 oratio.
1092 2103 1160 2167 id
1208 2128 1327 2170 nos
1380 2105 1655 2172 fortasse
1706 2129 1838 2172 non
1885 2107 2288 2194 perfecimus,
2337 2105 2568 2170 conati

508 2194 765 2278 quidem
818 2193 1188 2282 saepissime
1241 2221 1491 2266 sumus.
1546 2199 1718 2285 quod
1767 2199 2056 2289 plurimis
2107 2199 2264 2266 locis
2304 2222 2568 2286 perora-

507 2290 713 2357 tiones
747 2302 1003 2357 nostrae
1054 2290 1335 2359 voluisse
1368 2318 1489 2361 nos
1527 2306 1716 2380 atque
1753 2295 1966 2363 animo
2015 2296 2424 2363 contendisse
2455 2296 2565 2361 de-

508 2382 769 2453 clarant.
855 2384 925 2451 id
960 2395 1173 2453 autem
1216 2388 1414 2468 valet,
1467 2412 1615 2455 cum
1658 2390 1745 2469 is,
1797 2391 1909 2476 qui
1941 2392 2148 2470 audit,
2201 2393 2286 2458 ab
2319 2403 2571 2459 oratore

505 2479 635 2545 iam
686 2480 989 2547 obsessus
1042 2492 1143 2547 est
1195 2503 1271 2549 ac
1321 2494 1597 2563 tenena-3
1650 2508 1782 2550 non
1825 2484 1994 2551 enim
2033 2485 2102 2550 id
2145 2485 2307 2572 agit,
2357 2496 2434 2550 ut
2471 2486 2574 2549 in-

506 2574 770 2641 sidietur
821 2586 887 2642 et
936 2576 1263 2654 observet,
1318 2576 1435 2641 sed
1483 2578 1614 2643 iam
1663 2578 1840 2645 favet
1888 2601 2386 2665 processumque
2437 2578 2576 2645 volt

503 2670 885 2755 dicendique
918 2671 1049 2735 vim
1084 2670 1404 2735 admirans
1439 2692 1570 2736 non
1612 2672 1890 2757 anquirit
1922 2673 2073 2758 quid
2123 2674 2576 2761 reprehendat.

509 2762 669 2829 haec
721 2775 933 2829 autem
984 2764 1192 2830 forma
1238 2762 1572 2829 retinenda
1619 2788 1751 2833 non
1804 2766 1913 2831 diu
1966 2776 2092 2845 est,
2145 2788 2266 2833 nec
2317 2766 2459 2833 dico
2507 2766 2579 2829 in

508 2856 933 2943 peroratione,
978 2880 1108 2942 qua
1138 2857 1281 2945 ipsa
1312 2856 1682 2936 includitur,
1719 2860 1837 2927 sed
1867 2860 1936 2927 in
1971 2860 2272 2927 orationis
2308 2860 2576 2944 reliquis

506 2950 815 3037 partibus.
902 2974 1053 3017 nam
1104 2972 1251 3017 cum
1292 2950 1383 3015 sis
1439 2950 1532 3017 eis
1583 2951 1742 3018 locis
1793 2974 1980 3032 usus,
2043 2955 2274 3040 quibus
2317 2954 2580 3019 ostendi

510 3044 729 3124 licere,
784 3046 1225 3111 transferenda
1266 3054 1402 3110 tota
1443 3044 1636 3111 dictio
1681 3056 1782 3111 est
1825 3048 1908 3113 ad
1947 3047 2084 3127 illa,
2136 3069 2302 3133 quae
2350 3047 2580 3113 nescio

506 3160 647 3218 cur,
701 3160 846 3205 cum
890 3139 1123 3207 Graeci
1172 3136 1483 3223 κόμματα
1517 3149 1583 3205 et
1622 3140 1806 3205 κῶλα
1857 3142 2210 3220 nominent,
2263 3164 2384 3207 nos
2435 3164 2580 3207 non

506 3246 679 3301 recte
710 3234 914 3301 incisa
945 3246 1011 3301 et
1043 3233 1331 3299 membra
1382 3233 1694 3301 dicamus.
1781 3256 1991 3320 neque
2033 3236 2203 3301 enim
2238 3256 2382 3301 esse
2416 3256 2580 3321 pos-

509 3341 657 3397 sunt
690 3331 882 3397 rebus
917 3326 1153 3415 ignotis
1188 3338 1343 3394 nota
1374 3328 1662 3408 nomina,
1717 3329 1835 3394 sed
1867 3350 2013 3394 cum
2047 3332 2242 3395 verba
2275 3340 2386 3395 aut
2418 3352 2579 3395 sua·
2699 3366 2701 3439 ἓ

506 3426 720 3493 vitatis
758 3436 868 3492 aut
899 3422 1151 3511 inopiae
1187 3444 1383 3491 causa
1415 3424 1757 3490 transferre
1795 3424 2132 3503 soleamus,
2169 3424 2238 3491 in
2273 3423 2576 3490 omnibus

506 3522 631 3587 hoc
660 3522 736 3587 fit
769 3519 1031 3598 artibus,
1064 3528 1159 3597 ut,
1192 3540 1341 3585 cum
1373 3518 1443 3584 id
1476 3518 1926 3606 appellandum
1962 3518 2064 3596 sit,
2100 3518 2275 3602 quod
2307 3528 2574 3604 propter

505 3638 719 3682 rerum
768 3612 1231 3701 ignorationem
1280 3613 1566 3701 ipsarum
1617 3612 1864 3677 nullum
1906 3612 2199 3679 habuerit
2249 3623 2396 3677 ante
2449 3634 2570 3677 no-

504 3734 683 3788 men,
734 3707 1081 3775 necessitas
1135 3718 1325 3795 cogat
1376 3718 1485 3773 aut
1527 3730 1766 3775 novum
1807 3707 2018 3775 facere
2070 3708 2334 3773 verbum
2380 3716 2490 3771 aut
2527 3730 2572 3772 a

509 3804 699 3872 simili
732 3803 1026 3869 mutuari.

630 3896 779 3979 Quo
816 3908 1026 3963 autem
1059 3907 1247 3985 pacto
1284 3897 1506 3963 deceat
1539 3896 1737 3965 incise
1761 3896 2238 3963 membratimve
2274 3896 2399 3961 dici
2430 3894 2562 3961 iam

510 3989 863 4054 videbimus
873 4014 893 4067 3
946 4012 1113 4054 nune
1150 4000 1301 4073 quot
1346 3990 1552 4057 modis
1595 4000 1918 4057 mutentur
1961 3989 2556 4077 comprehensiones
