2784 4575
535 252 664 333 180
1153 262 1232 317 M.
1268 260 1543 321 TULLII
1578 256 1984 317 CICERONIS

531 386 764 473 querit,
830 384 1171 473 separatim
1221 382 1402 449 illum
1458 380 1651 471 [sicut
1700 378 1897 468 hunc]
1964 380 2251 449 accusari
2300 394 2601 469 oportere

529 493 597 548 et
629 504 760 547 non
812 502 960 545 cum
1009 478 1198 545 huius
1251 477 1623 545 defensione
1676 474 1975 561 coniungi
2024 474 2195 541 illius
2240 477 2597 545 accusatio-

527 598 696 645 nem.
784 573 1084 641 defensor
1137 583 1350 641 autem
1383 593 1531 637 cum
1582 580 1819 648 cetera,
1875 569 1931 635 si
1966 590 2092 653 qua
2134 590 2217 635 ex
2260 569 2401 637 aliis
2432 571 2595 641 inci-

527 669 684 735 dent
715 667 1298 745 constitutionibus,
1349 665 1777 754 pertractarit,
1822 662 1955 729 de
1936 685 2080 749 ipsa
2110 664 2463 732 remotione
2500 666 2593 731 sic

433 789 487 833 eo
529 762 1102 851 argumentabitur:
1154 760 1457 847 primum,
1510 759 1690 825 cuius
1728 756 2041 824 acciderit
2058 757 2275 843 eulpa,
2329 759 2595 826 demon-

529 859 782 937 strabit3
837 856 1096 933 deinde,
1151 876 1298 919 cum
1329 854 1398 920 id
1434 853 1641 919 aliena
1676 853 1865 939 culpa
1898 850 2262 930 accidisset,
2298 854 2593 920 ostendet

530 975 600 1019 se
644 964 755 1019 aut
804 974 936 1020 non
984 949 1270 1037 potuisse
1324 958 1435 1012 aut
1475 970 1607 1014 non
1658 946 1956 1013 debuisse
2008 944 2077 1013 id
2126 945 2362 1023 facere,
2414 947 2592 1029 quod

530 1056 859 1112 accusator
913 1044 1084 1109 dicat
1143 1041 1531 1129 oportuisse3
1597 1040 1753 1125 quid
1801 1038 2105 1126 potuerit,
2168 1062 2253 1105 ex
2300 1038 2589 1105 utilitatis

528 1141 847 1229 partibus,
887 1139 957 1206 in
992 1138 1222 1223 quibus
1259 1146 1362 1203 est
1392 1134 1881 1206 necessitudinis
1918 1135 2015 1199 vis
2050 1133 2399 1220 implicata,
2436 1134 2589 1217 quid

531 1235 848 1312 debuerit,
901 1256 984 1301 ex
1025 1230 1376 1299 honestatis
1432 1229 1961 1307 considerabitur3
2018 1225 2127 1315 [de
2170 1237 2437 1313 utroque
2488 1228 2587 1293 di-

531 1327 822 1393 stinctius
872 1326 942 1393 in
983 1325 1399 1393 deliberativo
1450 1346 1685 1411 genere
1738 1318 2031 1411 dicetur]
2097 1321 2325 1389 deinde
2378 1322 2592 1387 omnia

530 1422 704 1487 facta
735 1443 880 1488 esse
915 1421 997 1486 ab
1041 1443 1138 1499 se,
1197 1440 1360 1503 quae
1393 1418 1463 1483 in
1496 1418 1699 1505 ipsius
1744 1417 1980 1483 fuerint
2019 1426 2363 1503 potestate3
2418 1416 2593 1501 quod

528 1515 768 1593 minus,
823 1536 1016 1599 quam
1065 1512 1461 1591 convenerit,
1514 1513 1757 1579 factum
1808 1511 1917 1589 sit,
1972 1508 2160 1597 culpa
2210 1510 2278 1575 id
2330 1510 2591 1577 alterius

433 1636 487 1677 90
532 1610 859 1677 accidisse.
948 1609 1176 1675 deinde
1211 1608 1471 1675 alterius
1508 1606 1697 1695 culpa
1740 1604 2117 1691 exponenda
2150 1603 2594 1669 demonstran-

529 1704 682 1771 dum
715 1714 841 1782 est,
879 1712 1187 1787 quantum
1221 1700 1569 1769 voluntatis
1604 1711 1671 1765 et
1706 1699 1900 1766 studii
1950 1697 2143 1765 fuerit
2186 1697 2254 1763 in
2298 1698 2472 1783 ipso,
2526 1710 2592 1765 et

526 1798 596 1864 id
629 1798 830 1885 signis
867 1797 1368 1863 confirmandum
1402 1796 1591 1861 huius
1626 1794 1827 1862 modi:
1880 1816 1962 1861 ex
1994 1801 2206 1859 cetera
2240 1792 2589 1879 diligentia,

527 1914 610 1959 ex
645 1903 791 1958 ante
825 1891 1012 1957 factis
1059 1900 1170 1955 aut
1212 1890 1427 1966 dictis,
1410 1913 1426 1929 ·
1483 1897 1672 1971 atque
1724 1887 1847 1955 hoc
1880 1887 2006 1975 ipsi
2048 1887 2203 1951 utile
2254 1886 2457 1953 fuisse
2492 1888 2591 1953 fan

526 2007 699 2064 cere,
742 1984 964 2050 inutile
1001 1994 1215 2049 autem
1247 2006 1380 2049 non
1412 1978 1653 2062 facere,
1698 1994 1765 2049 et
1798 2005 1943 2049 cum
1978 1997 2189 2049 cetera
2220 1983 2353 2049 vita
2386 1982 2591 2049 fuisse

526 2077 650 2144 hoc
701 2077 908 2163 magis
961 2092 1489 2155 consentaneum,
1551 2099 1745 2161 quam
1795 2076 1970 2161 quod
2017 2086 2301 2164 propter
2328 2076 2589 2143 alterius

423 2186 494 2241 30
528 2171 783 2259 culpam
825 2194 956 2237 non
997 2171 1239 2237 fecerit.
1330 2172 1386 2239 si
1422 2182 1635 2239 autem
1676 2195 1809 2241 non
1848 2173 1917 2242 in
1958 2172 2281 2239 hominem
2324 2181 2589 2249 certum,

527 2265 743 2332 sedin
773 2289 914 2332 rem
950 2266 1225 2352 aliquam
1261 2290 1459 2334 causa
1479 2265 1937 2335 demoveb1tur
1944 2312 1965 2346 ,
2000 2276 2075 2334 ut
2104 2265 2174 2335 in
2204 2266 2328 2332 hac
2362 2267 2589 2334 eadem

523 2381 623 2438 re,
679 2360 735 2426 si
769 2371 1068 2444 quaestor
1115 2372 1407 2428 mortuus
1442 2373 1616 2429 esset
1648 2372 1713 2428 et
1753 2363 1991 2430 idcirco
2046 2361 2293 2450 legatis·
2316 2361 2591 2448 pecunia

525 2454 676 2519 data
707 2477 838 2521 non
873 2464 1072 2533 esset,
1119 2456 1523 2522 accusatione
1560 2455 1817 2523 alterius
1854 2465 1919 2524 et
1950 2457 2177 2544 culpae
2214 2455 2589 2542 depulsione

525 2549 784 2636 dempta
810 2549 1035 2614 ceteris
1065 2549 1352 2617 similiter
1377 2551 1473 2615 uti
1500 2550 1657 2616 locis
1686 2551 2003 2636 oportebit
2029 2561 2095 2616 et
2120 2573 2202 2616 ex
2226 2550 2591 2616 concessio-

523 2643 622 2708 nis
648 2644 956 2730 partibus,
995 2665 1158 2729 quae
1187 2646 1585 2722 convenient,
1622 2645 1990 2724 adsumere3
2027 2647 2110 2710 de
2132 2645 2363 2732 quibus
2400 2644 2589 2710 nobis

428 2761 478 2801 οι
525 2737 864 2804 dicendum
919 2738 1058 2806 erit.
1163 2738 1289 2804 loci
1341 2750 1556 2804 autem
1616 2755 1985 2807 communes
2040 2737 2249 2806 eidem
2298 2739 2589 2822 utrisque

521 2832 684 2910 fere,
721 2832 832 2916 qui
864 2833 934 2898 in
967 2833 1399 2920 superioribus
1438 2835 1887 2920 adsumptivis,
1924 2834 2233 2913 incident3
2268 2834 2342 2900 hi
2372 2845 2589 2900 tamen

523 2925 905 2992 certissime.
959 2927 1346 2996 accusatoris
1382 2929 1538 2995 facti
1570 2929 1953 3016 indignatio·
1935 2973 1955 3007 ,
2012 2929 2393 3008 defensoris,
2440 2952 2589 2996 cum

525 3015 622 3104 [in
657 3018 808 3106 alio]
849 3021 1037 3108 culpa
1074 3018 1189 3108 [sit
1219 3021 1358 3111 aut]
1406 3022 1475 3092 in
1508 3023 1651 3109 ipso
1684 3045 1816 3091 non
1862 3024 1973 3102 sit,
2018 3023 2331 3110 supplicio
2366 3047 2437 3088 se
2469 3025 2591 3089 ad·-

519 3112 625 3176 fici
657 3136 792 3180 non
824 3126 1136 3201 oportere.

639 3206 856 3292 Ipsius
893 3219 1105 3274 autem
1137 3210 1232 3276 rei
1264 3211 1339 3276 fit
1369 3210 1665 3290 remotio,
1714 3232 1861 3276 cum
1894 3211 1989 3287 id,
2038 3212 2213 3296 quod
2242 3211 2425 3276 datm
2460 3212 2589 3277 cri-

516 3299 703 3380 mini,
757 3313 954 3390 negat
1001 3326 1210 3388 neque
1255 3305 1339 3370 ad
1375 3327 1446 3370 se
1483 3325 1691 3389 neque
1728 3306 1811 3371 ad
1862 3305 2145 3372 officium
2196 3327 2385 3372 snum
2434 3328 2587 3372 reus

425 3451 429 3454 s
516 3395 926 3482 pertinuisse,
977 3419 1126 3477 nec,
1173 3400 1227 3466 si
1265 3398 1471 3484 quid
1452 3421 1519 3462 m
1556 3421 1632 3465 eo
1668 3399 1753 3466 sit
1787 3399 2117 3512 delictum,
2172 3399 2294 3466 sibi
2328 3400 2587 3467 attribui

519 3501 827 3578 oportere.
897 3491 967 3560 id
1001 3514 1234 3560 causae
1259 3515 1467 3579 genus
1504 3505 1604 3561 est
1628 3492 1815 3560 huius
1851 3494 2109 3560 modi:
2090 3519 2157 3560 ιιι
2189 3517 2269 3560 eo
2305 3495 2587 3572 foedere,

517 3585 690 3668 quod
722 3585 962 3652 factum
997 3597 1098 3652 est
1129 3587 1453 3672 quondam
1488 3609 1635 3654 cum
1668 3585 2095 3667 Samnitibus,
2134 3589 2395 3672 quidam
2430 3589 2592 3672 adu-

516 3678 766 3746 lescens
801 3681 1032 3746 nobilis
1084 3701 1350 3767 porcum
1398 3681 1701 3748 sustinuit
1748 3682 1933 3748 iussu
1966 3683 2364 3770 imperatoris
2375 3709 2395 3761 3
2448 3683 2591 3750 foe-

519 3773 668 3838 dere
705 3783 916 3840 autem
961 3775 1044 3840 ab
1079 3785 1308 3840 senatu
1350 3775 1711 3862 imProbato
1756 3787 1823 3842 et
1864 3777 2243 3865 imperatore
2279 3773 2592 3844 Samniti-

514 3865 636 3932 bus
691 3868 934 3945 dedito,
997 3869 1260 3954 quidam
1309 3869 1378 3936 in
1432 3880 1659 3936 senatu
1722 3892 1869 3936 eum
1922 3893 2174 3956 quoque
2228 3870 2411 3948 dicit,
2474 3871 2591 3956 qui

418 3983 474 4026 92
514 3981 780 4046 porcum
814 3963 1102 4041 tenuerit,
1139 3963 1287 4030 dedi
1315 3973 1637 4049 oportere..
1712 3965 1979 4032 intentio
2014 3977 2143 4034 est:
2180 3965 2359 4032 ‘dedi
2396 3986 2595 4050 opor-

517 4054 646 4120 tet?
693 4054 982 4142 depulsio
1009 4066 1136 4123 est:
1177 4063 1333 4125 ‘non
1359 4059 1649 4146 oporte&
1695 4061 1987 4144 quaestio
2014 4071 2142 4148 est:
2172 4061 2591 4148 oporteatne?

2730 140 2733 233 ι

2730 238 2733 455 f
