<?xml version="1.0" encoding="UTF-8"?>
<!DOCTYPE html PUBLIC "-//W3C//DTD XHTML 1.0 Transitional//EN"
    "http://www.w3.org/TR/xhtml1/DTD/xhtml1-transitional.dtd">
<html xmlns="http://www.w3.org/1999/xhtml" xml:lang="en" lang="en">
 <head>
  <title>
</title>
<meta http-equiv="Content-Type" content="text/html;charset=utf-8" />
  <meta name='ocr-system' content='tesseract 3.04.00' />
  <meta name='ocr-capabilities' content='ocr_page ocr_carea ocr_par ocr_line ocrx_word'/>
</head>
<body>
  <div class='ocr_page' id='page_1' title='image "./mtulliiciceroni11unkngoog_0332.png"; bbox 0 0 2784 4575; ppageno 0'>
   <div class='ocr_carea' id='block_1_1' title="bbox 351 559 432 601">
    <p class='ocr_par' dir='ltr' id='par_1_1' title="bbox 351 559 432 601">
     <span class='ocr_line' id='line_1_1' title="bbox 351 559 432 601; baseline -0.025 0"><span class='ocrx_word' id='word_1_1' title='bbox 351 559 432 601; x_wconf 74' lang='lat'><strong>208</strong></span> 
     </span>
    </p>
   </div>
   <div class='ocr_carea' id='block_1_2' title="bbox 461 295 1903 362">
    <p class='ocr_par' dir='ltr' id='par_1_2' title="bbox 461 295 1903 362">
     <span class='ocr_line' id='line_1_2' title="bbox 461 295 1903 362; baseline -0.001 -2"><span class='ocrx_word' id='word_1_2' title='bbox 461 295 553 360; x_wconf 85' lang='lat'><strong>44</strong></span> <span class='ocrx_word' id='word_1_3' title='bbox 1072 304 1149 358; x_wconf 87' lang='grc' dir='ltr'><strong>Μ.</strong></span> <span class='ocrx_word' id='word_1_4' title='bbox 1190 303 1464 362; x_wconf 85' lang='lat' dir='ltr'>TULLII</span> <span class='ocrx_word' id='word_1_5' title='bbox 1498 298 1903 360; x_wconf 75' lang='lat' dir='ltr'>CICERONIS</span> 
     </span>
    </p>
   </div>
   <div class='ocr_carea' id='block_1_3' title="bbox 461 425 2536 1358">
    <p class='ocr_par' dir='ltr' id='par_1_3' title="bbox 461 425 2536 1358">
     <span class='ocr_line' id='line_1_3' title="bbox 465 425 2536 507; baseline -0.001 -11"><span class='ocrx_word' id='word_1_6' title='bbox 465 431 670 507; x_wconf 90' lang='lat' dir='ltr'><strong>soleo,</strong></span> <span class='ocrx_word' id='word_1_7' title='bbox 703 451 786 495; x_wconf 88' lang='lat' dir='ltr'><strong>ne</strong></span> <span class='ocrx_word' id='word_1_8' title='bbox 821 427 965 506; x_wconf 82' lang='lat' dir='ltr'><strong>tibi,</strong></span> <span class='ocrx_word' id='word_1_9' title='bbox 1005 425 1271 505; x_wconf 81' lang='lat' dir='ltr'><strong>Crasse,</strong></span> <span class='ocrx_word' id='word_1_10' title='bbox 1319 426 1687 506; x_wconf 77' lang='lat' dir='ltr'><strong>succedam,</strong></span> <span class='ocrx_word' id='word_1_11' title='bbox 1740 425 1809 491; x_wconf 91' lang='lat' dir='ltr'><strong>id</strong></span> <span class='ocrx_word' id='word_1_12' title='bbox 1841 447 1945 491; x_wconf 88' lang='lat' dir='ltr'><strong>me</strong></span> <span class='ocrx_word' id='word_1_13' title='bbox 1978 446 2149 491; x_wconf 87' lang='lat' dir='ltr'><strong>nunc</strong></span> <span class='ocrx_word' id='word_1_14' title='bbox 2181 425 2291 492; x_wconf 84' lang='lat' dir='ltr'><strong>isti</strong></span> <span class='ocrx_word' id='word_1_15' title='bbox 2326 427 2536 494; x_wconf 82' lang='lat' dir='ltr'><strong>vitare</strong></span> 
     </span>
     <span class='ocr_line' id='line_1_4' title="bbox 464 519 2532 608; baseline -0.001 -19"><span class='ocrx_word' id='word_1_16' title='bbox 464 546 595 590; x_wconf 89' lang='lat' dir='ltr'><strong>non</strong></span> <span class='ocrx_word' id='word_1_17' title='bbox 629 522 844 588; x_wconf 89' lang='lat' dir='ltr'><strong>sinunt</strong></span> <span class='ocrx_word' id='word_1_18' title='bbox 851 547 870 601; x_wconf 95' lang='lat'>3</span> <span class='ocrx_word' id='word_1_19' title='bbox 927 544 1151 587; x_wconf 81' lang='lat' dir='ltr'><strong>verum</strong></span> <span class='ocrx_word' id='word_1_20' title='bbox 1184 522 1308 587; x_wconf 90' lang='lat' dir='ltr'><strong>hoc</strong></span> <span class='ocrx_word' id='word_1_21' title='bbox 1341 520 1663 608; x_wconf 86' lang='lat' dir='ltr'><strong>ingrediar</strong></span> <span class='ocrx_word' id='word_1_22' title='bbox 1698 521 1781 586; x_wconf 89' lang='lat' dir='ltr'><strong>ad</strong></span> <span class='ocrx_word' id='word_1_23' title='bbox 1814 541 1919 598; x_wconf 84' lang='lat' dir='ltr'><strong>ea,</strong></span> <span class='ocrx_word' id='word_1_24' title='bbox 1956 541 2118 604; x_wconf 89' lang='lat' dir='ltr'><strong>quae</strong></span> <span class='ocrx_word' id='word_1_25' title='bbox 2152 519 2375 598; x_wconf 78' lang='lat' dir='ltr'><strong>voltiS‚</strong></span> <span class='ocrx_word' id='word_1_26' title='bbox 2414 544 2532 587; x_wconf 88' lang='lat' dir='ltr'><strong>au-</strong></span> 
     </span>
     <span class='ocr_line' id='line_1_5' title="bbox 464 613 2534 702; baseline -0 -21"><span class='ocrx_word' id='word_1_27' title='bbox 464 616 711 696; x_wconf 83' lang='lat' dir='ltr'><strong>dacius,</strong></span> <span class='ocrx_word' id='word_1_28' title='bbox 766 616 938 700; x_wconf 88' lang='lat' dir='ltr'><strong>quod</strong></span> <span class='ocrx_word' id='word_1_29' title='bbox 969 615 1142 682; x_wconf 90' lang='lat' dir='ltr'><strong>idem</strong></span> <span class='ocrx_word' id='word_1_30' title='bbox 1174 615 1332 682; x_wconf 89' lang='lat' dir='ltr'><strong>mihi</strong></span> <span class='ocrx_word' id='word_1_31' title='bbox 1366 637 1555 702; x_wconf 90' lang='lat' dir='ltr'><strong>spero</strong></span> <span class='ocrx_word' id='word_1_32' title='bbox 1588 637 1713 680; x_wconf 91' lang='lat' dir='ltr'><strong>usu</strong></span> <span class='ocrx_word' id='word_1_33' title='bbox 1746 636 1891 680; x_wconf 86' lang='lat' dir='ltr'><strong>esse</strong></span> <span class='ocrx_word' id='word_1_34' title='bbox 1925 623 2263 680; x_wconf 83' lang='lat' dir='ltr'><strong>venturum</strong></span> <span class='ocrx_word' id='word_1_35' title='bbox 2299 613 2371 680; x_wconf 90' lang='lat' dir='ltr'><strong>in</strong></span> <span class='ocrx_word' id='word_1_36' title='bbox 2404 615 2534 682; x_wconf 85' lang='lat' dir='ltr'><strong>hac</strong></span> 
     </span>
     <span class='ocr_line' id='line_1_6' title="bbox 465 707 2533 798; baseline -0 -23"><span class='ocrx_word' id='word_1_37' title='bbox 465 710 918 798; x_wconf 87' lang='lat' dir='ltr'><strong>disputatione,</strong></span> <span class='ocrx_word' id='word_1_38' title='bbox 967 711 1138 795; x_wconf 89' lang='lat' dir='ltr'><strong>quod</strong></span> <span class='ocrx_word' id='word_1_39' title='bbox 1169 709 1240 774; x_wconf 87' lang='lat' dir='ltr'><strong>in</strong></span> <span class='ocrx_word' id='word_1_40' title='bbox 1273 709 1541 775; x_wconf 87' lang='lat' dir='ltr'><strong>dicendo</strong></span> <span class='ocrx_word' id='word_1_41' title='bbox 1580 709 1768 786; x_wconf 87' lang='lat' dir='ltr'><strong>solet,</strong></span> <span class='ocrx_word' id='word_1_42' title='bbox 1804 717 1879 772; x_wconf 87' lang='lat' dir='ltr'><strong>ut</strong></span> <span class='ocrx_word' id='word_1_43' title='bbox 1909 707 2085 772; x_wconf 88' lang='lat' dir='ltr'><strong>nulla</strong></span> <span class='ocrx_word' id='word_1_44' title='bbox 2120 719 2533 795; x_wconf 79' lang='lat' dir='ltr'><strong>exspectetur</strong></span> 
     </span>
     <span class='ocr_line' id='line_1_7' title="bbox 462 800 2529 887; baseline -0.001 -18"><span class='ocrx_word' id='word_1_45' title='bbox 462 814 688 869; x_wconf 85' lang='lat' dir='ltr'><strong>ornata</strong></span> <span class='ocrx_word' id='word_1_46' title='bbox 737 803 969 870; x_wconf 81' lang='lat' dir='ltr'><strong>oratio:</strong></span> <span class='ocrx_word' id='word_1_47' title='bbox 1023 822 1230 887; x_wconf 87' lang='lat' dir='ltr'><strong>neque</strong></span> <span class='ocrx_word' id='word_1_48' title='bbox 1273 802 1447 868; x_wconf 88' lang='lat' dir='ltr'><strong>enim</strong></span> <span class='ocrx_word' id='word_1_49' title='bbox 1490 825 1631 868; x_wconf 85' lang='lat' dir='ltr'><strong>sum</strong></span> <span class='ocrx_word' id='word_1_50' title='bbox 1670 801 1749 866; x_wconf 91' lang='lat' dir='ltr'><strong>de</strong></span> <span class='ocrx_word' id='word_1_51' title='bbox 1784 812 1919 866; x_wconf 88' lang='lat' dir='ltr'><strong>arte</strong></span> <span class='ocrx_word' id='word_1_52' title='bbox 1966 800 2275 880; x_wconf 87' lang='lat' dir='ltr'><strong>dicturus,</strong></span> <span class='ocrx_word' id='word_1_53' title='bbox 2330 823 2529 886; x_wconf 88' lang='lat' dir='ltr'><strong>quam</strong></span> 
     </span>
     <span class='ocr_line' id='line_1_8' title="bbox 461 895 2524 986; baseline -0.001 -22"><span class='ocrx_word' id='word_1_54' title='bbox 461 921 810 984; x_wconf 85' lang='lat' dir='ltr'><strong>numquam</strong></span> <span class='ocrx_word' id='word_1_55' title='bbox 844 897 1062 986; x_wconf 87' lang='lat' dir='ltr'><strong>didici,</strong></span> <span class='ocrx_word' id='word_1_56' title='bbox 1110 898 1226 964; x_wconf 88' lang='lat' dir='ltr'><strong>sed</strong></span> <span class='ocrx_word' id='word_1_57' title='bbox 1260 898 1340 962; x_wconf 91' lang='lat' dir='ltr'><strong>de</strong></span> <span class='ocrx_word' id='word_1_58' title='bbox 1373 919 1520 963; x_wconf 89' lang='lat' dir='ltr'><strong>mea</strong></span> <span class='ocrx_word' id='word_1_59' title='bbox 1553 895 2008 963; x_wconf 84' lang='lat' dir='ltr'><strong>consuetudine</strong></span> <span class='ocrx_word' id='word_1_60' title='bbox 2018 921 2037 974; x_wconf 93' lang='lat'>3</span> <span class='ocrx_word' id='word_1_61' title='bbox 2090 896 2357 983; x_wconf 88' lang='lat' dir='ltr'><strong>ipsaque</strong></span> <span class='ocrx_word' id='word_1_62' title='bbox 2388 897 2524 974; x_wconf 89' lang='lat' dir='ltr'><strong>illa,</strong></span> 
     </span>
     <span class='ocr_line' id='line_1_9' title="bbox 465 989 2522 1078; baseline -0.001 -20"><span class='ocrx_word' id='word_1_63' title='bbox 465 1015 628 1078; x_wconf 87' lang='lat' dir='ltr'><strong>quae</strong></span> <span class='ocrx_word' id='word_1_64' title='bbox 679 993 747 1058; x_wconf 90' lang='lat' dir='ltr'><strong>in</strong></span> <span class='ocrx_word' id='word_1_65' title='bbox 800 991 1321 1058; x_wconf 88' lang='lat' dir='ltr'><strong>commentarium</strong></span> <span class='ocrx_word' id='word_1_66' title='bbox 1371 1013 1587 1058; x_wconf 89' lang='lat' dir='ltr'><strong>meum</strong></span> <span class='ocrx_word' id='word_1_67' title='bbox 1636 989 1878 1066; x_wconf 88' lang='lat' dir='ltr'><strong>rettuli,</strong></span> <span class='ocrx_word' id='word_1_68' title='bbox 1934 1001 2085 1055; x_wconf 87' lang='lat' dir='ltr'><strong>sunt</strong></span> <span class='ocrx_word' id='word_1_69' title='bbox 2134 990 2272 1055; x_wconf 89' lang='lat' dir='ltr'><strong>eius</strong></span> <span class='ocrx_word' id='word_1_70' title='bbox 2323 991 2522 1068; x_wconf 88' lang='lat' dir='ltr'><strong>modi,</strong></span> 
     </span>
     <span class='ocr_line' id='line_1_10' title="bbox 463 1083 2529 1170; baseline -0.001 -20"><span class='ocrx_word' id='word_1_71' title='bbox 463 1109 594 1152; x_wconf 91' lang='lat' dir='ltr'><strong>non</strong></span> <span class='ocrx_word' id='word_1_72' title='bbox 629 1086 840 1170; x_wconf 85' lang='lat' dir='ltr'><strong>aliqua</strong></span> <span class='ocrx_word' id='word_1_73' title='bbox 871 1085 1028 1150; x_wconf 88' lang='lat' dir='ltr'><strong>mihi</strong></span> <span class='ocrx_word' id='word_1_74' title='bbox 1079 1085 1365 1151; x_wconf 87' lang='lat' dir='ltr'><strong>doctrina</strong></span> <span class='ocrx_word' id='word_1_75' title='bbox 1400 1085 1657 1162; x_wconf 85' lang='lat' dir='ltr'><strong>tradita,</strong></span> <span class='ocrx_word' id='word_1_76' title='bbox 1713 1083 1829 1149; x_wconf 90' lang='lat' dir='ltr'><strong>sed</strong></span> <span class='ocrx_word' id='word_1_77' title='bbox 1860 1083 1929 1148; x_wconf 91' lang='lat' dir='ltr'><strong>in</strong></span> <span class='ocrx_word' id='word_1_78' title='bbox 1961 1105 2174 1148; x_wconf 87' lang='lat' dir='ltr'><strong>rerum</strong></span> <span class='ocrx_word' id='word_1_79' title='bbox 2215 1106 2339 1148; x_wconf 88' lang='lat' dir='ltr'><strong>usu</strong></span> <span class='ocrx_word' id='word_1_80' title='bbox 2375 1106 2529 1148; x_wconf 90' lang='lat' dir='ltr'><strong>cau-</strong></span> 
     </span>
     <span class='ocr_line' id='line_1_11' title="bbox 467 1177 2531 1264; baseline -0.001 -19"><span class='ocrx_word' id='word_1_81' title='bbox 467 1180 679 1264; x_wconf 87' lang='lat' dir='ltr'><strong>sisque</strong></span> <span class='ocrx_word' id='word_1_82' title='bbox 715 1189 984 1244; x_wconf 87' lang='lat' dir='ltr'><strong>tractata</strong></span> <span class='ocrx_word' id='word_1_83' title='bbox 991 1205 1010 1259; x_wconf 93' lang='lat'>3</span> <span class='ocrx_word' id='word_1_84' title='bbox 1063 1202 1226 1264; x_wconf 89' lang='lat' dir='ltr'><strong>quae</strong></span> <span class='ocrx_word' id='word_1_85' title='bbox 1279 1179 1335 1244; x_wconf 90' lang='lat' dir='ltr'><strong>si</strong></span> <span class='ocrx_word' id='word_1_86' title='bbox 1378 1179 1561 1245; x_wconf 82' lang='lat' dir='ltr'><strong>vobis</strong></span> <span class='ocrx_word' id='word_1_87' title='bbox 1572 1227 1592 1258; x_wconf 91' lang='lat'><strong>,</strong></span> <span class='ocrx_word' id='word_1_88' title='bbox 1646 1177 2006 1243; x_wconf 90' lang='lat' dir='ltr'><strong>hominibus</strong></span> <span class='ocrx_word' id='word_1_89' title='bbox 2060 1177 2531 1256; x_wconf 84' lang='lat' dir='ltr'><strong>eruditissimis,</strong></span> 
     </span>
     <span class='ocr_line' id='line_1_12' title="bbox 464 1270 2529 1358; baseline -0 -21"><span class='ocrx_word' id='word_1_90' title='bbox 464 1295 595 1339; x_wconf 89' lang='lat' dir='ltr'><strong>non</strong></span> <span class='ocrx_word' id='word_1_91' title='bbox 628 1274 1090 1358; x_wconf 86' lang='lat' dir='ltr'><strong>probabuntur,</strong></span> <span class='ocrx_word' id='word_1_92' title='bbox 1124 1285 1405 1340; x_wconf 86' lang='lat' dir='ltr'><strong>vestram</strong></span> <span class='ocrx_word' id='word_1_93' title='bbox 1437 1272 1834 1357; x_wconf 85' lang='lat' dir='ltr'><strong>iniquitatem</strong></span> <span class='ocrx_word' id='word_1_94' title='bbox 1870 1283 2253 1349; x_wconf 86' lang='lat' dir='ltr'><strong>accusatote,</strong></span> <span class='ocrx_word' id='word_1_95' title='bbox 2290 1270 2399 1355; x_wconf 91' lang='lat' dir='ltr'><strong>qui</strong></span> <span class='ocrx_word' id='word_1_96' title='bbox 2436 1292 2529 1336; x_wconf 85' lang='lat' dir='ltr'><strong>ex</strong></span> 
     </span>
    </p>
   </div>
   <div class='ocr_carea' id='block_1_4' title="bbox 373 1365 2529 1454">
    <p class='ocr_par' dir='ltr' id='par_1_4' title="bbox 373 1365 2529 1454">
     <span class='ocr_line' id='line_1_13' title="bbox 373 1365 2529 1454; baseline -0.003 -19"><span class='ocrx_word' id='word_1_97' title='bbox 373 1428 381 1435; x_wconf 95' lang='lat'><strong>.</strong></span> <span class='ocrx_word' id='word_1_98' title='bbox 465 1388 572 1431; x_wconf 89' lang='lat' dir='ltr'><strong>me</strong></span> <span class='ocrx_word' id='word_1_99' title='bbox 607 1389 685 1430; x_wconf 89' lang='lat' dir='ltr'><strong>ea</strong></span> <span class='ocrx_word' id='word_1_100' title='bbox 717 1366 1142 1450; x_wconf 77' lang='lat' dir='ltr'><strong>quaesieritis,</strong></span> <span class='ocrx_word' id='word_1_101' title='bbox 1180 1389 1341 1452; x_wconf 87' lang='lat' dir='ltr'><strong>quae</strong></span> <span class='ocrx_word' id='word_1_102' title='bbox 1377 1389 1499 1454; x_wconf 91' lang='lat' dir='ltr'><strong>ego</strong></span> <span class='ocrx_word' id='word_1_103' title='bbox 1534 1365 1875 1444; x_wconf 88' lang='lat' dir='ltr'><strong>nescirem3</strong></span> <span class='ocrx_word' id='word_1_104' title='bbox 1910 1389 2123 1432; x_wconf 85' lang='lat' dir='ltr'><strong>meam</strong></span> <span class='ocrx_word' id='word_1_105' title='bbox 2152 1365 2529 1430; x_wconf 81' lang='lat' dir='ltr'><strong>facilitatem</strong></span> 
     </span>
    </p>
   </div>
   <div class='ocr_carea' id='block_1_5' title="bbox 355 1577 434 1620">
    <p class='ocr_par' dir='ltr' id='par_1_5' title="bbox 355 1577 434 1620">
     <span class='ocr_line' id='line_1_14' title="bbox 355 1577 434 1620; baseline -0.025 0"><span class='ocrx_word' id='word_1_106' title='bbox 355 1577 434 1620; x_wconf 81' lang='lat'><strong>209</strong></span> 
     </span>
    </p>
   </div>
   <div class='ocr_carea' id='block_1_6' title="bbox 353 2420 433 2460">
    <p class='ocr_par' dir='ltr' id='par_1_6' title="bbox 353 2420 433 2460">
     <span class='ocr_line' id='line_1_15' title="bbox 353 2420 433 2460; baseline 0 0"><span class='ocrx_word' id='word_1_107' title='bbox 353 2420 433 2460; x_wconf 77' lang='lat'><strong>210</strong></span> 
     </span>
    </p>
   </div>
   <div class='ocr_carea' id='block_1_7' title="bbox 346 3363 422 3403">
    <p class='ocr_par' dir='ltr' id='par_1_7' title="bbox 346 3363 422 3403">
     <span class='ocr_line' id='line_1_16' title="bbox 346 3363 422 3403; baseline 0 0"><span class='ocrx_word' id='word_1_108' title='bbox 346 3363 422 3403; x_wconf 76' lang='lat'><strong>211</strong></span> 
     </span>
    </p>
   </div>
   <div class='ocr_carea' id='block_1_8' title="bbox 456 1458 2531 4165">
    <p class='ocr_par' dir='ltr' id='par_1_8' title="bbox 463 1458 2531 1925">
     <span class='ocr_line' id='line_1_17' title="bbox 467 1458 2529 1540; baseline 0 -16"><span class='ocrx_word' id='word_1_109' title='bbox 467 1460 818 1540; x_wconf 88' lang='lat' dir='ltr'><strong>laudatote‚</strong></span> <span class='ocrx_word' id='word_1_110' title='bbox 871 1483 1016 1526; x_wconf 89' lang='lat' dir='ltr'><strong>cum</strong></span> <span class='ocrx_word' id='word_1_111' title='bbox 1050 1461 1233 1528; x_wconf 83' lang='lat' dir='ltr'><strong>vobis</strong></span> <span class='ocrx_word' id='word_1_112' title='bbox 1267 1483 1399 1528; x_wconf 90' lang='lat' dir='ltr'><strong>non</strong></span> <span class='ocrx_word' id='word_1_113' title='bbox 1430 1481 1575 1526; x_wconf 88' lang='lat' dir='ltr'><strong>meo</strong></span> <span class='ocrx_word' id='word_1_114' title='bbox 1608 1459 1874 1538; x_wconf 89' lang='lat' dir='ltr'><strong>iudicio,</strong></span> <span class='ocrx_word' id='word_1_115' title='bbox 1912 1460 2029 1524; x_wconf 90' lang='lat' dir='ltr'><strong>sed</strong></span> <span class='ocrx_word' id='word_1_116' title='bbox 2062 1469 2273 1525; x_wconf 88' lang='lat' dir='ltr'><strong>vestro</strong></span> <span class='ocrx_word' id='word_1_117' title='bbox 2311 1458 2529 1524; x_wconf 88' lang='lat' dir='ltr'><strong>studio</strong></span> 
     </span>
     <span class='ocr_line' id='line_1_18' title="bbox 468 1551 2529 1642; baseline -0 -23"><span class='ocrx_word' id='word_1_118' title='bbox 468 1555 764 1620; x_wconf 88' lang='lat' dir='ltr'><strong>inductus</strong></span> <span class='ocrx_word' id='word_1_119' title='bbox 806 1578 936 1621; x_wconf 87' lang='lat' dir='ltr'><strong>non</strong></span> <span class='ocrx_word' id='word_1_120' title='bbox 987 1566 1250 1642; x_wconf 87' lang='lat' dir='ltr'><strong>gravate</strong></span> <span class='ocrx_word' id='word_1_121' title='bbox 1293 1553 1723 1642; x_wconf 65' lang='lat' dir='ltr'><strong>respondero?</strong></span> <span class='ocrx_word' id='word_1_122' title='bbox 1812 1565 1948 1620; x_wconf 88' lang='lat' dir='ltr'><strong>tum</strong></span> <span class='ocrx_word' id='word_1_123' title='bbox 1984 1551 2259 1620; x_wconf 84' lang='lat' dir='ltr'><strong>Crassus</strong></span> <span class='ocrx_word' id='word_1_124' title='bbox 2296 1559 2529 1639; x_wconf 85' lang='lat' dir='ltr'><strong>‘perge</strong></span> 
     </span>
     <span class='ocr_line' id='line_1_19' title="bbox 465 1647 2531 1734; baseline -0.001 -21"><span class='ocrx_word' id='word_1_125' title='bbox 465 1650 655 1715; x_wconf 88' lang='lat' dir='ltr'><strong>modo</strong></span> <span class='ocrx_word' id='word_1_126' title='bbox 665 1649 704 1728; x_wconf 88' lang='lat'><strong>,’</strong></span> <span class='ocrx_word' id='word_1_127' title='bbox 759 1649 964 1734; x_wconf 90' lang='lat' dir='ltr'><strong>inquit</strong></span> <span class='ocrx_word' id='word_1_128' title='bbox 1017 1649 1288 1716; x_wconf 85' lang='lat' dir='ltr'><strong>‘Antoni</strong></span> <span class='ocrx_word' id='word_1_129' title='bbox 1298 1675 1318 1728; x_wconf 99' lang='lat'>3</span> <span class='ocrx_word' id='word_1_130' title='bbox 1370 1649 1617 1714; x_wconf 88' lang='lat' dir='ltr'><strong>nullum</strong></span> <span class='ocrx_word' id='word_1_131' title='bbox 1660 1659 1762 1714; x_wconf 90' lang='lat' dir='ltr'><strong>est</strong></span> <span class='ocrx_word' id='word_1_132' title='bbox 1795 1649 1965 1713; x_wconf 90' lang='lat' dir='ltr'><strong>enim</strong></span> <span class='ocrx_word' id='word_1_133' title='bbox 2006 1647 2387 1733; x_wconf 89' lang='lat' dir='ltr'><strong>periculum,</strong></span> <span class='ocrx_word' id='word_1_134' title='bbox 2438 1670 2531 1712; x_wconf 89' lang='lat' dir='ltr'><strong>ne</strong></span> 
     </span>
     <span class='ocr_line' id='line_1_20' title="bbox 467 1742 2525 1831; baseline -0 -23"><span class='ocrx_word' id='word_1_135' title='bbox 467 1742 620 1828; x_wconf 88' lang='lat' dir='ltr'><strong>quid</strong></span> <span class='ocrx_word' id='word_1_136' title='bbox 651 1755 722 1808; x_wconf 84' lang='lat' dir='ltr'><strong>tu</strong></span> <span class='ocrx_word' id='word_1_137' title='bbox 756 1744 1053 1828; x_wconf 86' lang='lat' dir='ltr'><strong>eloquare</strong></span> <span class='ocrx_word' id='word_1_138' title='bbox 1086 1745 1213 1810; x_wconf 88' lang='lat' dir='ltr'><strong>nisi</strong></span> <span class='ocrx_word' id='word_1_139' title='bbox 1243 1745 1335 1810; x_wconf 85' lang='lat' dir='ltr'><strong>ita</strong></span> <span class='ocrx_word' id='word_1_140' title='bbox 1365 1745 1738 1831; x_wconf 81' lang='lat' dir='ltr'><strong>prudenter,</strong></span> <span class='ocrx_word' id='word_1_141' title='bbox 1775 1755 1848 1808; x_wconf 89' lang='lat' dir='ltr'><strong>ut</strong></span> <span class='ocrx_word' id='word_1_142' title='bbox 1878 1743 2199 1810; x_wconf 88' lang='lat' dir='ltr'><strong>neminem</strong></span> <span class='ocrx_word' id='word_1_143' title='bbox 2230 1754 2525 1809; x_wconf 85' lang='lat' dir='ltr'><strong>nostrum</strong></span> 
     </span>
     <span class='ocr_line' id='line_1_21' title="bbox 463 1837 1998 1925; baseline 0.001 -23"><span class='ocrx_word' id='word_1_144' title='bbox 463 1837 786 1924; x_wconf 85' lang='lat' dir='ltr'><strong>paeniteat</strong></span> <span class='ocrx_word' id='word_1_145' title='bbox 819 1839 903 1902; x_wconf 85' lang='lat' dir='ltr'><strong>ad</strong></span> <span class='ocrx_word' id='word_1_146' title='bbox 935 1838 1106 1903; x_wconf 88' lang='lat' dir='ltr'><strong>hunc</strong></span> <span class='ocrx_word' id='word_1_147' title='bbox 1139 1849 1203 1904; x_wconf 86' lang='lat' dir='ltr'><strong>te</strong></span> <span class='ocrx_word' id='word_1_148' title='bbox 1239 1860 1596 1904; x_wconf 88' lang='lat' dir='ltr'><strong>sermonem</strong></span> <span class='ocrx_word' id='word_1_149' title='bbox 1629 1837 1976 1925; x_wconf 88' lang='lat' dir='ltr'><strong>impulisse.</strong></span> <span class='ocrx_word' id='word_1_150' title='bbox 1980 1837 1998 1866; x_wconf 92' lang='lat'><em>’</em></span> 
     </span>
    </p>

    <p class='ocr_par' dir='ltr' id='par_1_9' title="bbox 456 1929 2530 4165">
     <span class='ocr_line' id='line_1_22' title="bbox 587 1929 2524 2018; baseline 0.001 -22.013"><span class='ocrx_word' id='word_1_151' title='bbox 587 1931 762 2017; x_wconf 87' lang='lat' dir='ltr'><strong>‘Ego</strong></span> <span class='ocrx_word' id='word_1_152' title='bbox 813 1931 1014 2008; x_wconf 86' lang='lat' dir='ltr'><strong>vero,’</strong></span> <span class='ocrx_word' id='word_1_153' title='bbox 1067 1931 1299 2014; x_wconf 87' lang='lat' dir='ltr'><strong>inquit,</strong></span> <span class='ocrx_word' id='word_1_154' title='bbox 1355 1937 1649 2018; x_wconf 84' lang='lat' dir='ltr'><strong>‘pergam</strong></span> <span class='ocrx_word' id='word_1_155' title='bbox 1700 1942 1764 1997; x_wconf 90' lang='lat' dir='ltr'><strong>et</strong></span> <span class='ocrx_word' id='word_1_156' title='bbox 1806 1929 1876 1996; x_wconf 90' lang='lat' dir='ltr'><strong>id</strong></span> <span class='ocrx_word' id='word_1_157' title='bbox 1926 1931 2187 2012; x_wconf 88' lang='lat' dir='ltr'><strong>faciam,</strong></span> <span class='ocrx_word' id='word_1_158' title='bbox 2242 1932 2476 2017; x_wconf 89' lang='lat' dir='ltr'><strong>quod</strong></span> <span class='ocrx_word' id='word_1_159' title='bbox 2456 1957 2524 1997; x_wconf 88' lang='lat' dir='ltr'><strong>m</strong></span> 
     </span>
     <span class='ocr_line' id='line_1_23' title="bbox 462 2022 2520 2116; baseline 0.002 -29"><span class='ocrx_word' id='word_1_160' title='bbox 462 2022 770 2116; x_wconf 82' lang='lat' dir='ltr'><strong>principio</strong></span> <span class='ocrx_word' id='word_1_161' title='bbox 797 2023 982 2088; x_wconf 90' lang='lat' dir='ltr'><strong>fieri</strong></span> <span class='ocrx_word' id='word_1_162' title='bbox 961 2048 1030 2089; x_wconf 88' lang='grc' dir='ltr'><strong>ιιι</strong></span> <span class='ocrx_word' id='word_1_163' title='bbox 1057 2025 1348 2090; x_wconf 87' lang='lat' dir='ltr'><strong>omnibus</strong></span> <span class='ocrx_word' id='word_1_164' title='bbox 1376 2025 1909 2112; x_wconf 75' lang='lat' dir='ltr'><strong>disputationibus</strong></span> <span class='ocrx_word' id='word_1_165' title='bbox 1946 2037 2237 2113; x_wconf 88' lang='lat' dir='ltr'><strong>oportere</strong></span> <span class='ocrx_word' id='word_1_166' title='bbox 2266 2048 2520 2104; x_wconf 88' lang='lat' dir='ltr'><strong>cense0,</strong></span> 
     </span>
     <span class='ocr_line' id='line_1_24' title="bbox 462 2115 2531 2208; baseline 0.004 -30"><span class='ocrx_word' id='word_1_167' title='bbox 462 2125 561 2193; x_wconf 88' lang='lat' dir='ltr'><strong>ut,</strong></span> <span class='ocrx_word' id='word_1_168' title='bbox 609 2117 761 2200; x_wconf 92' lang='lat' dir='ltr'><strong>quid</strong></span> <span class='ocrx_word' id='word_1_169' title='bbox 792 2115 950 2181; x_wconf 90' lang='lat' dir='ltr'><strong>illud</strong></span> <span class='ocrx_word' id='word_1_170' title='bbox 986 2116 1097 2195; x_wconf 89' lang='lat' dir='ltr'><strong>sit,</strong></span> <span class='ocrx_word' id='word_1_171' title='bbox 1145 2118 1222 2182; x_wconf 91' lang='lat' dir='ltr'><strong>de</strong></span> <span class='ocrx_word' id='word_1_172' title='bbox 1259 2140 1384 2203; x_wconf 88' lang='lat' dir='ltr'><strong>quo</strong></span> <span class='ocrx_word' id='word_1_173' title='bbox 1422 2119 1804 2207; x_wconf 85' lang='lat' dir='ltr'><strong>disputetur,</strong></span> <span class='ocrx_word' id='word_1_174' title='bbox 1849 2122 2248 2208; x_wconf 83' lang='lat' dir='ltr'><strong>explanetur,</strong></span> <span class='ocrx_word' id='word_1_175' title='bbox 2292 2143 2376 2186; x_wconf 88' lang='lat' dir='ltr'><strong>ne</strong></span> <span class='ocrx_word' id='word_1_176' title='bbox 2410 2143 2531 2186; x_wconf 81' lang='lat' dir='ltr'><strong>va-</strong></span> 
     </span>
     <span class='ocr_line' id='line_1_25' title="bbox 463 2207 2526 2301; baseline 0.002 -27"><span class='ocrx_word' id='word_1_177' title='bbox 463 2207 614 2293; x_wconf 84' lang='lat' dir='ltr'><strong>gari</strong></span> <span class='ocrx_word' id='word_1_178' title='bbox 638 2221 703 2274; x_wconf 84' lang='lat' dir='ltr'><strong>et</strong></span> <span class='ocrx_word' id='word_1_179' title='bbox 736 2232 946 2276; x_wconf 81' lang='lat' dir='ltr'><strong>errare</strong></span> <span class='ocrx_word' id='word_1_180' title='bbox 981 2221 1246 2299; x_wconf 77' lang='lat' dir='ltr'><strong>cogatur</strong></span> <span class='ocrx_word' id='word_1_181' title='bbox 1289 2214 1520 2293; x_wconf 87' lang='lat' dir='ltr'><strong>oratio,</strong></span> <span class='ocrx_word' id='word_1_182' title='bbox 1576 2215 1633 2280; x_wconf 92' lang='lat' dir='ltr'><strong>si</strong></span> <span class='ocrx_word' id='word_1_183' title='bbox 1666 2215 1754 2295; x_wconf 92' lang='lat' dir='ltr'><strong>ei,</strong></span> <span class='ocrx_word' id='word_1_184' title='bbox 1808 2215 1917 2301; x_wconf 92' lang='lat' dir='ltr'><strong>qui</strong></span> <span class='ocrx_word' id='word_1_185' title='bbox 1956 2215 2121 2280; x_wconf 87' lang='lat' dir='ltr'><strong>inter</strong></span> <span class='ocrx_word' id='word_1_186' title='bbox 2158 2237 2228 2280; x_wconf 91' lang='lat' dir='ltr'><strong>se</strong></span> <span class='ocrx_word' id='word_1_187' title='bbox 2274 2214 2526 2280; x_wconf 87' lang='lat' dir='ltr'><strong>dissen-</strong></span> 
     </span>
     <span class='ocr_line' id='line_1_26' title="bbox 468 2302 2527 2397; baseline 0.004 -30"><span class='ocrx_word' id='word_1_188' title='bbox 468 2302 691 2382; x_wconf 84' lang='lat' dir='ltr'><strong>serint,</strong></span> <span class='ocrx_word' id='word_1_189' title='bbox 727 2327 857 2370; x_wconf 88' lang='lat' dir='ltr'><strong>non</strong></span> <span class='ocrx_word' id='word_1_190' title='bbox 889 2305 1061 2373; x_wconf 89' lang='lat' dir='ltr'><strong>idem</strong></span> <span class='ocrx_word' id='word_1_191' title='bbox 1099 2304 1300 2395; x_wconf 85' lang='lat' dir='ltr'><strong>[esse]</strong></span> <span class='ocrx_word' id='word_1_192' title='bbox 1336 2308 1521 2388; x_wconf 90' lang='lat' dir='ltr'><strong>illud,</strong></span> <span class='ocrx_word' id='word_1_193' title='bbox 1568 2330 1696 2393; x_wconf 92' lang='lat' dir='ltr'><strong>quo</strong></span> <span class='ocrx_word' id='word_1_194' title='bbox 1733 2312 1812 2375; x_wconf 92' lang='lat' dir='ltr'><strong>de</strong></span> <span class='ocrx_word' id='word_1_195' title='bbox 1849 2309 2082 2419; x_wconf 84' lang='lat' dir='ltr'><strong>agitur,</strong></span> <span class='ocrx_word' id='word_1_196' title='bbox 2126 2309 2527 2397; x_wconf 79' lang='lat' dir='ltr'><strong>intellegant.</strong></span> 
     </span>
     <span class='ocr_line' id='line_1_27' title="bbox 466 2398 2525 2489; baseline 0.004 -28"><span class='ocrx_word' id='word_1_197' title='bbox 466 2419 616 2462; x_wconf 86' lang='lat' dir='ltr'><strong>nam</strong></span> <span class='ocrx_word' id='word_1_198' title='bbox 651 2399 708 2463; x_wconf 91' lang='lat' dir='ltr'><strong>si</strong></span> <span class='ocrx_word' id='word_1_199' title='bbox 741 2398 906 2466; x_wconf 87' lang='lat' dir='ltr'><strong>forte</strong></span> <span class='ocrx_word' id='word_1_200' title='bbox 940 2411 1348 2485; x_wconf 86' lang='lat' dir='ltr'><strong>quaereretur</strong></span> <span class='ocrx_word' id='word_1_201' title='bbox 1381 2424 1547 2487; x_wconf 85' lang='lat' dir='ltr'><strong>quae</strong></span> <span class='ocrx_word' id='word_1_202' title='bbox 1574 2414 1748 2470; x_wconf 88' lang='lat' dir='ltr'><strong>esset</strong></span> <span class='ocrx_word' id='word_1_203' title='bbox 1784 2426 1886 2469; x_wconf 90' lang='lat' dir='ltr'><strong>ars</strong></span> <span class='ocrx_word' id='word_1_204' title='bbox 1912 2403 2328 2489; x_wconf 86' lang='lat' dir='ltr'><strong>imperatoris,</strong></span> <span class='ocrx_word' id='word_1_205' title='bbox 2368 2426 2525 2469; x_wconf 89' lang='lat' dir='ltr'><strong>con-</strong></span> 
     </span>
     <span class='ocr_line' id='line_1_28' title="bbox 465 2491 2521 2584; baseline 0.003 -29"><span class='ocrx_word' id='word_1_206' title='bbox 465 2491 852 2559; x_wconf 87' lang='lat' dir='ltr'><strong>stituendum</strong></span> <span class='ocrx_word' id='word_1_207' title='bbox 881 2506 1171 2582; x_wconf 85' lang='lat' dir='ltr'><strong>putarem</strong></span> <span class='ocrx_word' id='word_1_208' title='bbox 1213 2495 1552 2584; x_wconf 89' lang='lat' dir='ltr'><strong>principio,</strong></span> <span class='ocrx_word' id='word_1_209' title='bbox 1597 2498 1739 2582; x_wconf 90' lang='lat' dir='ltr'><strong>quis</strong></span> <span class='ocrx_word' id='word_1_210' title='bbox 1784 2507 1955 2563; x_wconf 88' lang='lat' dir='ltr'><strong>esset</strong></span> <span class='ocrx_word' id='word_1_211' title='bbox 1987 2498 2325 2583; x_wconf 87' lang='lat' dir='ltr'><strong>imperator</strong></span> <span class='ocrx_word' id='word_1_212' title='bbox 2332 2523 2351 2575; x_wconf 92' lang='lat'>3</span> <span class='ocrx_word' id='word_1_213' title='bbox 2406 2498 2521 2581; x_wconf 86' lang='lat' dir='ltr'><strong>qui</strong></span> 
     </span>
     <span class='ocr_line' id='line_1_29' title="bbox 465 2590 2523 2679; baseline 0.002 -28"><span class='ocrx_word' id='word_1_214' title='bbox 465 2608 612 2651; x_wconf 86' lang='lat' dir='ltr'><strong>cum</strong></span> <span class='ocrx_word' id='word_1_215' title='bbox 647 2598 822 2654; x_wconf 83' lang='lat' dir='ltr'><strong>esset</strong></span> <span class='ocrx_word' id='word_1_216' title='bbox 853 2590 1230 2655; x_wconf 77' lang='lat' dir='ltr'><strong>constitutus</strong></span> <span class='ocrx_word' id='word_1_217' title='bbox 1259 2591 1729 2659; x_wconf 86' lang='lat' dir='ltr'><strong>administrator</strong></span> <span class='ocrx_word' id='word_1_218' title='bbox 1762 2592 2023 2676; x_wconf 86' lang='lat' dir='ltr'><strong>quidam</strong></span> <span class='ocrx_word' id='word_1_219' title='bbox 2055 2590 2207 2657; x_wconf 84' lang='lat' dir='ltr'><strong>belli</strong></span> <span class='ocrx_word' id='word_1_220' title='bbox 2232 2592 2523 2679; x_wconf 86' lang='lat' dir='ltr'><strong>gerendi,</strong></span> 
     </span>
     <span class='ocr_line' id='line_1_30' title="bbox 462 2682 2522 2773; baseline 0.003 -29"><span class='ocrx_word' id='word_1_221' title='bbox 462 2691 598 2745; x_wconf 90' lang='lat' dir='ltr'><strong>tum</strong></span> <span class='ocrx_word' id='word_1_222' title='bbox 641 2682 1050 2771; x_wconf 86' lang='lat' dir='ltr'><strong>adiungerem</strong></span> <span class='ocrx_word' id='word_1_223' title='bbox 1085 2686 1166 2750; x_wconf 89' lang='lat' dir='ltr'><strong>de</strong></span> <span class='ocrx_word' id='word_1_224' title='bbox 1209 2685 1518 2765; x_wconf 84' lang='lat' dir='ltr'><strong>exercitu,</strong></span> <span class='ocrx_word' id='word_1_225' title='bbox 1574 2687 1654 2751; x_wconf 87' lang='lat' dir='ltr'><strong>de</strong></span> <span class='ocrx_word' id='word_1_226' title='bbox 1706 2686 1961 2763; x_wconf 85' lang='lat' dir='ltr'><strong>castris,</strong></span> <span class='ocrx_word' id='word_1_227' title='bbox 2014 2685 2093 2751; x_wconf 92' lang='lat' dir='ltr'><strong>de</strong></span> <span class='ocrx_word' id='word_1_228' title='bbox 2138 2686 2522 2773; x_wconf 76' lang='lat' dir='ltr'><strong>agminibUS,</strong></span> 
     </span>
     <span class='ocr_line' id='line_1_31' title="bbox 465 2776 2530 2869; baseline 0.002 -30"><span class='ocrx_word' id='word_1_229' title='bbox 465 2776 544 2840; x_wconf 91' lang='lat' dir='ltr'><strong>de</strong></span> <span class='ocrx_word' id='word_1_230' title='bbox 581 2777 909 2864; x_wconf 87' lang='lat' dir='ltr'><strong>signorum</strong></span> <span class='ocrx_word' id='word_1_231' title='bbox 943 2779 1434 2859; x_wconf 83' lang='lat' dir='ltr'><strong>conlationibus,</strong></span> <span class='ocrx_word' id='word_1_232' title='bbox 1488 2782 1569 2847; x_wconf 88' lang='lat' dir='ltr'><strong>de</strong></span> <span class='ocrx_word' id='word_1_233' title='bbox 1613 2780 1989 2869; x_wconf 86' lang='lat' dir='ltr'><strong>oppidorum</strong></span> <span class='ocrx_word' id='word_1_234' title='bbox 2034 2778 2530 2868; x_wconf 83' lang='lat' dir='ltr'><strong>oppugnationi-</strong></span> 
     </span>
     <span class='ocr_line' id='line_1_32' title="bbox 461 2869 2521 2959; baseline 0.003 -26"><span class='ocrx_word' id='word_1_235' title='bbox 461 2869 610 2948; x_wconf 85' lang='lat' dir='ltr'><strong>bus,</strong></span> <span class='ocrx_word' id='word_1_236' title='bbox 655 2872 736 2937; x_wconf 87' lang='lat' dir='ltr'><strong>de</strong></span> <span class='ocrx_word' id='word_1_237' title='bbox 781 2884 1134 2940; x_wconf 89' lang='lat' dir='ltr'><strong>commeatu</strong></span> <span class='ocrx_word' id='word_1_238' title='bbox 1145 2922 1164 2953; x_wconf 95' lang='lat'><strong>,</strong></span> <span class='ocrx_word' id='word_1_239' title='bbox 1218 2876 1298 2940; x_wconf 92' lang='lat' dir='ltr'><strong>de</strong></span> <span class='ocrx_word' id='word_1_240' title='bbox 1341 2875 1589 2942; x_wconf 87' lang='lat' dir='ltr'><strong>insidiis</strong></span> <span class='ocrx_word' id='word_1_241' title='bbox 1643 2874 1951 2941; x_wconf 84' lang='lat' dir='ltr'><strong>faciendis</strong></span> <span class='ocrx_word' id='word_1_242' title='bbox 1988 2886 2175 2959; x_wconf 85' lang='lat' dir='ltr'><strong>atque</strong></span> <span class='ocrx_word' id='word_1_243' title='bbox 2220 2873 2521 2951; x_wconf 87' lang='lat' dir='ltr'><strong>vitandis,</strong></span> 
     </span>
     <span class='ocr_line' id='line_1_33' title="bbox 463 2962 2525 3057; baseline 0.003 -33"><span class='ocrx_word' id='word_1_244' title='bbox 463 2962 543 3025; x_wconf 87' lang='lat' dir='ltr'><strong>de</strong></span> <span class='ocrx_word' id='word_1_245' title='bbox 593 2964 852 3050; x_wconf 89' lang='lat' dir='ltr'><strong>reliquis</strong></span> <span class='ocrx_word' id='word_1_246' title='bbox 903 2968 1131 3046; x_wconf 89' lang='lat' dir='ltr'><strong>rebus,</strong></span> <span class='ocrx_word' id='word_1_247' title='bbox 1175 2990 1364 3053; x_wconf 85' lang='lat' dir='ltr'><strong>quae</strong></span> <span class='ocrx_word' id='word_1_248' title='bbox 1423 2980 1641 3035; x_wconf 89' lang='lat' dir='ltr'><strong>essent</strong></span> <span class='ocrx_word' id='word_1_249' title='bbox 1698 2969 1992 3057; x_wconf 88' lang='lat' dir='ltr'><strong>propriae</strong></span> <span class='ocrx_word' id='word_1_250' title='bbox 2046 2968 2199 3033; x_wconf 89' lang='lat' dir='ltr'><strong>belli</strong></span> <span class='ocrx_word' id='word_1_251' title='bbox 2250 2967 2525 3032; x_wconf 87' lang='lat' dir='ltr'><strong>admini-</strong></span> 
     </span>
     <span class='ocr_line' id='line_1_34' title="bbox 463 3058 2518 3170; baseline 0.003 -51"><span class='ocrx_word' id='word_1_252' title='bbox 463 3058 731 3137; x_wconf 83' lang='lat' dir='ltr'><strong>strandi3</strong></span> <span class='ocrx_word' id='word_1_253' title='bbox 786 3082 1052 3170; x_wconf 88' lang='lat' dir='ltr'><strong>quarum</strong></span> <span class='ocrx_word' id='word_1_254' title='bbox 1087 3062 1234 3146; x_wconf 90' lang='lat' dir='ltr'><strong>qui</strong></span> <span class='ocrx_word' id='word_1_255' title='bbox 1240 3075 1458 3129; x_wconf 89' lang='lat' dir='ltr'><strong>essent</strong></span> <span class='ocrx_word' id='word_1_256' title='bbox 1500 3064 1709 3130; x_wconf 89' lang='lat' dir='ltr'><strong>animo</strong></span> <span class='ocrx_word' id='word_1_257' title='bbox 1746 3074 1811 3128; x_wconf 94' lang='lat' dir='ltr'><strong>et</strong></span> <span class='ocrx_word' id='word_1_258' title='bbox 1854 3063 2118 3129; x_wconf 84' lang='lat' dir='ltr'><strong>scientia</strong></span> <span class='ocrx_word' id='word_1_259' title='bbox 2170 3071 2518 3147; x_wconf 88' lang='lat' dir='ltr'><strong>compotes,</strong></span> 
     </span>
     <span class='ocr_line' id='line_1_35' title="bbox 462 3152 2524 3242; baseline 0.002 -29"><span class='ocrx_word' id='word_1_260' title='bbox 462 3171 572 3214; x_wconf 91' lang='lat' dir='ltr'><strong>eos</strong></span> <span class='ocrx_word' id='word_1_261' title='bbox 619 3172 760 3218; x_wconf 91' lang='lat' dir='ltr'><strong>esse</strong></span> <span class='ocrx_word' id='word_1_262' title='bbox 802 3155 1214 3241; x_wconf 87' lang='lat' dir='ltr'><strong>imperatores</strong></span> <span class='ocrx_word' id='word_1_263' title='bbox 1261 3157 1565 3236; x_wconf 88' lang='lat' dir='ltr'><strong>dicerem,</strong></span> <span class='ocrx_word' id='word_1_264' title='bbox 1608 3169 1943 3241; x_wconf 87' lang='lat' dir='ltr'><strong>utererque</strong></span> <span class='ocrx_word' id='word_1_265' title='bbox 1996 3156 2297 3242; x_wconf 81' lang='lat' dir='ltr'><strong>exemplis</strong></span> <span class='ocrx_word' id='word_1_266' title='bbox 2330 3152 2524 3223; x_wconf 84' lang='lat' dir='ltr'><strong>Afri-</strong></span> 
     </span>
     <span class='ocr_line' id='line_1_36' title="bbox 461 3246 2523 3339; baseline 0.002 -32"><span class='ocrx_word' id='word_1_267' title='bbox 461 3264 760 3309; x_wconf 88' lang='lat' dir='ltr'><strong>canorum</strong></span> <span class='ocrx_word' id='word_1_268' title='bbox 794 3257 859 3313; x_wconf 87' lang='lat' dir='ltr'><strong>et</strong></span> <span class='ocrx_word' id='word_1_269' title='bbox 890 3248 1351 3329; x_wconf 69' lang='lat' dir='ltr'><strong>Maximorum,</strong></span> <span class='ocrx_word' id='word_1_270' title='bbox 1403 3252 1916 3339; x_wconf 85' lang='lat' dir='ltr'><strong>Epaminondam</strong></span> <span class='ocrx_word' id='word_1_271' title='bbox 1960 3261 2149 3335; x_wconf 89' lang='lat' dir='ltr'><strong>atque</strong></span> <span class='ocrx_word' id='word_1_272' title='bbox 2182 3246 2523 3314; x_wconf 83' lang='lat' dir='ltr'><strong>Hanniba-</strong></span> 
     </span>
     <span class='ocr_line' id='line_1_37' title="bbox 462 3336 2523 3429; baseline 0.003 -29"><span class='ocrx_word' id='word_1_273' title='bbox 462 3336 589 3401; x_wconf 90' lang='lat' dir='ltr'><strong>lem</strong></span> <span class='ocrx_word' id='word_1_274' title='bbox 624 3348 812 3422; x_wconf 87' lang='lat' dir='ltr'><strong>atque</strong></span> <span class='ocrx_word' id='word_1_275' title='bbox 847 3340 984 3407; x_wconf 88' lang='lat' dir='ltr'><strong>eius</strong></span> <span class='ocrx_word' id='word_1_276' title='bbox 1036 3343 1290 3429; x_wconf 87' lang='lat' dir='ltr'><strong>generis</strong></span> <span class='ocrx_word' id='word_1_277' title='bbox 1341 3344 1631 3411; x_wconf 88' lang='lat' dir='ltr'><strong>homines</strong></span> <span class='ocrx_word' id='word_1_278' title='bbox 1682 3344 2106 3423; x_wconf 88' lang='lat' dir='ltr'><strong>nominarem3</strong></span> <span class='ocrx_word' id='word_1_279' title='bbox 2160 3344 2261 3409; x_wconf 89' lang='lat' dir='ltr'><strong>sin</strong></span> <span class='ocrx_word' id='word_1_280' title='bbox 2306 3354 2523 3407; x_wconf 86' lang='lat' dir='ltr'><strong>autem</strong></span> 
     </span>
     <span class='ocr_line' id='line_1_38' title="bbox 459 3436 2525 3526; baseline 0.002 -29"><span class='ocrx_word' id='word_1_281' title='bbox 459 3454 905 3517; x_wconf 86' lang='lat' dir='ltr'><strong>quaereremus</strong></span> <span class='ocrx_word' id='word_1_282' title='bbox 942 3437 1083 3521; x_wconf 88' lang='lat' dir='ltr'><strong>quis</strong></span> <span class='ocrx_word' id='word_1_283' title='bbox 1132 3449 1306 3504; x_wconf 88' lang='lat' dir='ltr'><strong>esset</strong></span> <span class='ocrx_word' id='word_1_284' title='bbox 1345 3439 1432 3518; x_wconf 89' lang='lat' dir='ltr'><strong>is,</strong></span> <span class='ocrx_word' id='word_1_285' title='bbox 1487 3439 1597 3524; x_wconf 89' lang='lat' dir='ltr'><strong>qui</strong></span> <span class='ocrx_word' id='word_1_286' title='bbox 1632 3439 1716 3504; x_wconf 87' lang='lat' dir='ltr'><strong>ad</strong></span> <span class='ocrx_word' id='word_1_287' title='bbox 1756 3461 1895 3505; x_wconf 88' lang='lat' dir='ltr'><strong>rem</strong></span> <span class='ocrx_word' id='word_1_288' title='bbox 1941 3438 2264 3526; x_wconf 86' lang='lat' dir='ltr'><strong>publicam</strong></span> <span class='ocrx_word' id='word_1_289' title='bbox 2298 3436 2525 3501; x_wconf 87' lang='lat' dir='ltr'><strong>mode-</strong></span> 
     </span>
     <span class='ocr_line' id='line_1_39' title="bbox 457 3528 2520 3609; baseline 0.002 -18"><span class='ocrx_word' id='word_1_290' title='bbox 457 3528 724 3594; x_wconf 88' lang='lat' dir='ltr'><strong>randam</strong></span> <span class='ocrx_word' id='word_1_291' title='bbox 755 3552 944 3595; x_wconf 89' lang='lat' dir='ltr'><strong>usum</strong></span> <span class='ocrx_word' id='word_1_292' title='bbox 979 3541 1045 3597; x_wconf 90' lang='lat' dir='ltr'><strong>et</strong></span> <span class='ocrx_word' id='word_1_293' title='bbox 1095 3532 1425 3599; x_wconf 83' lang='lat' dir='ltr'><strong>scientiam</strong></span> <span class='ocrx_word' id='word_1_294' title='bbox 1460 3544 1523 3599; x_wconf 83' lang='lat' dir='ltr'><strong>et</strong></span> <span class='ocrx_word' id='word_1_295' title='bbox 1559 3534 1839 3599; x_wconf 86' lang='lat' dir='ltr'><strong>studium</strong></span> <span class='ocrx_word' id='word_1_296' title='bbox 1886 3555 2074 3597; x_wconf 89' lang='lat' dir='ltr'><strong>suum</strong></span> <span class='ocrx_word' id='word_1_297' title='bbox 2125 3530 2520 3609; x_wconf 87' lang='lat' dir='ltr'><strong>contulisset,</strong></span> 
     </span>
     <span class='ocr_line' id='line_1_40' title="bbox 459 3623 2522 3712; baseline 0.001 -26"><span class='ocrx_word' id='word_1_298' title='bbox 459 3623 786 3691; x_wconf 83' lang='lat' dir='ltr'><strong>definirem</strong></span> <span class='ocrx_word' id='word_1_299' title='bbox 819 3624 943 3691; x_wconf 91' lang='lat' dir='ltr'><strong>hoc</strong></span> <span class='ocrx_word' id='word_1_300' title='bbox 975 3627 1197 3693; x_wconf 85' lang='lat' dir='ltr'><strong>modo:</strong></span> <span class='ocrx_word' id='word_1_301' title='bbox 1252 3627 1361 3711; x_wconf 90' lang='lat' dir='ltr'><strong>qui</strong></span> <span class='ocrx_word' id='word_1_302' title='bbox 1396 3628 1629 3712; x_wconf 87' lang='lat' dir='ltr'><strong>quibus</strong></span> <span class='ocrx_word' id='word_1_303' title='bbox 1662 3627 1856 3693; x_wconf 91' lang='lat' dir='ltr'><strong>rebus</strong></span> <span class='ocrx_word' id='word_1_304' title='bbox 1906 3626 2147 3692; x_wconf 88' lang='lat' dir='ltr'><strong>utilitas</strong></span> <span class='ocrx_word' id='word_1_305' title='bbox 2181 3625 2275 3691; x_wconf 89' lang='lat' dir='ltr'><strong>rei</strong></span> <span class='ocrx_word' id='word_1_306' title='bbox 2308 3624 2522 3712; x_wconf 84' lang='lat' dir='ltr'><strong>publi-</strong></span> 
     </span>
     <span class='ocr_line' id='line_1_41' title="bbox 458 3720 2521 3809; baseline 0 -27"><span class='ocrx_word' id='word_1_307' title='bbox 458 3740 571 3783; x_wconf 88' lang='lat' dir='ltr'><strong>cae</strong></span> <span class='ocrx_word' id='word_1_308' title='bbox 605 3731 932 3806; x_wconf 89' lang='lat' dir='ltr'><strong>pareretur</strong></span> <span class='ocrx_word' id='word_1_309' title='bbox 967 3733 1447 3809; x_wconf 88' lang='lat' dir='ltr'><strong>augereturque,</strong></span> <span class='ocrx_word' id='word_1_310' title='bbox 1485 3734 1729 3790; x_wconf 88' lang='lat' dir='ltr'><strong>teneret</strong></span> <span class='ocrx_word' id='word_1_311' title='bbox 1762 3723 1979 3807; x_wconf 89' lang='lat' dir='ltr'><strong>eisque</strong></span> <span class='ocrx_word' id='word_1_312' title='bbox 2006 3732 2308 3798; x_wconf 86' lang='lat' dir='ltr'><strong>uteretur,</strong></span> <span class='ocrx_word' id='word_1_313' title='bbox 2346 3720 2521 3783; x_wconf 89' lang='lat' dir='ltr'><strong>hunc</strong></span> 
     </span>
     <span class='ocr_line' id='line_1_42' title="bbox 456 3812 2525 3904; baseline 0.001 -28"><span class='ocrx_word' id='word_1_314' title='bbox 456 3812 550 3877; x_wconf 89' lang='lat' dir='ltr'><strong>rei</strong></span> <span class='ocrx_word' id='word_1_315' title='bbox 598 3815 890 3901; x_wconf 86' lang='lat' dir='ltr'><strong>publicae</strong></span> <span class='ocrx_word' id='word_1_316' title='bbox 940 3826 1252 3883; x_wconf 85' lang='lat' dir='ltr'><strong>rectorem</strong></span> <span class='ocrx_word' id='word_1_317' title='bbox 1304 3827 1371 3881; x_wconf 91' lang='lat' dir='ltr'><strong>et</strong></span> <span class='ocrx_word' id='word_1_318' title='bbox 1420 3817 1667 3883; x_wconf 85' lang='lat' dir='ltr'><strong>consilii</strong></span> <span class='ocrx_word' id='word_1_319' title='bbox 1716 3816 1954 3904; x_wconf 86' lang='lat' dir='ltr'><strong>publici</strong></span> <span class='ocrx_word' id='word_1_320' title='bbox 2006 3827 2328 3881; x_wconf 87' lang='lat' dir='ltr'><strong>auctorem</strong></span> <span class='ocrx_word' id='word_1_321' title='bbox 2372 3836 2525 3879; x_wconf 88' lang='lat' dir='ltr'><strong>esse</strong></span> 
     </span>
     <span class='ocr_line' id='line_1_43' title="bbox 457 3905 2521 3999; baseline 0.001 -31"><span class='ocrx_word' id='word_1_322' title='bbox 457 3905 839 3986; x_wconf 85' lang='lat' dir='ltr'><strong>habendum,</strong></span> <span class='ocrx_word' id='word_1_323' title='bbox 874 3910 1429 3995; x_wconf 84' lang='lat' dir='ltr'><strong>praedicaremque</strong></span> <span class='ocrx_word' id='word_1_324' title='bbox 1463 3912 1543 3977; x_wconf 90' lang='grc' dir='ltr'><strong>Ρ.</strong></span> <span class='ocrx_word' id='word_1_325' title='bbox 1570 3912 1919 3977; x_wconf 90' lang='lat' dir='ltr'><strong>Lentulum</strong></span> <span class='ocrx_word' id='word_1_326' title='bbox 1951 3909 2301 3999; x_wconf 90' lang='lat' dir='ltr'><strong>principem</strong></span> <span class='ocrx_word' id='word_1_327' title='bbox 2335 3907 2521 3972; x_wconf 89' lang='lat' dir='ltr'><strong>illum</strong></span> 
     </span>
     <span class='ocr_line' id='line_1_44' title="bbox 459 3998 2522 4090; baseline 0.003 -31"><span class='ocrx_word' id='word_1_328' title='bbox 459 4008 524 4059; x_wconf 88' lang='lat' dir='ltr'><strong>et</strong></span> <span class='ocrx_word' id='word_1_329' title='bbox 565 3998 667 4063; x_wconf 82' lang='lat' dir='ltr'><strong>Ti.</strong></span> <span class='ocrx_word' id='word_1_330' title='bbox 716 4000 1078 4067; x_wconf 87' lang='lat' dir='ltr'><strong>Gracchum</strong></span> <span class='ocrx_word' id='word_1_331' title='bbox 1128 4014 1374 4090; x_wconf 81' lang='lat' dir='ltr'><strong>patrem</strong></span> <span class='ocrx_word' id='word_1_332' title='bbox 1420 4015 1484 4069; x_wconf 86' lang='lat' dir='ltr'><strong>et</strong></span> <span class='ocrx_word' id='word_1_333' title='bbox 1528 4004 1611 4087; x_wconf 83' lang='lat' dir='ltr'><strong>Q.</strong></span> <span class='ocrx_word' id='word_1_334' title='bbox 1658 4004 1995 4070; x_wconf 86' lang='lat' dir='ltr'><strong>Metellum</strong></span> <span class='ocrx_word' id='word_1_335' title='bbox 2038 4015 2102 4069; x_wconf 87' lang='lat' dir='ltr'><strong>et</strong></span> <span class='ocrx_word' id='word_1_336' title='bbox 2141 4005 2221 4070; x_wconf 89' lang='lat' dir='ltr'><strong>P.</strong></span> <span class='ocrx_word' id='word_1_337' title='bbox 2258 4000 2522 4067; x_wconf 86' lang='lat' dir='ltr'><strong>Africa-</strong></span> 
     </span>
     <span class='ocr_line' id='line_1_45' title="bbox 457 4091 2521 4165; baseline 0.005 -14"><span class='ocrx_word' id='word_1_338' title='bbox 457 4110 613 4152; x_wconf 89' lang='lat' dir='ltr'><strong>num</strong></span> <span class='ocrx_word' id='word_1_339' title='bbox 647 4102 712 4155; x_wconf 92' lang='lat' dir='ltr'><strong>et</strong></span> <span class='ocrx_word' id='word_1_340' title='bbox 747 4091 826 4158; x_wconf 82' lang='lat' dir='ltr'><strong>O.</strong></span> <span class='ocrx_word' id='word_1_341' title='bbox 861 4095 1157 4161; x_wconf 88' lang='lat' dir='ltr'><strong>Laelium</strong></span> <span class='ocrx_word' id='word_1_342' title='bbox 1193 4107 1256 4163; x_wconf 88' lang='lat' dir='ltr'><strong>et</strong></span> <span class='ocrx_word' id='word_1_343' title='bbox 1288 4098 1762 4164; x_wconf 88' lang='lat' dir='ltr'><strong>innumerabilis</strong></span> <span class='ocrx_word' id='word_1_344' title='bbox 1800 4098 1957 4165; x_wconf 84' lang='lat' dir='ltr'><strong>alios</strong></span> <span class='ocrx_word' id='word_1_345' title='bbox 1994 4121 2139 4165; x_wconf 90' lang='lat' dir='ltr'><strong>cum</strong></span> <span class='ocrx_word' id='word_1_346' title='bbox 2174 4121 2254 4163; x_wconf 85' lang='lat' dir='ltr'><strong>ex</strong></span> <span class='ocrx_word' id='word_1_347' title='bbox 2294 4106 2521 4162; x_wconf 82' lang='lat' dir='ltr'><strong>nostra</strong></span> 
     </span>
    </p>
   </div>
   <div class='ocr_carea' id='block_1_9' title="bbox 2746 1257 2749 3367">
    <p class='ocr_par' dir='ltr' id='par_1_10' title="bbox 2746 1257 2749 3367">
     <span class='ocr_line' id='line_1_46' title="bbox 2746 1257 2749 3367; baseline 0 0"><span class='ocrx_word' id='word_1_348' title='bbox 2746 1257 2749 3367; x_wconf 95' lang='lat' dir='ltr'><strong> </strong></span> 
     </span>
    </p>
   </div>
   <div class='ocr_carea' id='block_1_10' title="bbox 2746 3516 2749 4079">
    <p class='ocr_par' dir='ltr' id='par_1_11' title="bbox 2746 3516 2749 4079">
     <span class='ocr_line' id='line_1_47' title="bbox 2746 3516 2749 4079; baseline 0 0"><span class='ocrx_word' id='word_1_349' title='bbox 2746 3516 2749 4079; x_wconf 95' lang='lat' dir='ltr'><strong> </strong></span> 
     </span>
    </p>
   </div>
  </div>
 </body>
</html>
