2784 4575
957 231 1275 293 ORATOR
1309 232 1482 289 1—5.
2119 220 2248 290 27¹1

710 755 810 852 M„
847 783 1182 850 TULLII
1218 780 1720 849 CICERONIS

620 895 756 962 AD
801 895 910 962 Μ.
960 893 1366 963 BRUTUM
1418 892 1830 962 ORATOR.

309 1102 549 1170 'Utrum
583 1098 901 1166 difficilius
945 1109 1059 1165 aut
1089 1098 1295 1165 maius
1341 1110 1516 1166 esset
1556 1121 1793 1186 negare
1838 1098 1954 1167 tibi
1997 1098 2252 1185 saepius
2288 1095 2315 1148 1

185 1197 364 1261 idem
396 1193 652 1282 roganti
687 1219 771 1260 an
813 1193 1067 1260 efficere
1100 1194 1198 1273 id,
1251 1193 1425 1279 quod
1464 1216 1757 1282 rogares,
1810 1193 1921 1260 diu
1954 1168 2319 1262 multum-²

184 1311 345 1374 que,
396 1291 628 1367 Brute,
693 1287 1006 1355 dubitavi·
1068 1310 1220 1354 nam
1271 1298 1336 1355 et
1385 1309 1623 1376 negare
1676 1287 1765 1367 ei,
1826 1309 2014 1400 quem
2066 1287 2253 1356 unice

183 1383 524 1494 diligerem
578 1383 804 1467 cuique
849 1382 1306 1449 carissisimum
1348 1405 1455 1448 me
1498 1405 1642 1449 esse
1690 1382 2018 1460 sentirem,
2068 1405 2255 1469 prae-

191 1477 415 1544 sertim
447 1488 514 1544 et
547 1477 715 1542 iusta
755 1477 998 1564 petenti
1031 1487 1098 1542 et
1139 1477 1466 1564 praeclara
1499 1477 1803 1564 cupienti,
1859 1477 2088 1544 durum
2140 1477 2256 1544 ad·

188 1571 455 1637 modum
487 1570 644 1636 mihi
677 1571 1038 1650 videbatur,
1093 1581 1159 1638 et
1194 1571 1517 1658 suscipere
1560 1581 1803 1637 tantam
1844 1594 1999 1650 rem,
2054 1590 2255 1656 quan·-

189 1677 326 1730 tam
359 1688 490 1730 non
523 1665 717 1731 modo
768 1665 1070 1732 facultate
1114 1666 1418 1750 consequi
1462 1665 1722 1730 difficile
1758 1676 1956 1744 esset,
2012 1663 2129 1730 sed
2160 1673 2256 1729 et-

189 1759 323 1824 iam
357 1759 740 1847 cogitatione
777 1760 1139 1848 complecti,
1192 1760 1304 1824 vix
1347 1761 1703 1826 arbitrabar
1742 1781 1889 1825 esse
1917 1758 2091 1836 eius,
2146 1755 2255 1842 qui

191 1864 516 1919 vereretur
573 1853 1135 1942 reprehensionem
1186 1854 1518 1920 doctorum
1570 1865 1761 1938 atque
1820 1851 2253 1939 prudentium3

191 1947 348 2033 quid
381 1947 550 2014 enim
585 1959 685 2014 est
716 1949 924 2014 maius
968 1971 1190 2034 quam,
1237 1972 1383 2014 cum
1434 1959 1613 2013 tanta
1658 1947 1742 2012 sit
1772 1947 1937 2012 inter
1972 1955 2251 2012 oratores
2284 1970 2314 2009 ε

190 2041 396 2108 bonos
448 2042 923 2121 dissimilitudo,
974 2043 1256 2109 iudicare
1306 2064 1473 2126 quae
1508 2041 1592 2106 sit
1626 2039 1867 2126 optima
1910 2038 2157 2127 species
2192 2048 2257 2104 et

191 2135 379 2221 quasi
419 2137 624 2224 figura
675 2137 968 2204 dicendi?
1017 2137 1189 2220 quod
1231 2136 1535 2220 quoniam
1573 2157 1680 2200 me
1734 2134 1990 2221 saepius
2038 2155 2253 2221 rogas,

195 2229 531 2316 adgrediar
563 2253 694 2297 non
727 2241 860 2296 tam
910 2230 1286 2318 perficiundi
1340 2253 1455 2318 spe
1497 2251 1691 2315 quam
1735 2227 2109 2317 experiundi
2143 2250 2258 2295 vo-

192 2321 462 2401 luntate3
505 2323 674 2388 malo
710 2324 910 2400 enim,
946 2344 1092 2389 cum
1129 2324 1340 2390 studio
1375 2334 1487 2390 tuo
1522 2323 1647 2389 sim
1679 2324 2051 2401 obsecutus,
2088 2320 2257 2387 desi-

195 2414 402 2480 derari
435 2438 476 2479 a
510 2423 574 2479 te
607 2415 1011 2501 prudentiam
1058 2438 1270 2482 meam
1314 2438 1537 2499 quam,
1592 2416 1650 2481 si
1690 2415 1761 2481 id
1801 2439 1930 2482 non
1974 2413 2254 2491 fecerim,

191 2507 726 2577 benevolentiam.

317 2601 592 2684 Quaeris
634 2600 830 2688 igitur
877 2600 1071 2686 idque
1111 2602 1241 2667 iam
1295 2602 1581 2689 saepius,
1635 2603 1808 2685 quod
1860 2600 2254 2687 eloquentiae
2288 2626 2316 2667 a

198 2718 400 2783 genus
435 2695 702 2781 probem
735 2694 1015 2761 maxime
1050 2707 1115 2762 et
1148 2696 1335 2781 quale
1377 2695 1539 2760 mihi
1580 2695 1871 2762 videatur
1912 2694 2099 2773 illud,
2153 2693 2259 2759 cui

196 2788 355 2855 nihil
407 2788 558 2855 addi
607 2788 842 2877 possit,
879 2791 1052 2876 quod
1079 2791 1200 2878 ego
1255 2811 1573 2856 summum
1616 2799 1681 2855 et
1720 2787 2255 2876 perfectissimum

192 2884 497 2965 iudicem3
531 2884 601 2951 in
635 2906 762 2970 quo
796 2907 1022 2951 vereor
1053 2909 1157 2965 ne,
1195 2885 1252 2952 si
1284 2885 1372 2965 id,
1408 2884 1583 2970 quod
1616 2884 1735 2963 vis,
1773 2884 2045 2951 effecero
2081 2906 2257 2950 eum-

198 3002 321 3065 que
355 2988 699 3058 oratorem,
755 3000 944 3064 quem
979 2979 1260 3064 quaeris,
1315 3000 1721 3066 expressero,
1765 2979 2014 3045 tardem
2048 2977 2260 3043 studia

199 3072 568 3151 multorum,
623 3072 732 3158 qui
775 3072 1218 3161 desperatione
1271 3072 1584 3140 debilitati
1627 3071 1901 3160 experiri
1933 3072 2002 3137 id
2032 3071 2257 3151 nolint,

199 3154 432 3252 quod
403 3190 475 3233 se
511 3167 777 3253 adsequi
809 3190 1003 3255 posse
1039 3168 1353 3235 diffidant.
1445 3168 1560 3234 sed
1593 3190 1713 3255 par
1746 3178 1848 3234 est
1880 3166 2086 3233 omnis
2119 3190 2259 3233 om-
2291 3191 2319 3232 4

202 3261 309 3326 nia
339 3261 640 3371 experiri,
684 3262 794 3346 qui
825 3284 930 3329 res
965 3286 1234 3351 magnas
1270 3275 1336 3330 et
1366 3285 1605 3351 magno
1640 3284 1834 3351 opere
1868 3260 2258 3350 expetendas

201 3352 716 3440 concupiverunt.
803 3357 1034 3467 quodsi
1084 3379 1275 3442 quem
1327 3369 1439 3424 aut
1491 3353 1750 3444 [natura
1799 3378 1918 3422 sua
1958 3352 2098 3443 aut]
2151 3353 2263 3421 ina

205 3447 581 3535 praestantis
615 3446 858 3535 ingenii
893 3450 990 3515 vis
1027 3451 1192 3517 forte
1228 3450 1479 3517 deficiet
1514 3460 1625 3517 aut
1664 3450 1877 3516 minus
1911 3449 2258 3517 instructus

205 3538 324 3605 erit
353 3563 730 3629 magnarum
765 3542 994 3609 artium
1029 3542 1402 3633 disciplinis,
1438 3554 1655 3612 teneat
1678 3556 1893 3611 tamen
1928 3567 2075 3611 eum
2116 3566 2259 3611 cur-

205 3654 374 3712 sum,
433 3655 625 3720 quem
673 3634 936 3723 poterit·
995 3637 1202 3725 prima
1251 3638 1424 3704 enim
1485 3648 1857 3750 sequentem
1919 3639 2261 3707 honestum

207 3738 306 3794 est
337 3727 404 3793 in
439 3730 735 3796 secundis
781 3730 1108 3825 tertiisque
1153 3732 1532 3813 consistere,
1574 3755 1726 3799 nam
1766 3733 1834 3799 in
1876 3734 2082 3822 poetis
2126 3757 2259 3799 non

209 3822 488 3889 Homero
525 3823 644 3889 soli
677 3818 856 3891 locus
892 3836 1020 3905 est,
1063 3837 1139 3892 ut
1173 3827 1253 3893 de
1292 3782 1559 3894 Graecis
1595 3804 1846 3914 loquar,
1882 3838 1993 3894 aut
2024 3827 2259 3893 Archi-

211 3914 388 3980 locho
425 3927 535 3981 aut
571 3915 877 4005 Sophocli
911 3932 1022 3986 aut
1051 3920 1362 4001 Pindaro,
1411 3922 1527 3989 sed
1560 3921 1786 3987 hor-um
1820 3921 1924 3989 vel
1960 3921 2256 3989 secundis

212 4008 312 4075 vel
342 4003 534 4076 etiam
562 4010 731 4079 infra
766 4015 1108 4083 secundos·
1088 4065 1109 4097 ,
1143 4037 1265 4083 nec
1316 4037 1470 4085 vero
1503 4016 1972 4085 Aristotelem
1952 4042 2020 4083 m
2052 4016 2259 4107 philo-—
2290 4041 2321 4085 ο
