2784 4575
119 610 231 738 νῖ

115 746 198 795 w

111 931 211 1029 1?

137 1338 214 1432 t:

283 1970 434 2020 ·ctae
476 1965 810 2035 plerumque
853 1970 1049 2019 essent
1091 1980 1128 2017 a
1170 1982 1256 2018 vv.
1283 1982 1382 2015 nn.

1069 768 1629 837 PRAEFATI
1650 770 1744 837 Ο.

319 1075 324 1077 .
376 1010 468 1065 De
501 1008 619 1063 vita
654 1014 712 1063 et
739 1007 963 1089 scriptis
991 1004 1282 1062 Ciceronis
1318 1023 1386 1063 ex
1425 1008 1603 1075 deret,
1621 1008 1687 1061 L.
1707 1004 1859 1061 Aelii
1886 1008 2121 1065 Stilonis
2140 1013 2165 1053 3
2194 1009 2502 1082 coniunge-

307 1077 490 1148 ipsius
517 1076 679 1132 libris
709 1082 768 1131 et
785 1075 1046 1146 epistulis
1074 1081 1236 1131 tanta
1257 1092 1388 1147 sup·
1423 1076 1526 1131 bat
1542 1075 1898 1146 frequentem
1917 1077 2293 1146 auditionem,
2328 1096 2365 1134 a
2384 1098 2497 1160 quo

306 1145 530 1217 peditat
545 1144 891 1201 narrationis
910 1143 1168 1214 materia,
1188 1150 1253 1198 ut
1270 1160 1387 1199 non
1424 1144 1781 1216 antiquitatis
1815 1143 2111 1203 Romanae
2152 1146 2358 1203 notitia
2398 1166 2499 1201 im-

308 1214 516 1285 exigua
563 1219 831 1269 nascatur
883 1212 1196 1269 difficultas
1233 1213 1386 1282 dele·
1422 1213 1724 1269 buebatur.
1798 1212 1894 1269 Sic
1934 1214 2070 1269 iecit
2111 1215 2501 1286 fundamenta,

309 1289 460 1349 ctus,
487 1298 654 1353 quem
716 1282 930 1337 ostulat
948 1282 1199 1337 brevitas
1219 1280 1388 1337 huius
1426 1281 1632 1355 quibus
1654 1298 1827 1353 aegre
1847 1289 2067 1338 careret
2088 1300 2383 1341 causarum
2402 1302 2500 1355 pa-

305 1350 609 1421 prooemii:
630 1369 668 1421 p
694 1350 874 1406 ιιτίαια
893 1350 1043 1407 enim
1065 1355 1214 1419 sunt,
1235 1366 1386 1421 quae
1424 1357 1624 1405 tronus
1644 1358 1947 1407 accuratus
1967 1358 2026 1406 et
2052 1352 2298 1432 diligens
2312 1357 2366 1420 ‚4
2390 1353 2503 1407 etsi

347 1419 604 1475 raeteriri
621 1420 712 1473 vix
738 1436 912 1488 posse
939 1419 1238 1474 videantur
1285 1420 1389 1474 sed
1423 1424 1544 1473 tum
1573 1434 1803 1499 quoque
1831 1426 1995 1475 erant
2021 1421 2211 1490 multi,
2250 1420 2350 1491 qui
2376 1422 2502 1475 sola

303 1438 407 1543 flio
439 1487 684 1558 repetita
726 1495 918 1567 tamen
951 1489 1181 1567 modum
1215 1459 1386 1541 f’acile
1423 1487 1640 1557 ingemi
1675 1494 1737 1567 et
1762 1486 2066 1543 facundiae
2095 1505 2204 1558 ope
2233 1494 2503 1558 putarent

307 1556 602 1611 excedant.
655 1555 959 1611 Maluimus
988 1572 1008 1607 1
1070 1560 1188 1623 tur,
1225 1570 1298 1608 ne
1319 1571 1387 1608 ea
1426 1572 1485 1608 se
1533 1571 1721 1610 causis
1769 1557 2009 1625 agendis
2062 1556 2303 1611 idoneos
2358 1557 2501 1611 fore.

346 1624 481 1679 lane
525 1623 938 1690 omitteremus,
1057 1621 1388 1678 emorabilia
1425 1620 1689 1677 Ciceroni
1705 1622 2262 1691 iamadulescentulo
2274 1641 2381 1679 nec
2398 1626 2503 1679 illa

304 1641 597 1747 Ciceronis
617 1688 931 1745 aSchiitzio
953 1689 1271 1762 composita
1289 1689 1386 1745 ad-
1425 1690 1779 1759 supellectile
1842 1692 2060 1759 placuit
2130 1694 2501 1772 supersedere

308 1762 444 1815 dere
495 1760 708 1829 passim
762 1764 1022 1813 correcta
1085 1765 1145 1813 et
1196 1763 1384 1826 aucta,
1422 1774 1531 1812 nec
1548 1757 1942 1829 philosophia,
1972 1776 2045 1813 ne
2074 1766 2172 1813 aut
2198 1762 2383 1815 inanis
2403 1767 2503 1815 aut

303 1832 604 1898 praeterea
624 1827 934 1881 subsistere
964 1827 1023 1881 in
1050 1843 1244 1881 earum
1260 1843 1386 1896 par-
1421 1826 1575 1881 iners
1604 1825 1784 1881 oratio
1816 1842 1921 1881 sua
1946 1828 2241 1895 evaderem
2278 1834 2338 1883 et
2364 1845 2503 1885 casu

304 1896 448 1950 tium
473 1895 844 1963 tractatione,
883 1912 1030 1965 quae
1067 1900 1166 1950 aut
1191 1895 1385 1965 negle-
1420 1894 1661 2017 {rignum
1686 1895 1763 2015 acti
1779 1894 2103 2016 {haedi-um
2126 1894 2502 1966 Epicureum

307 2040 546 2105 quorum
597 2037 824 2087 exstant
875 2031 1272 2112 commentarii·
1315 2032 1386 2085 de
1422 1965 2503 2111 νὲω,ωειιῗὲἕὲἰόειξῑῒξῗιῗὲἑξξὲἰῗᾶθεὲἴ

305 2102 426 2156 vita
477 2101 773 2181 Tulliana²
836 2106 938 2155 aut
992 2107 1146 2157 certe
1199 2117 1385 2155 minus
1424 2100 1621 2154 diebat
1637 2099 2005 2155 acmehorem
2016 2101 2503 2171 doctrinamigno·

345 2186 477 2225 uam
491 2186 595 2239 pro
617 2169 896 2239 digmtate
917 2185 1020 2224 sua
1046 2170 1392 2224 illustratae.
1422 2185 1557 2223 rans
1578 2168 1750 2223 etiam
1766 2168 2072 2238 probabat,
2104 2169 2289 2224 donec
2306 2170 2503 2225 Philo-

303 2186 392 2293 ἕο
422 2254 491 2294 ex
516 2254 726 2310 genere
763 2245 854 2294 est
888 2237 1016 2308 ipsa
1048 2238 1200 2294 illius
1224 2236 1388 2293 insti·
1422 2253 1553 2292 nem
1569 2235 1974 2293 Academicum
1995 2238 2278 2308 cognovit.
2326 2237 2502 2294 Grae·

304 2307 450 2363 tutio
489 2324 636 2378 quae
670 2307 848 2377 plane
894 2313 1227 2377 comparata
1263 2312 1387 2362 erat
1425 2323 1525 2360 cos
1544 2306 1811 2362 doctores
1828 2305 2147 2361 rhetoricae
2168 2307 2307 2362 artis
2328 2308 2502 2363 habe-

305 2378 382 2430 ad
430 2375 899 2430 conformandum
941 2381 1253 2444 oratorem3
1298 2381 1387 2431 est
1422 2375 1551 2444 bat,
1600 2390 1744 2445 quos
1780 2391 1897 2429 non
1944 2375 2223 2430 nominat:
2245 2381 2271 2420 6
2324 2377 2503 2430 multo

307 2444 428 2499 eius
464 2444 792 2514 progressio
821 2445 881 2498 in
909 2444 1238 2517 eloquentia
1271 2461 1385 2498 ma·
1422 2444 1552 2566 plus
1590 2459 1758 2522 quam
1802 2443 2003 2496 horum
2039 2442 2340 2512 disciplina
2375 2461 2505 2513 pro-

349 2512 395 2566 ‘s
425 2512 720 2585 magisque
749 2517 918 2567 aucta
942 2513 1267 2568 maturitate
1303 2512 1385 2566 iu·
1448 2511 1531 2566 uit
1558 2526 1612 2565 e1
1642 2511 1797 2582 quod
1814 2511 2115 2566 Philonem
2132 2516 2155 2554 7
2183 2518 2388 2568 nactus
2417 2519 2506 2568 est

347 2580 444 2634 icii
473 2588 531 2635 et
559 2580 892 2635 continuata
919 2581 1148 2635 dicendi
1174 2579 1384 2636 exerci·
1424 2578 1781 2649 magistrum,
1848 2597 1885 2633 a
1938 2595 2051 2659 quo
2108 2579 2371 2636 discebat
2432 2581 2503 2633 de

305 2648 554 2716 tatione3
593 2655 682 2703 est
709 2649 840 2702 deni
883 2665 956 2702 ue
984 2648 1386 2718 philosophiae
1421 2646 1733 2717 propositis
1761 2647 1935 2702 rebus
1955 2665 2015 2700 m
2044 2648 2357 2701 contrarias
2375 2665 2506 2716 par·

305 2715 684 2770 Academicae
737 2721 828 2768 stu
891 2733 1010 2784 um,
1067 2716 1227 2770 cuius
1271 2732 1386 2770 ma-
1425 2722 1515 2769 tes
1536 2714 1843 2781 disserere3
1880 2713 2165 2768 transiens
2194 2720 2387 2768 autem
2404 2714 2505 2771 ille

309 2800 481 2864 gnam
516 2782 626 2836 vim
662 2784 722 2837 in
759 2788 938 2844 artem
975 2788 1034 2837 et
1061 2783 1233 2838 vitam
1264 2783 1386 2838 eius
1424 2782 1498 2836 ab
1535 2779 1774 2836 infinitis
1812 2786 1871 2834 et
1896 2781 2125 2861 proprie
2156 2798 2226 2835 ex
2250 2781 2505 2852 philoso—

306 2849 624 2906 mvenimus
644 2850 839 2906 fuisse.
1423 2849 1560 2919 phia
1577 2849 1770 2919 petitis
1800 2849 2234 2928 quaestionibus
2262 2851 2337 2905 ad
2368 2850 2504 2905 defi-

377 2919 627 2974 Primum
665 2919 734 2973 de
773 2919 1134 2974 institutione
1180 2918 1388 2989 puerili
1424 2917 1575 2972 nitas
1611 2922 1785 2987 atque
1827 2923 1909 2972 ita
1956 2917 2121 2988 quasi
2153 2918 2213 2973 in
2260 2919 2505 2974 alienam

307 2987 598 3044 Ciceronis
617 3005 868 3058 agemus.
911 2987 1247 3044 Docebatur
1264 3005 1388 3042 cum
1425 2984 1850 3055 possessionem
1884 2985 2104 3040 irruens
2140 2993 2391 3042 utrarum
2435 3005 2506 3042 ue

307 3056 441 3111 filiis
487 3055 548 3112 C.
587 3055 931 3124 Aculeonis,
979 3073 1223 3128 quocum
1267 3062 1390 3112 erat
1428 3071 1725 3110 causarum
1743 3060 2055 3124 praecepta
2070 3056 2403 3126 tradebat,a
2425 3056 2507 3109 io-

309 3127 431 3180 eius
449 3131 800 3194 matertera,1
821 3130 879 3180 et
898 3141 967 3180 ea
979 3124 1222 3195 quidem,
1238 3141 1386 3194 quae

305 3195 375 3248 L.
395 3192 602 3248 Crasso
633 3193 874 3262 oratori,
913 3191 1225 3248 Aculeonis
1255 3193 1385 3247 ami·
1476 3213 1501 3252 a
1527 3211 1651 3251 Brut.
1662 3212 1753 3250 ποτ.
1774 3209 1828 3250 de
1848 3211 1971 3260 0r.1,
1987 3213 2079 3252 193.

311 3262 557 3332 oinium,
626 3265 899 3330 lacerent,
919 3267 978 3316 et
1005 3262 1079 3316 ab
1100 3261 1183 3316 eis
1210 3259 1401 3332 magi.‘
1475 3264 1501 3302 4
1526 3262 1664 3312 ipsius
1704 3261 1929 3302 Ciceronla
1963 3264 2223 3304 sententiam
2258 3265 2511 3313 pronuntiat

309 3330 460 3411 ”15⁸2
479 3331 576 3402 qui
619 3347 686 3385 us
704 3330 804 3384 ille
822 3329 1106 3384 utebatur·
1153 3329 1389 3399 Sumpta
1425 3311 1687 3412 2⁰32&ae
1698 3314 2191 3415 331¹:1i2‘21'i‘2’3’11333
2203 3315 2507 3408 {magati

307 3399 455 3452 Virili
490 3405 630 3469 toga
663 3416 698 3452 a
732 3403 896 3468 patre
933 3398 1006 3454 ad
1045 3398 1111 3462 Q.
1139 3398 1388 3453 Mucium
1425 3417 1697 3466 prudentiam
1724 3417 1931 3458 adversus
1946 3418 2037 3456 vim
2065 3419 2307 3466 eloquentis
2328 3421 2508 3458 oratoris

309 3465 642 3523 Scaevolam
660 3483 933 3536 augurem
952 3467 1230 3521 deductuss
1251 3469 1390 3534 33¹2,ss
1426 3479 1523 3508 esse
1542 3468 1789 3515 contenditz
1810 3470 1867 3508 cf.
1888 3469 1967 3509 Br.
1984 3470 2083 3510 322:
2107 3471 2257 3510 ‘nemo
2277 3470 2510 3516 erat—qul

1424 3521 1494 3560 ius
1514 3519 1645 3559 civile
1663 3519 1900 3567 didicisset,
1911 3530 2002 3560 rem
2021 3521 2075 3560 ad
2093 3522 2282 3570 privatas
2302 3529 2453 3558 causas
2466 3524 2511 3560 et

307 3539 375 3590 Ut
393 3535 532 3616 .e.iu⁸
557 3535 859 3615 Rruqenfia
888 3541 947 3589 et
981 3534 1185 3604 peritia
1207 3534 1267 3589 in
1297 3551 1388 3589 ⁰⁰·
1425 3572 1481 3611 ad
1498 3571 1681 3612 oratoris
1698 3571 1970 3620 prudentiam
1988 3573 2177 3613 maxime
2192 3570 2509 3612 necessariam·

309 3608 566 3674 gmtxone
585 3619 720 3656 iuris
728 3601 1060 3672 proficeret3
1082 3619 1209 3657 cum
1221 3602 1386 3658 Scae·
1426 3623 1533 3662 adde
1553 3624 1643 3670 212,
1664 3622 1779 3662 Part.
1796 3633 1861 3662 or.
1878 3625 1957 3663 100

307 3672 476 3726 volae
496 3670 923 3738 consuetudine,
937 3678 1177 3742 quatam
1189 3672 1388 3727 sedulo
1480 3677 1503 3714 5
1529 3673 1789 3722 Fam.x111‚
1810 3675 1848 3722 1,
1869 3676 1909 3714 2·

309 3741 603 3808 utebatur,
639 3743 706 3793 ut
735 3739 926 3808 quoad
954 3745 1153 3810 posset
1179 3745 1238 3795 et
1255 3740 1388 3794 lice·
1478 3727 1503 3816 ξ
1528 3726 1652 3817 ξξξξζ
1671 3727 1763 3822 {ffij
1794 3777 1921 3818 Tuae.
1941 3777 1997 3823 Π,
2018 3777 2043 3816 9
2071 3777 2385 3824 coniungantur
2412 3786 2509 3815 cum

311 3814 426 3877 ret,
464 3825 499 3864 a
521 3807 672 3862 senis
692 3807 874 3862 latere
900 3821 1191 3879 nunquam
1211 3807 1389 3863 disce·
1426 3828 1524 3880 ιοςο
1544 3828 1598 3866 «10
1618 3838 1679 3868 or.
1699 3828 1775 3874 m,
1789 3829 1881 3868 110.
1913 3828 2061 3868 simne
2080 3827 2268 3868 studium
2284 3825 2436 3866 cicero
2456 3827 2511 3867 <10

1428 3882 1520 3920 nat.
1540 3880 1658 3920 decr.
1678 3879 1736 3926 11,
1755 3881 1833 3918 168
1858 3879 2009 3920 tribuit
2028 3877 2197 3928 Cottae,
2216 3879 2365 3918 nescio
2384 3889 2438 3918 an
2456 3879 2508 3918 ll·

361 3933 384 3971 1
413 3931 470 3970 cf.
489 3931 545 3971 de
564 3931 639 3973 Or.
658 3930 714 3977 11,
736 3932 776 3971 2.
1430 3930 1617 3972 bei-alius
1644 3932 1685 3970 ei
1704 3931 1785 3969 hoc
1812 3930 2013 3978 largiens,
2043 3931 2113 3971 cni
2130 3931 2192 3970 ait
2218 3930 2465 3970 facultatem
2484 3940 2510 3967 a

361 3985 386 4022 2
413 3983 534 4022 Lael.
554 3984 594 4022 1.
622 3983 744 4023 Brut.
765 3983 856 4022 306.
883 3981 1058 4030 Augure
1084 3985 1252 4022 mortuo
1272 3992 1318 4020 se
1338 3981 1392 4021 ad
1428 3983 1655 4024 rhetoricis
1675 3980 2055 4024 exercitationibus
2080 3985 2299 4032 acceptam
2327 3980 2510 4030 amplifi-

311 4032 368 4084 Q.
379 4033 567 4076 Mucium
586 4035 837 4076 Scaevolam
855 4033 1106 4084 pontificem
1124 4034 1322 4075 contulit.
1432 4044 1550 4075 casse
1568 4033 1862 4080 Academiam.
