2784 4575
689 272 792 326 AD
833 269 895 326 Ο.
931 269 1399 329 HERENNIUM
1433 272 1509 327 11.
1544 272 1783 326 32--35
2180 264 2265 329 29

206 394 443 481 legisse
477 391 824 471 videamur,
861 392 1141 477 aliquam
1161 392 1459 461 idoneam
1490 405 1737 480 partem
1770 396 2261 486 reliquerimus]

207 490 361 553 item
396 486 624 553 vitiosa
658 486 967 573 expositio
1003 499 1120 565 est,
1159 510 1321 571 quae
1348 500 1599 555 constat
1632 512 1713 555 ex
1748 491 1913 555 falsa
1938 513 2265 559 enumera-

209 582 405 661 tione,
471 581 526 648 si
577 594 714 661 aut,
777 604 923 647 cum
973 582 1158 669 plura
1211 594 1376 660 sunt,
1429 584 1730 670 pauciora
1792 584 2088 664 dicimus,
2144 587 2265 653 hoc

208 678 426 743 modo:
476 679 668 743 ‘duae
708 700 811 743 res
859 688 1008 742 sunt
1049 676 1370 755 videlicet,
1418 700 1579 762 quae
1625 679 1913 745 homines
1952 681 2035 745 ad
2066 682 2263 746 male-

206 774 420 838 ficium
471 773 834 859 impellunt,
899 772 1180 838 luxuries
1244 784 1308 837 et
1361 774 1663 838 avaritia.’
1774 776 1955 859 ‘quid
2020 776 2257 841 amor?'

204 868 450 951 inquiat
509 868 855 953 quispiam,
920 868 1101 952 ‘quid
1161 867 1459 933 ambitio?
1520 869 1673 952 quid
1722 870 2047 956 inreligio?
2110 870 2263 954 quid

204 972 412 1029 metus
457 962 716 1027 mortis?
760 962 916 1046 quid
947 962 1195 1048 imperii
1238 961 1590 1049 cupiditas?
1634 964 1789 1047 quid
1831 964 2101 1049 denique
2138 964 2261 1029 alia

204 1056 582 1141 permulta?’
623 1067 732 1121 aut
768 1053 962 1142 [falsa
989 1056 1377 1122 enumeratio
1414 1056 1563 1144 est],
1596 1078 1743 1123 cum
1765 1058 2065 1145 pauciora
2094 1068 2258 1134 sunt,

201 1149 388 1235 plura
421 1149 721 1227 dicimus,
775 1151 896 1215 hoc
939 1152 1160 1216 modo:
1217 1158 1378 1217 ‘tres
1413 1174 1517 1217 res
1556 1164 1732 1230 sunt,
1786 1175 1947 1236 quae
1994 1149 2257 1239 [omnis]

203 1244 497 1309 homines
541 1245 910 1311 sollicitant:
953 1255 1160 1310 metus
1173 1292 1191 1322 ,
1247 1246 1589 1332 cupiditas,
1645 1248 2013 1333 aegritudo.'
2106 1245 2259 1311 satis

204 1338 374 1403 enim
408 1337 616 1403 fuerat
651 1338 890 1403 dixisse
921 1350 1190 1415 metum,
1236 1340 1673 1425 cupiditatem,
1721 1342 2021 1423 quoniam
2056 1343 2263 1429 aegri-

204 1432 488 1495 tudinem
541 1452 688 1495 cum
738 1442 1004 1514 utraque
1053 1453 1124 1495 re
1159 1432 1577 1495 coniunctam
1628 1454 1771 1498 esse
1816 1456 2081 1501 necesse
2136 1446 2253 1501 est.

2306 504 2359 545 34

202 1523 358 1587 item
391 1523 622 1587 vitiosa
665 1523 976 1608 expositio
1021 1534 1148 1599 est,
1196 1543 1358 1606 quae
1402 1525 1667 1589 nimium
1700 1526 1891 1612 longe
1931 1530 2255 1615 repetitur,
2294 1540 2364 1593 22
2392 1582 2397 1588 .

204 1616 326 1681 hoc
377 1616 596 1683 modo:
653 1615 962 1681 ‘omnium
1011 1616 1324 1681 malorum
1377 1618 1643 1683 stultitia
1687 1628 1789 1683 est
1826 1631 2027 1686 mater
2072 1635 2259 1707 atque

202 1732 359 1796 prae
394 1710 620 1775 ceteris
655 1710 824 1795 parit
855 1710 1203 1774 immensas
1237 1710 1613 1797 cupiditates
1624 1738 1642 1790 3
1688 1712 2035 1779 immensae
2069 1739 2259 1801 porro

204 1803 582 1890 cupiditates
609 1803 910 1881 infinitae,
944 1803 1397 1870 immoderatae
1425 1816 1599 1883 sunt3
1637 1806 1797 1871 haec
1828 1808 2085 1893 pariunt
2108 1832 2259 1875 ava—

199 1898 437 1975 ritiam3
494 1898 760 1963 avaritia
806 1920 996 1984 porro
1049 1898 1369 1965 hominem
1422 1900 1506 1965 ad
1558 1902 1825 1984 quodvis
1878 1902 2259 1969 maleficium

200 1992 496 2079 impellit:
542 2016 694 2079 ergo
733 1993 996 2060 avaritia
1039 1993 1282 2059 inducti
1316 1995 1663 2061 adversarii
1694 1996 1895 2061 nostri
1928 1998 2051 2063 hoc
2084 1999 2152 2063 in
2187 2022 2257 2064 se

202 2086 448 2151 facinus
487 2086 916 2152 admiserunt?
996 2087 1100 2151 hic
1133 2087 1228 2166 id,
1267 2090 1440 2173 quod
1474 2101 1839 2155 extremum·
1861 2090 2100 2157 dictum
2135 2105 2251 2170 est,

203 2180 357 2245 satis
403 2181 526 2251 fuit
567 2202 914 2267 exponere,
957 2204 1040 2247 ne
1073 2183 1358 2247 Ennium
1404 2196 1468 2248 et
1512 2196 1755 2251 ceteros
1790 2196 2013 2272 poetas
2050 2186 2255 2253 imite-

200 2298 370 2352 mur,
409 2275 636 2358 quibus
673 2275 794 2343 hoc
829 2276 1020 2342 modo
1054 2276 1228 2360 loqui
1264 2300 1639 2344 concessum
1674 2292 1801 2345 est:

373 2369 615 2433 utinam
649 2393 731 2434 ne
767 2371 834 2434 in
867 2391 1124 2436 nemore
1157 2371 1341 2436 Pelio
1379 2373 1707 2438 securibus

371 2484 562 2528 caesa
595 2465 932 2529 accidisset
965 2464 1238 2550 abiegna
1271 2465 1353 2530 ad
1387 2477 1623 2532 terram
1658 2467 1889 2544 trabes,

369 2579 532 2620 neve
565 2557 714 2622 inde
749 2558 930 2635 navis
966 2557 1304 2622 inchoandi
1339 2559 1671 2624 exordium

371 2651 713 2737 coepisset,
754 2675 914 2734 quae
951 2674 1120 2716 nunc
1153 2652 1513 2717 nominatur
1546 2653 1801 2718 nomine

371 2745 584 2829 Argo,
625 2745 772 2828 quia
809 2745 1040 2830 Argivi
1073 2746 1142 2810 in
1177 2769 1254 2810 ea
1281 2744 1502 2809 'dilecti
1538 2746 1656 2810 viri

373 2838 537 2902 vecti
569 2838 872 2924 petebant
903 2839 1136 2924 pellem
1170 2840 1525 2904 inauratam
1560 2838 1773 2904 arietis

373 2929 661 3008 Colchis,
697 2932 960 3018 imperio
993 2933 1164 3018 regis
1199 2931 1448 3009 Peliae,
1485 2955 1599 3018 per
1634 2932 1878 2999 dolum:

370 3049 520 3090 nam
554 3049 900 3110 numquam
936 3049 1046 3093 era
1079 3049 1295 3091 errans
1332 3048 1477 3090 mea
1512 3027 1699 3092 domo
1728 3027 1995 3093 ecferret
2026 3029 2255 3116 pedem

371 3120 611 3186 Medea
645 3121 857 3186 animo
892 3143 1112 3208 aegra,
1149 3141 1362 3187 amore
1400 3142 1591 3185 saevo
1629 3121 1860 3186 saucia.

201 3237 350 3278 nam
385 3215 488 3279 hic
525 3215 677 3279 satis
715 3225 852 3280 erat
885 3215 1123 3292 dicere,
1179 3214 1236 3279 si
1268 3214 1334 3278 id
1369 3214 1590 3293 modo,
1646 3215 1819 3298 quod
1872 3215 2025 3281 satis
2062 3228 2251 3294 esset,

202 3319 494 3372 curarent
525 3321 778 3394 poetae:

372 3403 614 3467 utinam
648 3425 728 3468 ne
765 3427 874 3469 era
907 3427 1122 3469 errans
1159 3425 1304 3468 mea
1338 3403 1526 3469 domo
1562 3403 1829 3469 ecferret
1861 3405 2092 3491 pedem

371 3495 611 3560 Medea
645 3495 853 3562 animo
891 3521 1110 3583 aegra,
1148 3521 1362 3563 amore
1400 3519 1592 3562 saevo
1630 3498 1864 3563 saucia.

207 3586 389 3676 [ergo
427 3589 547 3652 hac
583 3611 832 3672 quoque
868 3589 948 3654 ab
983 3590 1204 3655 ultimo
1238 3590 1613 3676 repetitione
1646 3589 1713 3654 in
1750 3589 2249 3677 expositionibus

199 3703 587 3770 magnopere
625 3683 1165 3769 supersedendum
1201 3695 1327 3761 est3
1372 3706 1501 3749 non
1538 3685 1707 3748 enim
1738 3683 2249 3770 reprehensione,

202 3778 344 3854 sed,
385 3777 548 3842 sicut
583 3776 742 3840 aliae
779 3777 1164 3862 complures,
1203 3800 1320 3843 sua
1353 3789 1581 3864 sponte
1616 3778 1845 3843 vitiosa
1878 3775 2027 3864 est.]

319 3871 572 3936 Vitiosa
605 3870 766 3936 ratio
811 3880 936 3947 est,
991 3893 1155 3954 quae
1201 3873 1283 3936 ad
1325 3872 1784 3958 expositionem
1825 3893 1955 3936 non
1998 3881 2099 3935 est
2141 3871 2253 3936 ad-
2285 3875 2355 3930 23

203 3965 602 4029 commodata
651 3964 753 4029 vel
805 3973 1062 4050 propter
1123 3964 1548 4029 infirmitatem
1602 3965 1704 4028 vel
1766 3974 2023 4050 propter
2074 3965 2252 4028 vani-

200 4065 416 4143 tatem.
502 4059 751 4126 infirma
790 4056 952 4124 ratio
998 4069 1124 4138 est,
1179 4081 1342 4142 quae
1393 4082 1523 4124 non
1574 4058 1932 4126 necessario
1976 4057 2252 4125 ostendit

2294 3949 2345 3989 35
