2784 4575
482 268 571 333 74
1100 278 1176 332 Μ.
1214 276 1488 334 TULLII
1525 274 1930 332 CICERONIS

385 435 439 477 es
454 400 745 470 'modicis
788 399 1184 489 regionibus.
1167 424 1184 441 ·
1239 399 1531 483 equidem
1583 398 1824 475 omnia,
1879 417 2042 480 quae
2092 395 2411 483 pertinent
2458 397 2551 461 ad

481 520 670 563 usum
705 496 966 574 civium,
1020 516 1263 559 morem
1306 492 1660 570 hominum,
1715 514 1877 575 quae
1919 500 2252 556 versantur
2283 491 2354 554 in
2387 512 2550 555 con-

482 590 815 657 suetudine
848 588 1046 666 vitae,
1100 588 1169 651 in
1200 586 1445 653 ratione
1478 586 1572 651 rei
1604 585 1924 673 publicae,
1975 584 2046 649 in
2079 584 2200 649 hac
2237 582 2548 649 societate

370 706 375 711 ·
480 685 677 763 civili,
712 684 780 749 in
816 706 1009 749 sensu
1042 680 1313 747 hominis
1352 680 1699 757 communi,
1743 680 1812 744 in
1843 688 2096 756 natura,
2132 678 2202 741 in
2233 676 2546 755 moribus,

479 777 1076 866 comprehendenda
1109 798 1253 843 esse
1288 775 1522 841 oratori
1554 784 1739 861 puto3
1793 773 1852 837 si
1884 774 2124 850 minus,
2176 782 2249 837 ut
2283 794 2548 858 separa-

480 871 597 938 tim
648 872 729 937 de
780 871 881 937 his
930 872 1123 937 rebus
1184 869 1710 956 philosophorum
1764 889 1941 932 more
2000 866 2410 951 respondeat,
2474 876 2548 929 at

480 976 681 1044 certe,
716 976 790 1031 ut
822 965 891 1031 in
925 986 1121 1031 causa
1151 964 1495 1051 prudenter
1527 962 1734 1049 possit
1765 961 2078 1038 intexere3
2115 959 2290 1025 hisce
2326 969 2545 1024 autem

480 1059 639 1148 ipsis
675 1059 755 1125 de
788 1060 981 1125 rebus
1014 1069 1087 1123 ut
1118 1057 1209 1123 ita
1242 1057 1564 1141 loquatur,
1599 1055 1694 1121 uti
1727 1056 1814 1130 ei,
1851 1055 1962 1138 qui
1993 1054 2160 1132 iura,
2196 1053 2304 1136 qui
2335 1052 2538 1138 leges,

483 1154 591 1239 qui
652 1153 941 1218 civitates
1004 1152 1492 1229 constituerunt,
1553 1148 1749 1215 locuti
1808 1157 1985 1225 sunt,
2048 1147 2410 1257 simpliciter
2475 1158 2544 1211 et

485 1247 843 1334 splendide,
898 1247 1035 1311 sine
1085 1246 1219 1311 ulla
1268 1245 1432 1310 serie
1485 1230 1983 1343 disputationum
2034 1252 2100 1307 et
2141 1242 2273 1307 sine
2321 1240 2544 1306 ieiuna

382 1360 439 1400 ω
484 1340 945 1405 concertatione
989 1340 1346 1405 verborum.
1436 1336 1558 1403 hoc
1591 1310 1744 1403 loco
1767 1360 1848 1401 ne
1895 1358 2023 1421 qua
2059 1337 2140 1401 sit
2181 1333 2538 1412 admiratiO,

484 1434 541 1499 si
574 1443 669 1499 tot
702 1442 1139 1517 tantarumque
1164 1455 1377 1497 rerum
1410 1432 1587 1496 nulla
1619 1454 1660 1495 a
1693 1454 1796 1497 me
1831 1441 2172 1517 praecepta
2201 1436 2538 1514 ponentur,

484 1528 576 1593 sic
612 1537 849 1594 statuo:
901 1539 976 1593 ut
1007 1527 1073 1591 in
1110 1528 1335 1593 ceteris
1388 1526 1657 1603 artibus,
1711 1548 1858 1591 cum
1891 1526 2123 1591 tradita
2168 1526 2294 1590 sint
2327 1524 2540 1589 cuius-

482 1644 607 1707 que
652 1623 803 1687 artis
850 1622 1248 1699 difficillima,
1301 1622 1573 1705 reliqua,
1627 1620 1776 1705 quia
1819 1632 1929 1685 aut
1971 1620 2255 1685 faciliora.
2299 1630 2408 1683 aut
2451 1620 2540 1684 si-

479 1715 656 1781 milia
710 1716 862 1794 sint,
917 1716 1081 1781 tradi
1130 1740 1261 1781 non
1312 1736 1577 1780 necesse
1631 1736 1802 1791 esse3
1863 1724 1935 1777 ut
1986 1714 2054 1777 in
2103 1714 2374 1800 pictura,
2427 1714 2541 1796 qui

482 1810 755 1875 hominis
797 1809 986 1875 unius
1043 1808 1321 1895 speciem
1365 1807 1628 1895 pingere
1671 1807 2102 1893 perdidicerit,
2155 1828 2348 1893 posse
2392 1828 2540 1871 eum

478 1903 760 1967 cuiusvis
812 1902 919 1966 vel
968 1901 1212 1966 formae
1262 1900 1367 1965 vel
1422 1901 1676 1978 aetatis,
1742 1898 1990 1965 etiamsi
2038 1922 2170 1965 non
2230 1899 2537 1975 didicerit,

480 1996 744 2104 pingere
796 2016 1002 2079 neque
1057 2017 1201 2059 esse
1252 1993 1630 2079 periculum,
1686 1994 1794 2077 qui
1844 1993 2095 2057 leonem
2139 2003 2250 2057 aut
2289 2003 2540 2057 taurum

480 2089 706 2173 pingat
757 2087 1041 2173 egregie,
1095 2109 1179 2152 ne
1219 2086 1393 2151 idem
1443 2086 1512 2151 in
1560 2086 1775 2153 multis
1831 2086 1970 2151 aliis
2025 2086 2538 2173 quadrupedibus

483 2180 696 2247 facere
736 2202 866 2244 non
916 2180 1123 2266 possit
1152 2216 1243 2228 -—-
1275 2201 1484 2264 neque
1521 2191 1622 2246 est
1662 2180 1918 2246 omnino
1956 2204 2057 2245 ars
2102 2180 2259 2258 ulla,
2311 2182 2380 2245 in
2413 2203 2542 2265 qua

479 2272 721 2367 omnia,
776 2294 939 2357 quae
971 2273 1083 2339 illa
1117 2283 1249 2340 arte
1286 2274 1455 2340 effici
1486 2274 1764 2361 possint,
1821 2298 1862 2340 a
1895 2274 2154 2340 doctore
2187 2275 2534 2352 tradantur,

485 2366 599 2430 sed
630 2355 759 2450 qui
809 2367 1157 2454 primarum
1210 2377 1276 2434 et
1328 2379 1640 2434 certarum
1693 2391 1906 2434 rerum
1964 2392 2202 2456 genera
2251 2369 2394 2454 ipsa
2445 2368 2541 2432 di-

484 2461 787 2540 dicerunt,
825 2463 1069 2546 reliqua
1100 2460 1257 2550 [non
1291 2462 1717 2550 incommode]
1755 2485 1869 2549 per
1907 2485 1976 2552 se
2014 2464 2545 2547 adsequentur—-

386 2575 441 2616 w
484 2555 768 2622 similiter
822 2557 1090 2623 arbitror
1138 2558 1203 2623 in
1254 2557 1378 2622 hac
1425 2557 1558 2622 sive
1610 2557 1852 2622 ratione
1907 2556 2042 2622 sive
2095 2555 2542 2622 exercitatione

484 2650 762 2730 dicendi,
801 2651 908 2735 qui
940 2652 1117 2716 illam
1151 2651 1283 2716 vim
1319 2651 1586 2738 adeptus
1627 2651 1736 2728 sit,
1771 2661 1844 2714 ut
1875 2673 2100 2717 eorum
2131 2649 2543 2733 mentis‚‚qui

484 2755 595 2810 aut
629 2745 709 2811 de
744 2768 814 2811 re
847 2746 1107 2832 publica
1140 2756 1250 2810 aut
1285 2746 1364 2810 de
1399 2745 1600 2831 ipsius
1652 2745 1844 2810 rebus
1881 2755 1992 2809 aut
2026 2746 2106 2811 de
2139 2746 2264 2824 eis,
2319 2753 2540 2810 contra

479 2859 643 2921 quos
696 2849 808 2904 aut
857 2862 974 2925 pro
1028 2838 1257 2922 quibus
1320 2839 1516 2917 dicat,
1580 2859 1725 2902 cum
1787 2837 1998 2922 aliqua
2059 2839 2377 2905 statuendi
2425 2859 2545 2924 po-

482 2941 711 2996 testate
750 2932 1036 3010 audiant,
1092 2933 1175 2997 ad
1210 2955 1400 2998 suum
1435 2932 1762 2997 arbitrium
1795 2954 2051 2998 movere
2085 2932 2322 3019 possit,
2364 2932 2545 2996 illum

478 3023 564 3088 de
599 3033 733 3089 toto
766 3023 876 3090 illo
911 3048 1146 3111 genere
1179 3026 1565 3110 reliquarum
1609 3027 1962 3092 orationum
1995 3049 2127 3093 non
2168 3027 2313 3114 plus
2349 3047 2543 3109 quae-

486 3116 753 3182 siturum
798 3141 971 3198 esse,
1027 3119 1179 3203 quid
1223 3119 1420 3198 dicat,
1473 3142 1668 3203 quam
1699 3119 2088 3206 Polyclitum
2135 3121 2337 3196 illum,
2389 3139 2544 3183 cum

482 3211 827 3277 Herculem
869 3213 1178 3298 fingebat,
1232 3233 1422 3296 quem
1457 3212 1540 3276 ad
1571 3213 1830 3278 modum
1865 3214 2098 3300 pellem
2131 3223 2238 3278 aut
2269 3211 2545 3297 hydram

482 3305 777 3390 fingeret,
833 3306 1082 3371 etiamsi
1125 3307 1285 3370 haec
1334 3327 1682 3389 numquam
1733 3309 2076 3393 separatim
2125 3307 2333 3372 facere
2377 3305 2545 3370 didi-

380 3397 447 3510 }1‘11
486 3398 716 3465 cisset.’
822 3409 957 3465 tum
1014 3398 1282 3466 Catulus
1345 3401 1698 3486 ‘praeclare
1749 3401 1907 3465 mihi
1942 3401 2213 3478 videris,
2277 3399 2542 3477 Antoni,

387 3498 393 3505 ’
481 3494 803 3582 posuisse’
838 3495 1041 3579 inquit
1075 3501 1251 3560 ‘ante
1277 3495 1515 3573 oculos,
1553 3496 1705 3579 quid
1740 3496 1984 3562 discere
2020 3505 2340 3582 oporteret
2373 3515 2540 3571 eum,

482 3589 592 3672 qui
625 3598 835 3655 orator
868 3600 1041 3654 esset
1072 3588 1351 3666 futurus,
1392 3589 1572 3672 quid,
1610 3589 1859 3656 etiamsi
1891 3613 2020 3656 non
2057 3589 2407 3665 didicisset,
2461 3608 2546 3651 ex

477 3704 591 3761 -eo,
656 3682 826 3766 quod
878 3681 1233 3760 didicisset,
1297 3683 1685 3762 adsumeret3
1749 3684 2071 3750 deduxisti
2125 3682 2296 3749 enim
2343 3691 2544 3746 totam

484 3774 649 3840 hanc
681 3797 820 3840 rem
851 3774 918 3840 in
954 3775 1079 3841 duo
1114 3797 1351 3861 genera
1386 3777 1594 3840 solum
1619 3797 1974 3856 causarum,
2011 3787 2224 3842 cetera
2255 3776 2545 3840 innume-

476 3868 707 3934 rabilia
742 3868 1175 3935 exercitationi
1209 3878 1274 3934 et
1308 3868 1702 3934 similitudini
1741 3871 2082 3955 reliquisti:
2129 3869 2246 3935 sed
2279 3867 2424 3932 vide
2457 3888 2544 3931 ne

479 3960 553 4025 in
585 3961 724 4026 istis
762 3963 1009 4030 duobus
1046 3962 1383 4050 generibus
1421 3960 1624 4046 hydra
1658 3963 1773 4029 tibi
1809 3965 1893 4030 sit
1925 3975 1991 4030 et
2022 3963 2236 4050 pellis,
2291 3963 2547 4028 Hercu-

478 4051 579 4116 les
617 4063 827 4118 autem
863 4063 927 4120 et
961 4055 1084 4122 alia
1118 4079 1311 4143 opera
1352 4054 1595 4122 maiora
1627 4055 1694 4121 in
1727 4057 1852 4122 illis
1886 4057 2106 4136 rebus,
2161 4079 2320 4140 quas
2355 4077 2548 4142 prae-
