2784 4575
535 245 666 312 240
1145 255 1223 311 Μ.
1261 253 1537 312 TULLII
1574 251 1978 312 CICERONIS

535 391 602 448 et
635 380 935 458 scienter,
989 389 1125 444 tum
1158 377 1248 443 ita
1290 377 1567 444 breviter
1602 387 1667 444 et
1698 400 1921 465 presse
1956 387 2021 443 et
2064 377 2221 444 satis
2276 390 2497 446 ornate
2530 393 2601 448 et

531 475 974 562 pereleganter
1017 471 1282 552 diceret,
1335 473 1478 557 quis
1532 483 1703 538 esset
1744 471 1817 539 in
1856 472 2126 560 populo,
2180 473 2291 559 qui
2332 484 2444 539 aut
2486 497 2603 541 ex·-

432 585 502 640 53
538 577 855 656 spectaret
907 576 1018 632 aut
1065 566 1205 632 fieri
1263 589 1458 652 posse
1510 565 1850 650 quicquam
1898 565 2128 632 melius
2182 567 2474 653 putaret?
2530 581 2598 634 at

533 683 686 728 vero
697 707 720 740 ,
769 671 845 726 ut
877 669 1099 728 contra
1135 657 1413 726 Crassus
1452 660 1533 724 ab
1568 658 1975 725 adulescente
2028 659 2328 739 delicato,
2386 661 2495 744 qui
2529 661 2598 727 in

531 756 716 823 litore
779 754 1140 820 ambulans.
1173 753 1482 818 scalmum
1540 753 1927 841 repperisset
1988 753 2073 819 ob
2134 775 2405 839 eamque
2458 777 2598 822 rem

535 849 867 916 aedificare
927 871 1160 914 navem
1221 848 1719 936 concupivisset,
1792 871 2057 915 exorsus
2120 859 2244 927 est,
2310 849 2601 916 'similiter

537 943 921 1012 Scaevolam
963 966 1045 1008 ex
1088 965 1217 1007 uno
1271 943 1513 1009 scalmo
1562 942 1875 1030 captionis
1926 942 2380 1010 centumvirale
2432 943 2601 1010 iudi-

533 1039 702 1104 cium
736 1036 1101 1104 hereditatis
1138 1037 1458 1115 effecisse,
1495 1036 1617 1103 hoc
1650 1037 1762 1102 illo
1792 1036 1970 1103 initio
2007 1047 2385 1104 consecutus
2420 1051 2507 1104 est
2538 1051 2602 1104 et

533 1132 749 1198 multis
797 1132 1086 1199 eiusdem
1127 1131 1379 1217 generis
1429 1130 1789 1197 sententiis:
1842 1130 2181 1197 delectavit
2224 1131 2597 1216 animosque

534 1227 846 1304 omnium,
911 1226 1020 1310 qui
1076 1226 1366 1303 aderant,
1430 1225 1500 1290 in
1550 1225 1932 1290 hilaritatem
1986 1248 2025 1290 a
2076 1226 2413 1291 severitate
2466 1237 2599 1291 tra-

536 1321 716 1387 duxit
723 1346 742 1400 ;
797 1321 967 1405 quod
1019 1332 1119 1385 est
1167 1341 1365 1384 unum
1417 1341 1499 1384 ex
1549 1319 1779 1397 tribus,
1836 1341 1999 1404 quae
2043 1319 2174 1385 dixi
2220 1321 2303 1385 ab
2346 1331 2597 1386 oratore

537 1415 705 1480 effici
756 1414 1008 1480 debere.
1099 1412 1326 1478 deinde
1371 1411 1494 1478 hoc
1544 1413 1825 1480 voluisse
1870 1436 2045 1491 eum,
2098 1413 2209 1496 qui
2252 1424 2595 1480 testamen-

535 1519 670 1572 tum
704 1507 990 1586 fecisset,
1027 1506 1148 1590 hoc
1183 1505 1483 1585 sensisse,
1520 1528 1774 1592 quoquo
1808 1508 2001 1573 modo
2034 1507 2202 1572 filius
2238 1531 2370 1573 non
2402 1520 2597 1585 esset,

535 1601 643 1686 qui
685 1602 754 1666 in
799 1625 982 1667 suam
1023 1601 1284 1668 tutelam
1337 1600 1610 1679 veniret,
1666 1601 1802 1666 sive
1854 1623 1984 1666 non
2034 1611 2223 1666 natus
2250 1633 2255 1640 ·
2278 1602 2413 1668 sive
2448 1613 2599 1667 ante

533 1706 850 1773 mortuus,
907 1693 1142 1762 Curius
1186 1694 1372 1760 heres
1416 1705 1489 1760 ut
1533 1706 1704 1760 esset
1712 1720 1731 1773 3
1785 1695 1877 1760 ita
1930 1695 2205 1760 scribere
2255 1695 2596 1782 plerosque

535 1800 600 1855 et
631 1789 700 1854 id
735 1790 945 1855 valere
981 1800 1047 1855 et
1079 1788 1358 1854 valuisse
1394 1810 1647 1875 semper
1656 1813 1675 1866 3
1722 1788 1881 1854 haec
1917 1798 1982 1854 et
2014 1788 2215 1853 multa
2248 1789 2384 1854 eius
2421 1789 2597 1855 modi

537 1883 756 1949 dicens
791 1883 983 1948 fidem
1019 1883 1294 1948 faciebat
1301 1907 1322 1960 ;
1367 1883 1540 1966 quod
1574 1891 1675 1948 est
1709 1903 1793 1946 ex
1825 1882 2025 1947 tribus
2063 1882 2326 1948 oratoris
2362 1883 2595 1948 officiis

423 2003 503 2044 198
537 1977 822 2044 alterum.
910 1976 1139 2042 deinde
1173 1997 1448 2061 aequum
1480 1976 1721 2042 boumn
1776 1986 2292 2042 testamentorum
2336 1985 2597 2039 senten-

539 2070 660 2135 tias
713 2069 1196 2154 voluntatesque
1257 2080 1499 2136 tutatus
1562 2080 1690 2147 est,
1753 2079 1987 2155 quanta
2036 2078 2205 2133 esset
2256 2069 2323 2132 in
2374 2069 2595 2134 verbis

538 2161 746 2248 captio
781 2185 927 2228 cum
959 2163 1028 2228 in
1063 2163 1288 2229 ceteris
1324 2164 1515 2228 rebus
1552 2174 1688 2229 tum
1722 2163 1790 2228 in
1822 2161 2242 2239 testamentis,
2282 2161 2337 2227 si
2370 2161 2597 2250 negle-

535 2266 834 2345 gerentur
892 2257 1278 2336 voluntates;
1342 2268 1647 2342 quantam
1699 2256 1821 2323 sibi
1876 2254 2227 2344 potentiam
2280 2255 2597 2323 Scaevola

537 2350 924 2431 adsumeret,
980 2351 1036 2418 si
1077 2374 1265 2418 nemo
1319 2352 1581 2417 auderet
1626 2363 2075 2418 testamentum
2116 2350 2329 2417 facere
2368 2360 2595 2437 postea

533 2445 660 2511 nisi
694 2445 774 2512 de
807 2446 978 2512 illius
1017 2445 1360 2512 sententia:
1406 2445 1566 2512 haec
1598 2468 1745 2511 cum
1780 2446 2059 2533 graviter
2093 2456 2230 2510 tum
2264 2446 2347 2511 ab
2381 2459 2597 2510 exem-

533 2540 659 2627 plis
714 2541 1002 2626 copiose,
1064 2551 1200 2606 tum
1251 2540 1455 2619 varie,
1518 2551 1655 2605 tum
1706 2540 1901 2605 etiam
1957 2539 2223 2605 ridicule
2274 2548 2340 2604 et
2388 2539 2595 2603 facete

536 2632 860 2720 explicans
905 2655 1047 2698 eam
1094 2633 1577 2700 admirationem
1621 2634 2191 2718 adsensionemque
2234 2631 2595 2707 commovit,

537 2727 774 2793 dixisse
808 2738 882 2792 ut
915 2739 1136 2793 contra
1166 2751 1357 2795 nemo
1393 2728 1733 2794 videretur.
1823 2727 1947 2793 hoc
1981 2738 2117 2807 erat
2152 2726 2417 2793 oratoris
2452 2726 2599 2792 offi-

536 2820 706 2885 cium
757 2820 1093 2908 partitione
1145 2821 1400 2887 tertium
1413 2870 1432 2900 ,
1485 2845 1719 2909 genere
1763 2821 2130 2885 maximum.
2218 2820 2323 2885 hic
2364 2820 2471 2885 ille
2514 2818 2599 2883 dc

532 2912 772 2999 populo
823 2914 1045 2992 iudex,
1110 2914 1217 3000 qui
1273 2916 1615 3002 separatim
1675 2914 1943 2981 alterum
2002 2914 2348 2979 admiratus
2402 2924 2603 2989 esset,

533 3007 705 3073 idem
750 3008 966 3075 audito
1017 3008 1214 3075 altero
1257 3010 1563 3075 iudicium
1597 3030 1783 3074 suum
1826 3016 2283 3081 contemneret3
2338 3015 2404 3067 at
2440 3028 2601 3070 vero

535 3101 910 3188 intellegens
963 3114 1030 3169 et
1081 3103 1305 3170 doctus
1367 3104 1629 3167 audiens
1684 3097 2064 3164 Scaevolam
2124 3097 2385 3161 sentiret
2443 3118 2599 3161 esse

536 3195 855 3279 quoddam
896 3195 1154 3263 uberius
1193 3196 1445 3261 dicendi
1493 3214 1695 3279 genus
1740 3200 1807 3256 et
1840 3187 2153 3255 ornatiusz
2206 3191 2287 3255 ab
2320 3199 2601 3273 utroque

537 3299 750 3355 autem
815 3312 1010 3357 causa
1057 3300 1351 3377 perorata
1411 3286 1467 3351 si
1536 3294 1969 3371 quaereretur,
2039 3294 2181 3349 uter
2240 3293 2601 3372 praestaret

537 3394 776 3462 orator,
827 3404 1174 3467 numquam
1221 3379 1511 3469 profecto
1564 3377 1868 3465 sapientis
1918 3377 2221 3442 iudicium
2270 3400 2313 3443 a
2360 3375 2597 3442 iudicio

431 3474 504 3529 54
537 3477 711 3564 volgi
745 3477 1149 3563 discreparet.
1238 3473 1348 3559 qui
1400 3483 1685 3563 praestat
1734 3472 1930 3560 igitur
1978 3472 2358 3558 intellegens
2392 3469 2599 3557 impe-

425 3547 504 3587 ²⁹⁹
535 3570 698 3637 rito?
747 3592 983 3657 magna
1022 3591 1093 3634 re
1138 3579 1205 3635 ct
1247 3568 1520 3635 difficili:
1575 3566 1888 3653 siquidem
1938 3587 2244 3654 magnum
2276 3574 2379 3629 est
2412 3564 2597 3641 scire,

538 3663 770 3747 quibus
819 3664 1012 3730 rebus
1065 3661 1379 3729 efficiatur
1430 3661 1831 3727 amittaturve
1886 3659 2154 3726 dicendo
2203 3657 2365 3723 illud
2413 3656 2599 3742 quid-

538 3755 692 3842 quid
725 3768 852 3835 est,
907 3757 1080 3842 quod
1113 3766 1225 3822 aut
1249 3754 1427 3821 effici
1472 3755 1739 3821 dicendo
1784 3764 2035 3841 oportet
2078 3762 2187 3817 aut
2228 3748 2432 3815 amitti
2462 3772 2597 3815 non

539 3861 807 3938 oportet.
877 3860 1162 3938 praestat
1195 3849 1386 3917 etiam
1406 3849 1532 3915 illo
1570 3849 1793 3916 doctus
1830 3848 2079 3913 auditor
2110 3845 2387 3923 indocto,
2425 3845 2597 3930 quod

543 3965 766 4028 saepe,
817 3964 964 4009 cum
1007 3956 1288 4011 oratores
1339 3942 1467 4008 duo
1514 3953 1624 4008 aut
1664 3942 1878 4029 plures
1912 3939 2133 4028 populi
2172 3938 2405 4004 iudicio
2446 3960 2599 4025 pro-

539 4033 799 4110 bantur,
835 4037 1008 4117 quod
1049 4036 1302 4103 dicendi
1344 4059 1550 4123 genus
1596 4036 1907 4124 optimum
1940 4033 2023 4099 sit
2054 4031 2365 4119 intellegit
2371 4058 2393 4110 ς
2444 4054 2597 4098 nam
