<?xml version="1.0" encoding="UTF-8"?>
<!DOCTYPE html PUBLIC "-//W3C//DTD XHTML 1.0 Transitional//EN"
    "http://www.w3.org/TR/xhtml1/DTD/xhtml1-transitional.dtd">
<html xmlns="http://www.w3.org/1999/xhtml" xml:lang="en" lang="en">
 <head>
  <title>
</title>
<meta http-equiv="Content-Type" content="text/html;charset=utf-8" />
  <meta name='ocr-system' content='tesseract 3.04.00' />
  <meta name='ocr-capabilities' content='ocr_page ocr_carea ocr_par ocr_line ocrx_word'/>
</head>
<body>
  <div class='ocr_page' id='page_1' title='image "./mtulliiciceroni11unkngoog_0037.png"; bbox 0 0 2784 4575; ppageno 0'>
   <div class='ocr_carea' id='block_1_1' title="bbox 283 450 390 533">
    <p class='ocr_par' dir='ltr' id='par_1_1' title="bbox 283 450 390 533">
     <span class='ocr_line' id='line_1_1' title="bbox 283 450 390 487; baseline 0 -2"><span class='ocrx_word' id='word_1_1' title='bbox 283 450 390 487; x_wconf 71' lang='lat' dir='ltr'>Anni</span> 
     </span>
     <span class='ocr_line' id='line_1_2' title="bbox 285 496 388 533; baseline -0.019 0"><span class='ocrx_word' id='word_1_2' title='bbox 285 496 336 533; x_wconf 77' lang='grc' dir='ltr'>Ὀ.</span> <span class='ocrx_word' id='word_1_3' title='bbox 347 496 388 531; x_wconf 87' lang='lat' dir='ltr'>C.</span> 
     </span>
    </p>
   </div>
   <div class='ocr_carea' id='block_1_2' title="bbox 283 914 390 969">
    <p class='ocr_par' dir='ltr' id='par_1_2' title="bbox 283 914 390 969">
     <span class='ocr_line' id='line_1_3' title="bbox 283 914 390 969; baseline 0 0"><span class='ocrx_word' id='word_1_4' title='bbox 283 914 390 969; x_wconf 79' lang='lat'>706</span> 
     </span>
    </p>
   </div>
   <div class='ocr_carea' id='block_1_3' title="bbox 281 1484 386 1541">
    <p class='ocr_par' dir='ltr' id='par_1_3' title="bbox 281 1484 386 1541">
     <span class='ocr_line' id='line_1_4' title="bbox 281 1484 386 1541; baseline 0.019 -2"><span class='ocrx_word' id='word_1_5' title='bbox 281 1484 386 1541; x_wconf 72' lang='lat'>⁷0⁷</span> 
     </span>
    </p>
   </div>
   <div class='ocr_carea' id='block_1_4' title="bbox 284 2397 390 2454">
    <p class='ocr_par' dir='ltr' id='par_1_4' title="bbox 284 2397 390 2454">
     <span class='ocr_line' id='line_1_5' title="bbox 284 2397 390 2454; baseline 0 0"><span class='ocrx_word' id='word_1_6' title='bbox 284 2397 390 2454; x_wconf 83' lang='lat'>&#39;108</span> 
     </span>
    </p>
   </div>
   <div class='ocr_carea' id='block_1_5' title="bbox 447 495 549 533">
    <p class='ocr_par' dir='ltr' id='par_1_5' title="bbox 447 495 549 533">
     <span class='ocr_line' id='line_1_6' title="bbox 447 495 549 533; baseline 0.01 -1"><span class='ocrx_word' id='word_1_7' title='bbox 447 495 491 532; x_wconf 88' lang='lat' dir='ltr'>C.</span> <span class='ocrx_word' id='word_1_8' title='bbox 503 496 549 533; x_wconf 75' lang='lat' dir='ltr'>R.</span> 
     </span>
    </p>
   </div>
   <div class='ocr_carea' id='block_1_6' title="bbox 459 911 532 966">
    <p class='ocr_par' dir='ltr' id='par_1_6' title="bbox 459 911 532 966">
     <span class='ocr_line' id='line_1_7' title="bbox 459 911 532 966; baseline 0 0"><span class='ocrx_word' id='word_1_9' title='bbox 459 911 532 966; x_wconf 82' lang='lat'>48</span> 
     </span>
    </p>
   </div>
   <div class='ocr_carea' id='block_1_7' title="bbox 457 1484 527 1541">
    <p class='ocr_par' dir='ltr' id='par_1_7' title="bbox 457 1484 527 1541">
     <span class='ocr_line' id='line_1_8' title="bbox 457 1484 527 1541; baseline -0.014 0"><span class='ocrx_word' id='word_1_10' title='bbox 457 1484 527 1541; x_wconf 82' lang='lat'>47</span> 
     </span>
    </p>
   </div>
   <div class='ocr_carea' id='block_1_8' title="bbox 455 2400 530 2456">
    <p class='ocr_par' dir='ltr' id='par_1_8' title="bbox 455 2400 530 2456">
     <span class='ocr_line' id='line_1_9' title="bbox 455 2400 530 2456; baseline 0 0"><span class='ocrx_word' id='word_1_11' title='bbox 455 2400 530 2456; x_wconf 83' lang='lat'>46</span> 
     </span>
    </p>
   </div>
   <div class='ocr_carea' id='block_1_9' title="bbox 493 2680 2304 2741">
    <p class='ocr_par' dir='ltr' id='par_1_9' title="bbox 493 2680 2304 2741">
     <span class='ocr_line' id='line_1_10' title="bbox 493 2680 2304 2741; baseline 0.002 -5"><span class='ocrx_word' id='word_1_12' title='bbox 493 2699 498 2702; x_wconf 91' lang='lat'>·</span> <span class='ocrx_word' id='word_1_13' title='bbox 601 2682 792 2738; x_wconf 84' lang='lat' dir='ltr'>vincit.</span> <span class='ocrx_word' id='word_1_14' title='bbox 847 2684 1056 2738; x_wconf 79' lang='lat' dir='ltr'><strong>Paucis</strong></span> <span class='ocrx_word' id='word_1_15' title='bbox 1076 2684 1280 2739; x_wconf 85' lang='lat' dir='ltr'>diebus</span> <span class='ocrx_word' id='word_1_16' title='bbox 1340 2692 1436 2739; x_wconf 90' lang='lat' dir='ltr'>ost</span> <span class='ocrx_word' id='word_1_17' title='bbox 1453 2685 1529 2739; x_wconf 83' lang='lat' dir='ltr'>M.</span> <span class='ocrx_word' id='word_1_18' title='bbox 1550 2684 1694 2741; x_wconf 85' lang='lat' dir='ltr'>Cato</span> <span class='ocrx_word' id='word_1_19' title='bbox 1772 2685 1917 2738; x_wconf 84' lang='lat' dir='ltr'>ticae</span> <span class='ocrx_word' id='word_1_20' title='bbox 1938 2683 2050 2737; x_wconf 89' lang='lat' dir='ltr'>sibi</span> <span class='ocrx_word' id='word_1_21' title='bbox 2066 2680 2304 2738; x_wconf 82' lang='lat' dir='ltr'>mortem</span> 
     </span>
    </p>
   </div>
   <div class='ocr_carea' id='block_1_10' title="bbox 1045 290 2469 343">
    <p class='ocr_par' dir='ltr' id='par_1_10' title="bbox 1045 290 2469 343">
     <span class='ocr_line' id='line_1_11' title="bbox 1045 290 2469 343; baseline 0.007 -12"><span class='ocrx_word' id='word_1_22' title='bbox 1045 292 1158 331; x_wconf 79' lang='lat' dir='ltr'>PER</span> <span class='ocrx_word' id='word_1_23' title='bbox 1191 290 1385 335; x_wconf 65' lang='lat' dir='ltr'>Annos</span> <span class='ocrx_word' id='word_1_24' title='bbox 1420 290 1692 335; x_wconf 64' lang='lat' dir='ltr'>mamers.</span> <span class='ocrx_word' id='word_1_25' title='bbox 2180 290 2469 343; x_wconf 77' lang='lat' dir='ltr'>&#39;XXXIII</span> 
     </span>
    </p>
   </div>
   <div class='ocr_carea' id='block_1_11' title="bbox 599 562 2305 906">
    <p class='ocr_par' dir='ltr' id='par_1_11' title="bbox 599 562 2305 906">
     <span class='ocr_line' id='line_1_12' title="bbox 601 562 2302 638; baseline 0.004 -21"><span class='ocrx_word' id='word_1_26' title='bbox 601 562 804 634; x_wconf 84' lang='lat' dir='ltr'>Arpini</span> <span class='ocrx_word' id='word_1_27' title='bbox 821 562 942 619; x_wconf 86' lang='lat' dir='ltr'>filio</span> <span class='ocrx_word' id='word_1_28' title='bbox 961 570 1156 635; x_wconf 82' lang='lat' dir='ltr'>togam</span> <span class='ocrx_word' id='word_1_29' title='bbox 1173 582 1373 636; x_wconf 84' lang='lat' dir='ltr'>puram</span> <span class='ocrx_word' id='word_1_30' title='bbox 1391 566 1657 635; x_wconf 86' lang='lat' dir='ltr'>dederat,</span> <span class='ocrx_word' id='word_1_31' title='bbox 1693 567 2027 638; x_wconf 82' lang='lat' dir='ltr'>Pompeium</span> <span class='ocrx_word' id='word_1_32' title='bbox 2044 568 2106 623; x_wconf 89' lang='lat' dir='ltr'>in</span> <span class='ocrx_word' id='word_1_33' title='bbox 2126 570 2302 628; x_wconf 80' lang='lat' dir='ltr'>Grae-</span> 
     </span>
     <span class='ocr_line' id='line_1_13' title="bbox 602 632 2303 709; baseline 0.003 -22"><span class='ocrx_word' id='word_1_34' title='bbox 602 632 748 687; x_wconf 80' lang='lat' dir='ltr'>ciam</span> <span class='ocrx_word' id='word_1_35' title='bbox 787 638 1084 687; x_wconf 87' lang='lat' dir='ltr'>secuturus</span> <span class='ocrx_word' id='word_1_36' title='bbox 1121 651 1323 689; x_wconf 80' lang='lat' dir='ltr'>navem</span> <span class='ocrx_word' id='word_1_37' title='bbox 1359 635 1711 690; x_wconf 76' lang='lat' dir='ltr'><strong>conscendit.</strong></span> <span class='ocrx_word' id='word_1_38' title='bbox 1781 634 1995 692; x_wconf 81' lang='lat' dir='ltr'>Caesar</span> <span class='ocrx_word' id='word_1_39' title='bbox 2019 637 2303 709; x_wconf 83' lang='lat' dir='ltr'>Hispania</span> 
     </span>
     <span class='ocr_line' id='line_1_14' title="bbox 599 700 2303 787; baseline 0.004 -33"><span class='ocrx_word' id='word_1_40' title='bbox 599 700 842 771; x_wconf 85' lang='lat' dir='ltr'>potitur,</span> <span class='ocrx_word' id='word_1_41' title='bbox 899 702 1182 772; x_wconf 86' lang='lat' dir='ltr'>superatis</span> <span class='ocrx_word' id='word_1_42' title='bbox 1216 703 1358 757; x_wconf 89' lang='lat' dir='ltr'>Pom</span> <span class='ocrx_word' id='word_1_43' title='bbox 1403 704 1477 757; x_wconf 88' lang='lat' dir='ltr'>eii</span> <span class='ocrx_word' id='word_1_44' title='bbox 1510 703 1744 785; x_wconf 79' lang='lat' dir='ltr'>legatis,</span> <span class='ocrx_word' id='word_1_45' title='bbox 1798 710 1858 759; x_wconf 89' lang='lat' dir='ltr'>et</span> <span class='ocrx_word' id='word_1_46' title='bbox 1900 722 1935 759; x_wconf 85' lang='lat' dir='ltr'>a</span> <span class='ocrx_word' id='word_1_47' title='bbox 1970 704 2046 759; x_wconf 88' lang='lat' dir='ltr'>M.</span> <span class='ocrx_word' id='word_1_48' title='bbox 2080 706 2303 787; x_wconf 84' lang='lat' dir='ltr'>Lepido</span> 
     </span>
     <span class='ocr_line' id='line_1_15' title="bbox 599 769 2305 849; baseline 0.004 -27"><span class='ocrx_word' id='word_1_49' title='bbox 599 774 864 849; x_wconf 85' lang='lat' dir='ltr'>praetore</span> <span class='ocrx_word' id='word_1_50' title='bbox 883 769 1134 825; x_wconf 86' lang='lat' dir='ltr'>dictator</span> <span class='ocrx_word' id='word_1_51' title='bbox 1151 770 1334 825; x_wconf 86' lang='lat' dir='ltr'>dictus</span> <span class='ocrx_word' id='word_1_52' title='bbox 1446 789 1572 827; x_wconf 79' lang='lat' dir='ltr'>mae</span> <span class='ocrx_word' id='word_1_53' title='bbox 1600 772 1830 827; x_wconf 79' lang='lat' dir='ltr'>comitia</span> <span class='ocrx_word' id='word_1_54' title='bbox 1855 772 2059 842; x_wconf 88' lang='lat' dir='ltr'>habet,</span> <span class='ocrx_word' id='word_1_55' title='bbox 2098 776 2305 845; x_wconf 78' lang='lat' dir='ltr'>quibus</span> 
     </span>
     <span class='ocr_line' id='line_1_16' title="bbox 599 837 1619 906; baseline 0.004 -16"><span class='ocrx_word' id='word_1_56' title='bbox 599 853 724 906; x_wconf 78' lang='lat' dir='ltr'>ipse</span> <span class='ocrx_word' id='word_1_57' title='bbox 745 853 873 892; x_wconf 89' lang='lat' dir='ltr'>cum</span> <span class='ocrx_word' id='word_1_58' title='bbox 889 838 956 893; x_wconf 88' lang='lat' dir='ltr'>P.</span> <span class='ocrx_word' id='word_1_59' title='bbox 977 837 1218 895; x_wconf 81' lang='lat' dir='ltr'>Servilio</span> <span class='ocrx_word' id='word_1_60' title='bbox 1237 855 1356 894; x_wconf 92' lang='lat' dir='ltr'>cos.</span> <span class='ocrx_word' id='word_1_61' title='bbox 1375 846 1619 896; x_wconf 84' lang='lat' dir='ltr'>creatur.</span> 
     </span>
    </p>
   </div>
   <div class='ocr_carea' id='block_1_12' title="bbox 600 911 2233 982">
    <p class='ocr_par' dir='ltr' id='par_1_12' title="bbox 600 911 2233 982">
     <span class='ocr_line' id='line_1_17' title="bbox 600 911 2233 982; baseline 0.002 -14"><span class='ocrx_word' id='word_1_62' title='bbox 600 911 760 969; x_wconf 81' lang='lat' dir='ltr'>Coss.</span> <span class='ocrx_word' id='word_1_63' title='bbox 783 914 842 968; x_wconf 84' lang='grc' dir='ltr'>Ο.</span> <span class='ocrx_word' id='word_1_64' title='bbox 861 914 1035 969; x_wconf 79' lang='lat' dir='ltr'>Iulius</span> <span class='ocrx_word' id='word_1_65' title='bbox 1055 916 1256 971; x_wconf 75' lang='lat' dir='ltr'>Caesar</span> <span class='ocrx_word' id='word_1_66' title='bbox 1271 918 1371 982; x_wconf 85' lang='lat' dir='ltr'>IL,</span> <span class='ocrx_word' id='word_1_67' title='bbox 1409 917 1473 971; x_wconf 89' lang='lat' dir='ltr'>P.</span> <span class='ocrx_word' id='word_1_68' title='bbox 1494 919 1751 973; x_wconf 76' lang='lat' dir='ltr'>Servilius</span> <span class='ocrx_word' id='word_1_69' title='bbox 1777 920 1929 975; x_wconf 78' lang='lat' dir='ltr'>Vatia</span> <span class='ocrx_word' id='word_1_70' title='bbox 1946 919 2233 973; x_wconf 71' lang='lat' dir='ltr'>Isauricus.</span> 
     </span>
    </p>
   </div>
   <div class='ocr_carea' id='block_1_13' title="bbox 599 988 2305 1347">
    <p class='ocr_par' dir='ltr' id='par_1_13' title="bbox 601 988 2305 1212">
     <span class='ocr_line' id='line_1_18' title="bbox 671 988 2304 1066; baseline 0.003 -22"><span class='ocrx_word' id='word_1_71' title='bbox 671 988 887 1045; x_wconf 86' lang='lat' dir='ltr'>Caesar</span> <span class='ocrx_word' id='word_1_72' title='bbox 911 992 1056 1061; x_wconf 83' lang='lat' dir='ltr'><strong>prid.</strong></span> <span class='ocrx_word' id='word_1_73' title='bbox 1083 993 1232 1048; x_wconf 84' lang='lat' dir='ltr'>Non.</span> <span class='ocrx_word' id='word_1_74' title='bbox 1260 994 1381 1048; x_wconf 91' lang='lat' dir='ltr'>Ian.</span> <span class='ocrx_word' id='word_1_75' title='bbox 1401 994 1709 1050; x_wconf 76' lang='lat' dir='ltr'>Brundisio</span> <span class='ocrx_word' id='word_1_76' title='bbox 1738 994 1797 1049; x_wconf 89' lang='lat' dir='ltr'>in</span> <span class='ocrx_word' id='word_1_77' title='bbox 1816 994 2049 1065; x_wconf 86' lang='lat' dir='ltr'>Epirum</span> <span class='ocrx_word' id='word_1_78' title='bbox 2076 996 2304 1066; x_wconf 88' lang='lat' dir='ltr'>traiicit,</span> 
     </span>
     <span class='ocr_line' id='line_1_19' title="bbox 601 1058 2305 1139; baseline 0.005 -28"><span class='ocrx_word' id='word_1_79' title='bbox 601 1058 934 1139; x_wconf 70' lang='lat' dir='ltr'>Pompeium</span> <span class='ocrx_word' id='word_1_80' title='bbox 959 1060 1304 1131; x_wconf 80' lang='lat' dir='ltr'>Dyrrhachii</span> <span class='ocrx_word' id='word_1_81' title='bbox 1333 1064 1587 1132; x_wconf 78' lang='lat' dir='ltr'>obsidet,</span> <span class='ocrx_word' id='word_1_82' title='bbox 1626 1062 1723 1135; x_wconf 88' lang='lat' dir='ltr'>qui</span> <span class='ocrx_word' id='word_1_83' title='bbox 1748 1063 1881 1118; x_wconf 88' lang='lat' dir='ltr'>inde</span> <span class='ocrx_word' id='word_1_84' title='bbox 1918 1064 2008 1119; x_wconf 88' lang='lat' dir='ltr'>ela</span> <span class='ocrx_word' id='word_1_85' title='bbox 2030 1122 2032 1127; x_wconf 18' lang='grc'>1</span> <span class='ocrx_word' id='word_1_86' title='bbox 2051 1081 2147 1119; x_wconf 87' lang='lat' dir='ltr'>sus</span> <span class='ocrx_word' id='word_1_87' title='bbox 2184 1065 2305 1119; x_wconf 87' lang='lat' dir='ltr'>bel-</span> 
     </span>
     <span class='ocr_line' id='line_1_20' title="bbox 601 1127 2305 1212; baseline 0.004 -32"><span class='ocrx_word' id='word_1_88' title='bbox 601 1128 716 1181; x_wconf 88' lang='lat' dir='ltr'>lum</span> <span class='ocrx_word' id='word_1_89' title='bbox 733 1144 792 1181; x_wconf 85' lang='lat' dir='ltr'>m</span> <span class='ocrx_word' id='word_1_90' title='bbox 813 1127 1172 1184; x_wconf 80' lang='lat' dir='ltr'>Thessaliam</span> <span class='ocrx_word' id='word_1_91' title='bbox 1191 1131 1484 1201; x_wconf 80' lang='lat' dir='ltr'>transfert,</span> <span class='ocrx_word' id='word_1_92' title='bbox 1514 1131 1613 1185; x_wconf 89' lang='lat' dir='ltr'>ubi</span> <span class='ocrx_word' id='word_1_93' title='bbox 1626 1132 1853 1212; x_wconf 79' lang='lat' dir='ltr'>proelio</span> <span class='ocrx_word' id='word_1_94' title='bbox 1874 1132 1949 1187; x_wconf 86' lang='lat' dir='ltr'>ad</span> <span class='ocrx_word' id='word_1_95' title='bbox 1967 1132 2014 1187; x_wconf 94' lang='lat' dir='ltr'><strong>P</strong></span> <span class='ocrx_word' id='word_1_96' title='bbox 2060 1134 2305 1188; x_wconf 88' lang='lat' dir='ltr'>arsalum</span> 
     </span>
    </p>

    <p class='ocr_par' dir='ltr' id='par_1_14' title="bbox 599 1195 2305 1347">
     <span class='ocr_line' id='line_1_21' title="bbox 639 1195 2305 1273; baseline 0.004 -24"><span class='ocrx_word' id='word_1_97' title='bbox 639 1195 744 1250; x_wconf 87' lang='lat' dir='ltr'>rid.</span> <span class='ocrx_word' id='word_1_98' title='bbox 761 1196 895 1251; x_wconf 86' lang='lat' dir='ltr'>Kal.</span> <span class='ocrx_word' id='word_1_99' title='bbox 917 1196 1044 1252; x_wconf 86' lang='lat' dir='ltr'>Oct.</span> <span class='ocrx_word' id='word_1_100' title='bbox 1075 1215 1110 1253; x_wconf 90' lang='lat' dir='ltr'>a</span> <span class='ocrx_word' id='word_1_101' title='bbox 1137 1198 1384 1254; x_wconf 84' lang='lat' dir='ltr'>Caesare</span> <span class='ocrx_word' id='word_1_102' title='bbox 1412 1200 1594 1254; x_wconf 82' lang='lat' dir='ltr'>victus</span> <span class='ocrx_word' id='word_1_103' title='bbox 1622 1218 1681 1253; x_wconf 83' lang='lat' dir='ltr'>m</span> <span class='ocrx_word' id='word_1_104' title='bbox 1702 1198 2027 1273; x_wconf 83' lang='lat' dir='ltr'>Aegyptum</span> <span class='ocrx_word' id='word_1_105' title='bbox 2054 1200 2204 1271; x_wconf 82' lang='lat' dir='ltr'>fugit</span> <span class='ocrx_word' id='word_1_106' title='bbox 2228 1202 2305 1255; x_wconf 81' lang='lat' dir='ltr'>ad</span> 
     </span>
     <span class='ocr_line' id='line_1_22' title="bbox 599 1212 2303 1347; baseline 0.004 -30"><span class='ocrx_word' id='word_1_107' title='bbox 599 1212 992 1319; x_wconf 53' lang='lat' dir='ltr'>Ptolemaeum</span> <span class='ocrx_word' id='word_1_108' title='bbox 1026 1282 1268 1347; x_wconf 86' lang='lat' dir='ltr'>puerum</span> <span class='ocrx_word' id='word_1_109' title='bbox 1292 1268 1489 1339; x_wconf 84' lang='lat' dir='ltr'>ibique</span> <span class='ocrx_word' id='word_1_110' title='bbox 1517 1266 1872 1323; x_wconf 85' lang='lat' dir='ltr'>interficitur.</span> <span class='ocrx_word' id='word_1_111' title='bbox 1947 1268 2159 1326; x_wconf 79' lang='lat' dir='ltr'>Caesar</span> <span class='ocrx_word' id='word_1_112' title='bbox 2186 1270 2303 1325; x_wconf 87' lang='lat' dir='ltr'>bel-</span> 
     </span>
    </p>
   </div>
   <div class='ocr_carea' id='block_1_14' title="bbox 601 1331 2047 1469">
    <p class='ocr_par' dir='ltr' id='par_1_15' title="bbox 601 1331 2047 1469">
     <span class='ocr_line' id='line_1_23' title="bbox 601 1331 1372 1405; baseline 0.008 -20"><span class='ocrx_word' id='word_1_113' title='bbox 601 1331 716 1385; x_wconf 90' lang='lat' dir='ltr'>lum</span> <span class='ocrx_word' id='word_1_114' title='bbox 733 1332 1182 1388; x_wconf 84' lang='lat' dir='ltr'>Alexandnnum</span> <span class='ocrx_word' id='word_1_115' title='bbox 1207 1336 1372 1405; x_wconf 86' lang='lat' dir='ltr'>gerit.</span> 
     </span>
     <span class='ocr_line' id='line_1_24' title="bbox 669 1408 2047 1469; baseline 0.004 -6"><span class='ocrx_word' id='word_1_116' title='bbox 669 1408 868 1465; x_wconf 88' lang='lat' dir='ltr'>Cicero</span> <span class='ocrx_word' id='word_1_117' title='bbox 889 1410 964 1465; x_wconf 85' lang='lat' dir='ltr'>ab</span> <span class='ocrx_word' id='word_1_118' title='bbox 985 1411 1154 1466; x_wconf 84' lang='lat' dir='ltr'>armis</span> <span class='ocrx_word' id='word_1_119' title='bbox 1175 1411 1477 1469; x_wconf 86' lang='lat' dir='ltr'>discedens</span> <span class='ocrx_word' id='word_1_120' title='bbox 1494 1413 1858 1468; x_wconf 87' lang='lat' dir='ltr'>Brundisium</span> <span class='ocrx_word' id='word_1_121' title='bbox 1877 1414 2047 1469; x_wconf 87' lang='lat' dir='ltr'>venit.</span> 
     </span>
    </p>
   </div>
   <div class='ocr_carea' id='block_1_15' title="bbox 599 1487 2306 2046">
    <p class='ocr_par' dir='ltr' id='par_1_16' title="bbox 601 1487 2306 1627">
     <span class='ocr_line' id='line_1_25' title="bbox 601 1487 2306 1610; baseline 0.003 -69"><span class='ocrx_word' id='word_1_122' title='bbox 601 1487 661 1541; x_wconf 89' lang='lat' dir='ltr'>C&#39;.</span> <span class='ocrx_word' id='word_1_123' title='bbox 697 1488 870 1541; x_wconf 78' lang='lat' dir='ltr'>Iulius</span> <span class='ocrx_word' id='word_1_124' title='bbox 909 1487 1118 1610; x_wconf 50' lang='grc' dir='ltr'>ὀξέα-«παρ’ᾗ</span> <span class='ocrx_word' id='word_1_125' title='bbox 1139 1490 1220 1543; x_wconf 95' lang='lat' dir='ltr'>II.</span> <span class='ocrx_word' id='word_1_126' title='bbox 1259 1488 1551 1560; x_wconf 81' lang='lat' dir='ltr'>Dictator,</span> <span class='ocrx_word' id='word_1_127' title='bbox 1614 1491 1695 1546; x_wconf 90' lang='lat' dir='ltr'>M.</span> <span class='ocrx_word' id='word_1_128' title='bbox 1733 1493 1993 1546; x_wconf 77' lang='lat' dir='ltr'>Antonius</span> <span class='ocrx_word' id='word_1_129' title='bbox 2027 1490 2306 1563; x_wconf 84' lang='lat' dir='ltr'>Magister</span> 
     </span>
     <span class='ocr_line' id='line_1_26' title="bbox 994 1572 1228 1627; baseline 0.004 -16"><span class='ocrx_word' id='word_1_130' title='bbox 994 1572 1091 1627; x_wconf 78' lang='lat' dir='ltr'>qui</span> <span class='ocrx_word' id='word_1_131' title='bbox 1119 1573 1228 1612; x_wconf 90' lang='lat' dir='ltr'>um.</span> 
     </span>
    </p>

    <p class='ocr_par' dir='ltr' id='par_1_17' title="bbox 599 1630 2303 2046">
     <span class='ocr_line' id='line_1_27' title="bbox 668 1630 2303 1705; baseline 0.003 -19"><span class='ocrx_word' id='word_1_132' title='bbox 668 1630 896 1701; x_wconf 84' lang='lat' dir='ltr'>Caesar,</span> <span class='ocrx_word' id='word_1_133' title='bbox 932 1632 1090 1687; x_wconf 87' lang='lat' dir='ltr'>bello</span> <span class='ocrx_word' id='word_1_134' title='bbox 1111 1632 1501 1691; x_wconf 87' lang='lat' dir='ltr'>Alexandrino</span> <span class='ocrx_word' id='word_1_135' title='bbox 1524 1634 1807 1703; x_wconf 87' lang='lat' dir='ltr'>confect0,</span> <span class='ocrx_word' id='word_1_136' title='bbox 1835 1652 2029 1690; x_wconf 86' lang='lat' dir='ltr'>mense</span> <span class='ocrx_word' id='word_1_137' title='bbox 2050 1634 2303 1705; x_wconf 87' lang='lat' dir='ltr'>Septem-</span> 
     </span>
     <span class='ocr_line' id='line_1_28' title="bbox 599 1699 2302 1782; baseline 0.001 -26"><span class='ocrx_word' id='word_1_138' title='bbox 599 1699 690 1756; x_wconf 90' lang='lat' dir='ltr'>bri</span> <span class='ocrx_word' id='word_1_139' title='bbox 726 1700 787 1753; x_wconf 93' lang='lat' dir='ltr'>in</span> <span class='ocrx_word' id='word_1_140' title='bbox 819 1700 1048 1757; x_wconf 85' lang='lat' dir='ltr'>Italiam</span> <span class='ocrx_word' id='word_1_141' title='bbox 1081 1701 1254 1755; x_wconf 73' lang='lat' dir='ltr'>rediit</span> <span class='ocrx_word' id='word_1_142' title='bbox 1290 1702 1457 1773; x_wconf 85' lang='lat' dir='ltr'>eique</span> <span class='ocrx_word' id='word_1_143' title='bbox 1498 1701 1698 1760; x_wconf 81' lang='lat' dir='ltr'>Cicero</span> <span class='ocrx_word' id='word_1_144' title='bbox 1739 1703 1965 1757; x_wconf 86' lang='lat' dir='ltr'>obviam</span> <span class='ocrx_word' id='word_1_145' title='bbox 2004 1704 2302 1782; x_wconf 79' lang='lat' dir='ltr'>processit.</span> 
     </span>
     <span class='ocr_line' id='line_1_29' title="bbox 601 1766 2303 1842; baseline 0.001 -19"><span class='ocrx_word' id='word_1_146' title='bbox 601 1766 813 1824; x_wconf 85' lang='lat' dir='ltr'>Caesar</span> <span class='ocrx_word' id='word_1_147' title='bbox 839 1773 906 1823; x_wconf 91' lang='lat' dir='ltr'>ut</span> <span class='ocrx_word' id='word_1_148' title='bbox 931 1785 1058 1823; x_wconf 87' lang='lat' dir='ltr'>eum</span> <span class='ocrx_word' id='word_1_149' title='bbox 1087 1769 1199 1824; x_wconf 90' lang='lat' dir='ltr'>sibi</span> <span class='ocrx_word' id='word_1_150' title='bbox 1218 1786 1519 1825; x_wconf 88' lang='lat' dir='ltr'>occurrere</span> <span class='ocrx_word' id='word_1_151' title='bbox 1537 1770 1710 1841; x_wconf 80' lang='lat' dir='ltr'>vidit,</span> <span class='ocrx_word' id='word_1_152' title='bbox 1748 1771 2045 1825; x_wconf 74' lang='lat' dir='ltr'>descendit</span> <span class='ocrx_word' id='word_1_153' title='bbox 2064 1788 2303 1842; x_wconf 89' lang='lat' dir='ltr'>eumque</span> 
     </span>
     <span class='ocr_line' id='line_1_30' title="bbox 601 1836 2303 1910; baseline 0.002 -20"><span class='ocrx_word' id='word_1_154' title='bbox 601 1836 874 1891; x_wconf 82' lang='lat' dir='ltr'>salutavit</span> <span class='ocrx_word' id='word_1_155' title='bbox 935 1854 1064 1892; x_wconf 88' lang='lat' dir='ltr'>cum</span> <span class='ocrx_word' id='word_1_156' title='bbox 1091 1854 1276 1909; x_wconf 88' lang='lat' dir='ltr'>eoque</span> <span class='ocrx_word' id='word_1_157' title='bbox 1305 1838 1645 1910; x_wconf 88' lang='lat' dir='ltr'>colloquens</span> <span class='ocrx_word' id='word_1_158' title='bbox 1672 1840 1852 1895; x_wconf 84' lang='lat' dir='ltr'>multa</span> <span class='ocrx_word' id='word_1_159' title='bbox 1871 1838 2057 1893; x_wconf 86' lang='lat' dir='ltr'>stadia</span> <span class='ocrx_word' id='word_1_160' title='bbox 2076 1855 2303 1909; x_wconf 88' lang='lat' dir='ltr'>proces-</span> 
     </span>
     <span class='ocr_line' id='line_1_31' title="bbox 602 1875 2302 1986; baseline 0.001 -27"><span class='ocrx_word' id='word_1_161' title='bbox 602 1904 726 1986; x_wconf 42' lang='lat' dir='ltr'>sit..</span> <span class='ocrx_word' id='word_1_162' title='bbox 755 1875 940 1961; x_wconf 62' lang='lat' dir='ltr'>Pauio</span> <span class='ocrx_word' id='word_1_163' title='bbox 960 1905 1336 1980; x_wconf 31' lang='lat' dir='ltr'>post-Cicero,</span> <span class='ocrx_word' id='word_1_164' title='bbox 1367 1907 1468 1978; x_wconf 87' lang='lat' dir='ltr'>qui</span> <span class='ocrx_word' id='word_1_165' title='bbox 1494 1925 1677 1979; x_wconf 88' lang='lat' dir='ltr'>usque</span> <span class='ocrx_word' id='word_1_166' title='bbox 1705 1908 1781 1962; x_wconf 88' lang='lat' dir='ltr'>ad</span> <span class='ocrx_word' id='word_1_167' title='bbox 1798 1907 1860 1965; x_wconf 87' lang='lat' dir='ltr'>id</span> <span class='ocrx_word' id='word_1_168' title='bbox 1878 1912 2103 1979; x_wconf 86' lang='lat' dir='ltr'>tempus</span> <span class='ocrx_word' id='word_1_169' title='bbox 2120 1907 2302 1963; x_wconf 89' lang='lat' dir='ltr'>Brun-</span> 
     </span>
     <span class='ocr_line' id='line_1_32' title="bbox 601 1972 1807 2046; baseline 0.003 -19"><span class='ocrx_word' id='word_1_170' title='bbox 601 1972 730 2027; x_wconf 82' lang='lat' dir='ltr'>disn</span> <span class='ocrx_word' id='word_1_171' title='bbox 750 1978 1128 2029; x_wconf 84' lang='lat' dir='ltr'>commoratus</span> <span class='ocrx_word' id='word_1_172' title='bbox 1148 1981 1300 2046; x_wconf 88' lang='lat' dir='ltr'>erat,</span> <span class='ocrx_word' id='word_1_173' title='bbox 1335 1975 1398 2029; x_wconf 89' lang='lat' dir='ltr'>in</span> <span class='ocrx_word' id='word_1_174' title='bbox 1416 1977 1616 2031; x_wconf 86' lang='lat' dir='ltr'>urbem</span> <span class='ocrx_word' id='word_1_175' title='bbox 1634 1976 1807 2031; x_wconf 83' lang='lat' dir='ltr'>venit.</span> 
     </span>
    </p>
   </div>
   <div class='ocr_carea' id='block_1_16' title="bbox 598 2048 2303 2380">
    <p class='ocr_par' dir='ltr' id='par_1_18' title="bbox 598 2048 2303 2380">
     <span class='ocr_line' id='line_1_33' title="bbox 669 2048 2303 2118; baseline 0.002 -13"><span class='ocrx_word' id='word_1_176' title='bbox 669 2048 884 2105; x_wconf 85' lang='lat' dir='ltr'>Tribus</span> <span class='ocrx_word' id='word_1_177' title='bbox 903 2052 1166 2107; x_wconf 83' lang='lat' dir='ltr'>extremis</span> <span class='ocrx_word' id='word_1_178' title='bbox 1180 2050 1236 2107; x_wconf 92' lang='lat' dir='ltr'>h.</span> <span class='ocrx_word' id='word_1_179' title='bbox 1247 2070 1302 2107; x_wconf 87' lang='lat' dir='ltr'>a.</span> <span class='ocrx_word' id='word_1_180' title='bbox 1310 2054 1603 2108; x_wconf 86' lang='lat' dir='ltr'>mensibus</span> <span class='ocrx_word' id='word_1_181' title='bbox 1624 2070 1771 2109; x_wconf 84' lang='lat' dir='ltr'>coss.</span> <span class='ocrx_word' id='word_1_182' title='bbox 1784 2052 2015 2107; x_wconf 82' lang='lat' dir='ltr'>fuerunt</span> <span class='ocrx_word' id='word_1_183' title='bbox 2026 2054 2092 2118; x_wconf 83' lang='lat' dir='ltr'>Q.</span> <span class='ocrx_word' id='word_1_184' title='bbox 2104 2052 2303 2109; x_wconf 84' lang='lat' dir='ltr'>Fufius</span> 
     </span>
     <span class='ocr_line' id='line_1_34' title="bbox 599 2114 2301 2191; baseline 0.002 -18"><span class='ocrx_word' id='word_1_185' title='bbox 599 2114 848 2173; x_wconf 82' lang='lat' dir='ltr'>Calenus</span> <span class='ocrx_word' id='word_1_186' title='bbox 869 2124 926 2173; x_wconf 91' lang='lat' dir='ltr'>et</span> <span class='ocrx_word' id='word_1_187' title='bbox 943 2118 1010 2174; x_wconf 90' lang='lat' dir='ltr'>P.</span> <span class='ocrx_word' id='word_1_188' title='bbox 1029 2120 1312 2176; x_wconf 86' lang='lat' dir='ltr'>Vatinius.</span> <span class='ocrx_word' id='word_1_189' title='bbox 1376 2119 1591 2179; x_wconf 87' lang='lat' dir='ltr'>Caesar</span> <span class='ocrx_word' id='word_1_190' title='bbox 1606 2120 1708 2179; x_wconf 91' lang='lat' dir='ltr'>VI.</span> <span class='ocrx_word' id='word_1_191' title='bbox 1724 2122 1857 2177; x_wconf 85' lang='lat' dir='ltr'>Kal.</span> <span class='ocrx_word' id='word_1_192' title='bbox 1877 2122 1997 2176; x_wconf 89' lang='lat' dir='ltr'>Ian.</span> <span class='ocrx_word' id='word_1_193' title='bbox 2018 2122 2301 2191; x_wconf 82' lang='lat' dir='ltr'>Lilybaeo</span> 
     </span>
     <span class='ocr_line' id='line_1_35' title="bbox 599 2185 2301 2261; baseline 0.002 -22"><span class='ocrx_word' id='word_1_194' title='bbox 599 2186 662 2241; x_wconf 92' lang='lat' dir='ltr'>in</span> <span class='ocrx_word' id='word_1_195' title='bbox 678 2185 934 2242; x_wconf 86' lang='lat' dir='ltr'>Africam</span> <span class='ocrx_word' id='word_1_196' title='bbox 952 2187 1196 2257; x_wconf 88' lang='lat' dir='ltr'>traiecit,</span> <span class='ocrx_word' id='word_1_197' title='bbox 1224 2188 1439 2244; x_wconf 87' lang='lat' dir='ltr'>bellum</span> <span class='ocrx_word' id='word_1_198' title='bbox 1458 2190 1731 2245; x_wconf 83' lang='lat' dir='ltr'>adversus</span> <span class='ocrx_word' id='word_1_199' title='bbox 1751 2189 2153 2261; x_wconf 87' lang='lat' dir='ltr'>Pompeianos,</span> <span class='ocrx_word' id='word_1_200' title='bbox 2184 2189 2301 2245; x_wconf 90' lang='lat' dir='ltr'>Sci·</span> 
     </span>
     <span class='ocr_line' id='line_1_36' title="bbox 598 2253 2303 2378; baseline 0.004 -68"><span class='ocrx_word' id='word_1_201' title='bbox 598 2255 828 2378; x_wconf 56' lang='lat' dir='ltr'>ptignem</span> <span class='ocrx_word' id='word_1_202' title='bbox 856 2260 916 2310; x_wconf 89' lang='lat' dir='ltr'>et</span> <span class='ocrx_word' id='word_1_203' title='bbox 942 2253 1218 2316; x_wconf 86' lang='lat' dir='ltr'>Catonem</span> <span class='ocrx_word' id='word_1_204' title='bbox 1245 2263 1306 2314; x_wconf 86' lang='lat' dir='ltr'>et</span> <span class='ocrx_word' id='word_1_205' title='bbox 1330 2256 1535 2314; x_wconf 89' lang='lat' dir='ltr'>Iubam</span> <span class='ocrx_word' id='word_1_206' title='bbox 1562 2256 1940 2316; x_wconf 83' lang='lat' dir='ltr'>Mauritaniae</span> <span class='ocrx_word' id='word_1_207' title='bbox 1976 2275 2169 2332; x_wconf 84' lang='lat' dir='ltr'>regem</span> <span class='ocrx_word' id='word_1_208' title='bbox 2205 2276 2303 2331; x_wconf 83' lang='lat' dir='ltr'>ge-</span> 
     </span>
     <span class='ocr_line' id='line_1_37' title="bbox 602 2341 807 2380; baseline -0.005 -2"><span class='ocrx_word' id='word_1_209' title='bbox 602 2341 628 2378; x_wconf 88' lang='lat' dir='ltr'>s</span> <span class='ocrx_word' id='word_1_210' title='bbox 694 2341 807 2380; x_wconf 85' lang='lat' dir='ltr'>rus.</span> 
     </span>
    </p>
   </div>
   <div class='ocr_carea' id='block_1_17' title="bbox 598 2398 2305 2687">
    <p class='ocr_par' dir='ltr' id='par_1_19' title="bbox 598 2398 2305 2529">
     <span class='ocr_line' id='line_1_38' title="bbox 598 2398 2302 2474; baseline 0.002 -18"><span class='ocrx_word' id='word_1_211' title='bbox 598 2398 758 2456; x_wconf 83' lang='lat' dir='ltr'>Coss.</span> <span class='ocrx_word' id='word_1_212' title='bbox 829 2402 891 2456; x_wconf 78' lang='lat' dir='ltr'>C.</span> <span class='ocrx_word' id='word_1_213' title='bbox 916 2403 1087 2456; x_wconf 80' lang='lat' dir='ltr'>Iulius</span> <span class='ocrx_word' id='word_1_214' title='bbox 1123 2404 1326 2458; x_wconf 79' lang='lat' dir='ltr'>Caesar</span> <span class='ocrx_word' id='word_1_215' title='bbox 1350 2406 1493 2469; x_wconf 91' lang='grc' dir='ltr'><em>ΙΙΙ.,</em></span> <span class='ocrx_word' id='word_1_216' title='bbox 1532 2405 1611 2458; x_wconf 90' lang='lat' dir='ltr'>M.</span> <span class='ocrx_word' id='word_1_217' title='bbox 1639 2406 1891 2460; x_wconf 76' lang='lat' dir='ltr'>Aemilius</span> <span class='ocrx_word' id='word_1_218' title='bbox 1925 2405 2167 2474; x_wconf 68' lang='lat' dir='ltr'>Lepidm.</span> <span class='ocrx_word' id='word_1_219' title='bbox 2241 2407 2302 2460; x_wconf 79' lang='lat' dir='ltr'>G.</span> 
     </span>
     <span class='ocr_line' id='line_1_39' title="bbox 939 2471 2305 2529; baseline 0 -3"><span class='ocrx_word' id='word_1_220' title='bbox 939 2471 1113 2526; x_wconf 76' lang='lat' dir='ltr'>Iulius</span> <span class='ocrx_word' id='word_1_221' title='bbox 1125 2473 1326 2526; x_wconf 78' lang='lat' dir='ltr'>Cacsar</span> <span class='ocrx_word' id='word_1_222' title='bbox 1343 2475 1503 2528; x_wconf 81' lang='lat' dir='ltr'>simul</span> <span class='ocrx_word' id='word_1_223' title='bbox 1517 2471 1624 2529; x_wconf 90' lang='lat' dir='ltr'><strong>III.</strong></span> <span class='ocrx_word' id='word_1_224' title='bbox 1643 2473 1927 2528; x_wconf 83' lang='lat' dir='ltr'>Dictator.</span> <span class='ocrx_word' id='word_1_225' title='bbox 1962 2474 2041 2527; x_wconf 91' lang='lat' dir='ltr'>M.</span> <span class='ocrx_word' id='word_1_226' title='bbox 2051 2473 2305 2528; x_wconf 81' lang='lat' dir='ltr'>Aemilius</span> 
     </span>
    </p>

    <p class='ocr_par' dir='ltr' id='par_1_20' title="bbox 669 2539 2303 2687">
     <span class='ocr_line' id='line_1_40' title="bbox 941 2539 1660 2611; baseline 0.004 -20"><span class='ocrx_word' id='word_1_227' title='bbox 941 2539 1170 2609; x_wconf 78' lang='lat' dir='ltr'>Lepidus</span> <span class='ocrx_word' id='word_1_228' title='bbox 1189 2539 1347 2610; x_wconf 85' lang='lat' dir='ltr'>Mag.</span> <span class='ocrx_word' id='word_1_229' title='bbox 1371 2541 1660 2611; x_wconf 82' lang='lat' dir='ltr'>Equitum.</span> 
     </span>
     <span class='ocr_line' id='line_1_41' title="bbox 669 2613 2303 2687; baseline 0.002 -18"><span class='ocrx_word' id='word_1_230' title='bbox 669 2613 883 2671; x_wconf 79' lang='lat' dir='ltr'>Caesar</span> <span class='ocrx_word' id='word_1_231' title='bbox 925 2615 1088 2671; x_wconf 89' lang='lat' dir='ltr'>initio</span> <span class='ocrx_word' id='word_1_232' title='bbox 1131 2617 1340 2671; x_wconf 82' lang='lat' dir='ltr'>mensis</span> <span class='ocrx_word' id='word_1_233' title='bbox 1377 2618 1595 2687; x_wconf 86' lang='lat' dir='ltr'>Aprilis</span> <span class='ocrx_word' id='word_1_234' title='bbox 1642 2617 1735 2672; x_wconf 89' lang='lat' dir='ltr'>Sci</span> <span class='ocrx_word' id='word_1_235' title='bbox 1776 2617 1965 2671; x_wconf 89' lang='lat' dir='ltr'>ionem</span> <span class='ocrx_word' id='word_1_236' title='bbox 2008 2621 2068 2670; x_wconf 88' lang='lat' dir='ltr'>et</span> <span class='ocrx_word' id='word_1_237' title='bbox 2102 2615 2303 2672; x_wconf 87' lang='lat' dir='ltr'>Iubam</span> 
     </span>
    </p>
   </div>
   <div class='ocr_carea' id='block_1_18' title="bbox 598 2749 2335 4154">
    <p class='ocr_par' dir='ltr' id='par_1_21' title="bbox 599 2749 2305 3558">
     <span class='ocr_line' id='line_1_42' title="bbox 601 2749 2303 2822; baseline 0 -16"><span class='ocrx_word' id='word_1_238' title='bbox 601 2750 923 2807; x_wconf 85' lang='lat' dir='ltr'>consciscit.</span> <span class='ocrx_word' id='word_1_239' title='bbox 996 2749 1238 2822; x_wconf 84' lang='lat' dir='ltr'>Caesar,</span> <span class='ocrx_word' id='word_1_240' title='bbox 1331 2751 1550 2807; x_wconf 86' lang='lat' dir='ltr'>fricano</span> <span class='ocrx_word' id='word_1_241' title='bbox 1580 2753 1739 2807; x_wconf 89' lang='lat' dir='ltr'>bello</span> <span class='ocrx_word' id='word_1_242' title='bbox 1768 2750 2059 2819; x_wconf 82' lang='lat' dir='ltr'>confecto,</span> <span class='ocrx_word' id='word_1_243' title='bbox 2099 2751 2183 2806; x_wconf 86' lang='lat' dir='ltr'>Id.</span> <span class='ocrx_word' id='word_1_244' title='bbox 2211 2751 2303 2806; x_wconf 93' lang='lat' dir='ltr'>Iu-</span> 
     </span>
     <span class='ocr_line' id='line_1_43' title="bbox 599 2817 2301 2875; baseline 0 -1"><span class='ocrx_word' id='word_1_245' title='bbox 599 2819 710 2874; x_wconf 88' lang='lat' dir='ltr'>niis</span> <span class='ocrx_word' id='word_1_246' title='bbox 731 2819 972 2874; x_wconf 86' lang='lat' dir='ltr'>classem</span> <span class='ocrx_word' id='word_1_247' title='bbox 993 2821 1328 2875; x_wconf 77' lang='lat' dir='ltr'>conscendit</span> <span class='ocrx_word' id='word_1_248' title='bbox 1347 2826 1407 2874; x_wconf 90' lang='lat' dir='ltr'>et</span> <span class='ocrx_word' id='word_1_249' title='bbox 1424 2821 1516 2874; x_wconf 90' lang='lat' dir='ltr'>die</span> <span class='ocrx_word' id='word_1_250' title='bbox 1535 2820 1705 2874; x_wconf 87' lang='lat' dir='ltr'>tertio</span> <span class='ocrx_word' id='word_1_251' title='bbox 1724 2820 1785 2874; x_wconf 88' lang='lat' dir='ltr'>in</span> <span class='ocrx_word' id='word_1_252' title='bbox 1797 2817 2116 2874; x_wconf 86' lang='lat' dir='ltr'>Sardiniam</span> <span class='ocrx_word' id='word_1_253' title='bbox 2132 2819 2301 2874; x_wconf 82' lang='lat' dir='ltr'>venit.</span> 
     </span>
     <span class='ocr_line' id='line_1_44' title="bbox 600 2885 2299 2957; baseline 0.002 -16"><span class='ocrx_word' id='word_1_254' title='bbox 600 2887 742 2942; x_wconf 86' lang='lat' dir='ltr'>Inde</span> <span class='ocrx_word' id='word_1_255' title='bbox 758 2887 866 2942; x_wconf 84' lang='lat' dir='ltr'>m.</span> <span class='ocrx_word' id='word_1_256' title='bbox 884 2889 1016 2943; x_wconf 87' lang='lat' dir='ltr'>Kal.</span> <span class='ocrx_word' id='word_1_257' title='bbox 1037 2888 1230 2954; x_wconf 82' lang='lat' dir='ltr'>Quint.</span> <span class='ocrx_word' id='word_1_258' title='bbox 1250 2888 1547 2957; x_wconf 84' lang='lat' dir='ltr'>profectus</span> <span class='ocrx_word' id='word_1_259' title='bbox 1566 2888 1808 2943; x_wconf 82' lang='lat' dir='ltr'>Romam</span> <span class='ocrx_word' id='word_1_260' title='bbox 1834 2887 1991 2942; x_wconf 79' lang='lat' dir='ltr'>venit</span> <span class='ocrx_word' id='word_1_261' title='bbox 2017 2904 2069 2941; x_wconf 86' lang='lat' dir='ltr'>a.</span> <span class='ocrx_word' id='word_1_262' title='bbox 2088 2887 2143 2942; x_wconf 87' lang='lat' dir='ltr'>d.</span> <span class='ocrx_word' id='word_1_263' title='bbox 2162 2885 2299 2944; x_wconf 83' lang='lat' dir='ltr'><strong>VII.</strong></span> 
     </span>
     <span class='ocr_line' id='line_1_45' title="bbox 599 2955 2301 3038; baseline 0.001 -28"><span class='ocrx_word' id='word_1_264' title='bbox 599 2955 735 3011; x_wconf 82' lang='lat' dir='ltr'>Kal.</span> <span class='ocrx_word' id='word_1_265' title='bbox 775 2955 928 3010; x_wconf 85' lang='lat' dir='ltr'>Sext.</span> <span class='ocrx_word' id='word_1_266' title='bbox 1006 2957 1099 3011; x_wconf 89' lang='lat' dir='ltr'>Ibi</span> <span class='ocrx_word' id='word_1_267' title='bbox 1136 2962 1409 3026; x_wconf 87' lang='lat' dir='ltr'>quattuor</span> <span class='ocrx_word' id='word_1_268' title='bbox 1443 2955 1927 3038; x_wconf 52' lang='lat' dir='ltr'>triumpbispctis</span> <span class='ocrx_word' id='word_1_269' title='bbox 1970 2971 2089 3010; x_wconf 88' lang='lat' dir='ltr'>rem</span> <span class='ocrx_word' id='word_1_270' title='bbox 2122 2957 2301 3026; x_wconf 63' lang='lat' dir='ltr'>publ„</span> 
     </span>
     <span class='ocr_line' id='line_1_46' title="bbox 601 3023 2301 3172; baseline -0.007 -26"><span class='ocrx_word' id='word_1_271' title='bbox 601 3029 1815 3164; x_wconf 54' lang='lat' dir='ltr'>:¹3¹5ssffinfffflffiffiffizffl‘ffl·</span> <span class='ocrx_word' id='word_1_272' title='bbox 1834 3023 2301 3172; x_wconf 53' lang='lat'>..55322052225&#39;33</span> 
     </span>
     <span class='ocr_line' id='line_1_47' title="bbox 602 3159 2302 3230; baseline 0.001 -16"><span class='ocrx_word' id='word_1_273' title='bbox 602 3159 790 3215; x_wconf 83' lang='lat' dir='ltr'>fectus</span> <span class='ocrx_word' id='word_1_274' title='bbox 827 3166 916 3215; x_wconf 83' lang='lat' dir='ltr'>est</span> <span class='ocrx_word' id='word_1_275' title='bbox 951 3167 1012 3216; x_wconf 84' lang='lat' dir='ltr'>et</span> <span class='ocrx_word' id='word_1_276' title='bbox 1086 3169 1179 3216; x_wconf 87' lang='lat' dir='ltr'>ost</span> <span class='ocrx_word' id='word_1_277' title='bbox 1212 3162 1441 3217; x_wconf 88' lang='lat' dir='ltr'>XXVII</span> <span class='ocrx_word' id='word_1_278' title='bbox 1488 3162 1609 3216; x_wconf 89' lang='lat' dir='ltr'>dies</span> <span class='ocrx_word' id='word_1_279' title='bbox 1653 3161 1713 3216; x_wconf 92' lang='lat' dir='ltr'>in</span> <span class='ocrx_word' id='word_1_280' title='bbox 1830 3177 2088 3230; x_wconf 86' lang='lat' dir='ltr'>spamam</span> <span class='ocrx_word' id='word_1_281' title='bbox 2131 3161 2302 3216; x_wconf 82' lang='lat' dir='ltr'>venit.</span> 
     </span>
     <span class='ocr_line' id='line_1_48' title="bbox 601 3227 2303 3297; baseline 0.001 -15"><span class='ocrx_word' id='word_1_282' title='bbox 601 3228 818 3284; x_wconf 87' lang='lat' dir='ltr'>Eodem</span> <span class='ocrx_word' id='word_1_283' title='bbox 849 3245 998 3283; x_wconf 88' lang='lat' dir='ltr'>anno</span> <span class='ocrx_word' id='word_1_284' title='bbox 1075 3247 1240 3286; x_wconf 88' lang='lat' dir='ltr'>aesar</span> <span class='ocrx_word' id='word_1_285' title='bbox 1264 3231 1451 3285; x_wconf 84' lang='lat' dir='ltr'>fastos</span> <span class='ocrx_word' id='word_1_286' title='bbox 1479 3230 1727 3285; x_wconf 86' lang='lat' dir='ltr'>correxit</span> <span class='ocrx_word' id='word_1_287' title='bbox 1755 3235 1814 3284; x_wconf 89' lang='lat' dir='ltr'>et</span> <span class='ocrx_word' id='word_1_288' title='bbox 1838 3235 1904 3283; x_wconf 89' lang='lat' dir='ltr'>ut</span> <span class='ocrx_word' id='word_1_289' title='bbox 1928 3227 1987 3282; x_wconf 91' lang='lat' dir='ltr'>in</span> <span class='ocrx_word' id='word_1_290' title='bbox 2014 3234 2303 3297; x_wconf 83' lang='lat' dir='ltr'>posterum</span> 
     </span>
     <span class='ocr_line' id='line_1_49' title="bbox 601 3296 2305 3378; baseline 0.001 -28"><span class='ocrx_word' id='word_1_291' title='bbox 601 3313 672 3350; x_wconf 86' lang='lat' dir='ltr'>ex</span> <span class='ocrx_word' id='word_1_292' title='bbox 699 3296 832 3352; x_wconf 89' lang='lat' dir='ltr'>Kal.</span> <span class='ocrx_word' id='word_1_293' title='bbox 855 3296 981 3354; x_wconf 78' lang='lat' dir='ltr'>Ian.</span> <span class='ocrx_word' id='word_1_294' title='bbox 1008 3303 1326 3369; x_wconf 86' lang='lat' dir='ltr'>temporum</span> <span class='ocrx_word' id='word_1_295' title='bbox 1350 3299 1499 3354; x_wconf 86' lang='lat' dir='ltr'>ratio</span> <span class='ocrx_word' id='word_1_296' title='bbox 1526 3298 1712 3368; x_wconf 82' lang='lat' dir='ltr'>magis</span> <span class='ocrx_word' id='word_1_297' title='bbox 1751 3303 2117 3378; x_wconf 77' lang='lat' dir='ltr'>congrueret,</span> <span class='ocrx_word' id='word_1_298' title='bbox 2154 3297 2305 3352; x_wconf 90' lang='lat' dir='ltr'>inter</span> 
     </span>
     <span class='ocr_line' id='line_1_50' title="bbox 600 3364 2301 3433; baseline -0.002 -12"><span class='ocrx_word' id='word_1_299' title='bbox 600 3364 908 3421; x_wconf 84' lang='lat' dir='ltr'>Novembr.</span> <span class='ocrx_word' id='word_1_300' title='bbox 947 3370 1006 3420; x_wconf 89' lang='lat' dir='ltr'>et</span> <span class='ocrx_word' id='word_1_301' title='bbox 1033 3366 1333 3422; x_wconf 87' lang='lat' dir='ltr'>Decembr.</span> <span class='ocrx_word' id='word_1_302' title='bbox 1369 3383 1595 3422; x_wconf 87' lang='lat' dir='ltr'>menses</span> <span class='ocrx_word' id='word_1_303' title='bbox 1633 3367 1777 3420; x_wconf 88' lang='lat' dir='ltr'>duos</span> <span class='ocrx_word' id='word_1_304' title='bbox 1814 3366 1961 3420; x_wconf 87' lang='lat' dir='ltr'>ahos</span> <span class='ocrx_word' id='word_1_305' title='bbox 1995 3364 2301 3433; x_wconf 87' lang='lat' dir='ltr'>interiecit,</span> 
     </span>
     <span class='ocr_line' id='line_1_51' title="bbox 599 3432 2301 3504; baseline 0 -18"><span class='ocrx_word' id='word_1_306' title='bbox 599 3432 682 3488; x_wconf 86' lang='lat' dir='ltr'>ita</span> <span class='ocrx_word' id='word_1_307' title='bbox 697 3438 762 3487; x_wconf 84' lang='lat' dir='ltr'>ut</span> <span class='ocrx_word' id='word_1_308' title='bbox 778 3433 874 3488; x_wconf 90' lang='lat' dir='ltr'>hic</span> <span class='ocrx_word' id='word_1_309' title='bbox 891 3451 1092 3503; x_wconf 89' lang='lat' dir='ltr'>annus,</span> <span class='ocrx_word' id='word_1_310' title='bbox 1113 3441 1338 3490; x_wconf 83' lang='lat' dir='ltr'>servato</span> <span class='ocrx_word' id='word_1_311' title='bbox 1355 3440 1548 3490; x_wconf 84' lang='lat' dir='ltr'>vetere</span> <span class='ocrx_word' id='word_1_312' title='bbox 1564 3450 1756 3490; x_wconf 88' lang='lat' dir='ltr'>mense</span> <span class='ocrx_word' id='word_1_313' title='bbox 1775 3433 2158 3504; x_wconf 87' lang='lat' dir='ltr'>intercalario,</span> <span class='ocrx_word' id='word_1_314' title='bbox 2169 3433 2301 3490; x_wconf 91' lang='lat' dir='ltr'>XV.</span> 
     </span>
     <span class='ocr_line' id='line_1_52' title="bbox 603 3501 1068 3558; baseline 0.004 -2"><span class='ocrx_word' id='word_1_315' title='bbox 603 3501 878 3558; x_wconf 86' lang='lat' dir='ltr'>mensium</span> <span class='ocrx_word' id='word_1_316' title='bbox 897 3507 1068 3558; x_wconf 87' lang='lat' dir='ltr'>esset.</span> 
     </span>
    </p>

    <p class='ocr_par' dir='ltr' id='par_1_22' title="bbox 598 3565 2335 4154">
     <span class='ocr_line' id='line_1_53' title="bbox 669 3565 2303 3640; baseline -0.002 -16"><span class='ocrx_word' id='word_1_317' title='bbox 669 3565 868 3624; x_wconf 84' lang='lat' dir='ltr'>Cicero</span> <span class='ocrx_word' id='word_1_318' title='bbox 889 3568 946 3624; x_wconf 91' lang='lat' dir='ltr'>h.</span> <span class='ocrx_word' id='word_1_319' title='bbox 965 3586 1016 3624; x_wconf 85' lang='lat' dir='ltr'>a.</span> <span class='ocrx_word' id='word_1_320' title='bbox 1035 3571 1261 3625; x_wconf 75' lang='lat' dir='ltr'>Brutum</span> <span class='ocrx_word' id='word_1_321' title='bbox 1279 3575 1336 3626; x_wconf 89' lang='lat' dir='ltr'>et</span> <span class='ocrx_word' id='word_1_322' title='bbox 1355 3572 1589 3625; x_wconf 77' lang='lat' dir='ltr'>‘Catonis</span> <span class='ocrx_word' id='word_1_323' title='bbox 1608 3572 1839 3624; x_wconf 74' lang='lat' dir='ltr'>laudem’</span> <span class='ocrx_word' id='word_1_324' title='bbox 1855 3575 1993 3640; x_wconf 86' lang='lat' dir='ltr'>post</span> <span class='ocrx_word' id='word_1_325' title='bbox 2010 3585 2303 3625; x_wconf 88' lang='lat' dir='ltr'>excessum</span> 
     </span>
     <span class='ocr_line' id='line_1_54' title="bbox 601 3636 2298 3720; baseline -0.002 -28"><span class='ocrx_word' id='word_1_326' title='bbox 601 3637 721 3692; x_wconf 83' lang='lat' dir='ltr'>eius</span> <span class='ocrx_word' id='word_1_327' title='bbox 764 3638 872 3691; x_wconf 83' lang='lat' dir='ltr'>viri</span> <span class='ocrx_word' id='word_1_328' title='bbox 916 3639 1168 3720; x_wconf 74' lang='lat' dir='ltr'>scripsit,</span> <span class='ocrx_word' id='word_1_329' title='bbox 1225 3638 1318 3694; x_wconf 87' lang='lat' dir='ltr'>cui</span> <span class='ocrx_word' id='word_1_330' title='bbox 1351 3637 1569 3694; x_wconf 79' lang='lat' dir='ltr'>Caesar</span> <span class='ocrx_word' id='word_1_331' title='bbox 1600 3639 1964 3694; x_wconf 77' lang='lat' dir='ltr'>Anticatonem</span> <span class='ocrx_word' id='word_1_332' title='bbox 2008 3636 2298 3708; x_wconf 87' lang='lat' dir='ltr'>opposuit.</span> 
     </span>
     <span class='ocr_line' id='line_1_55' title="bbox 599 3703 2320 3776; baseline -0.001 -18"><span class='ocrx_word' id='word_1_333' title='bbox 599 3703 827 3762; x_wconf 84' lang='lat' dir='ltr'>Deinde</span> <span class='ocrx_word' id='word_1_334' title='bbox 857 3707 1084 3776; x_wconf 74' lang='lat' dir='ltr'>scripsit</span> <span class='ocrx_word' id='word_1_335' title='bbox 1101 3707 1377 3762; x_wconf 75' lang='lat' dir='ltr'>Oratorem</span> <span class='ocrx_word' id='word_1_336' title='bbox 1404 3707 1481 3761; x_wconf 86' lang='lat' dir='ltr'>ad</span> <span class='ocrx_word' id='word_1_337' title='bbox 1504 3707 1583 3762; x_wconf 82' lang='lat' dir='ltr'>M.</span> <span class='ocrx_word' id='word_1_338' title='bbox 1600 3707 1865 3775; x_wconf 88' lang='lat' dir='ltr'>Brutum,</span> <span class='ocrx_word' id='word_1_339' title='bbox 1904 3705 2001 3776; x_wconf 91' lang='lat' dir='ltr'>qui</span> <span class='ocrx_word' id='word_1_340' title='bbox 2027 3711 2145 3758; x_wconf 86' lang='lat' dir='ltr'>tum</span> <span class='ocrx_word' id='word_1_341' title='bbox 2168 3703 2320 3758; x_wconf 79' lang='lat' dir='ltr'>Gal—‘</span> 
     </span>
     <span class='ocr_line' id='line_1_56' title="bbox 599 3772 2301 3847; baseline -0.002 -18"><span class='ocrx_word' id='word_1_342' title='bbox 599 3773 712 3829; x_wconf 79' lang='lat' dir='ltr'>liae</span> <span class='ocrx_word' id='word_1_343' title='bbox 740 3772 1066 3844; x_wconf 82' lang='lat' dir='ltr'>Cisalpinae</span> <span class='ocrx_word' id='word_1_344' title='bbox 1095 3781 1383 3847; x_wconf 87' lang='lat' dir='ltr'>praeerat,</span> <span class='ocrx_word' id='word_1_345' title='bbox 1424 3779 1507 3843; x_wconf 89' lang='lat' dir='ltr'>et,</span> <span class='ocrx_word' id='word_1_346' title='bbox 1542 3781 1609 3829; x_wconf 84' lang='lat' dir='ltr'>ut</span> <span class='ocrx_word' id='word_1_347' title='bbox 1632 3775 1871 3842; x_wconf 81' lang='lat' dir='ltr'>videtur,</span> <span class='ocrx_word' id='word_1_348' title='bbox 1908 3777 1971 3828; x_wconf 81' lang='lat' dir='ltr'>de</span> <span class='ocrx_word' id='word_1_349' title='bbox 1998 3774 2187 3842; x_wconf 78' lang='lat' dir='ltr'>optimo</span> <span class='ocrx_word' id='word_1_350' title='bbox 2213 3790 2301 3842; x_wconf 69' lang='lat' dir='ltr'>qe-</span> 
     </span>
     <span class='ocr_line' id='line_1_57' title="bbox 598 3839 2300 3912; baseline -0.001 -16"><span class='ocrx_word' id='word_1_351' title='bbox 598 3859 724 3897; x_wconf 77' lang='lat' dir='ltr'>nere</span> <span class='ocrx_word' id='word_1_352' title='bbox 747 3851 1034 3898; x_wconf 75' lang='lat' dir='ltr'>oratorum.</span> <span class='ocrx_word' id='word_1_353' title='bbox 1105 3845 1234 3910; x_wconf 79' lang='lat' dir='ltr'>Quo</span> <span class='ocrx_word' id='word_1_354' title='bbox 1261 3860 1413 3898; x_wconf 89' lang='lat' dir='ltr'>anno</span> <span class='ocrx_word' id='word_1_355' title='bbox 1433 3845 1747 3898; x_wconf 71' lang='lat' dir='ltr'>Par-titiones</span> <span class='ocrx_word' id='word_1_356' title='bbox 1772 3842 2037 3896; x_wconf 76' lang='lat' dir='ltr'>oratorias</span> <span class='ocrx_word' id='word_1_357' title='bbox 2062 3839 2300 3912; x_wconf 86' lang='lat' dir='ltr'>scripse·</span> 
     </span>
     <span class='ocr_line' id='line_1_58' title="bbox 599 3855 2335 3993; baseline -0.001 -29"><span class='ocrx_word' id='word_1_358' title='bbox 599 3910 698 3980; x_wconf 90' lang='lat' dir='ltr'>rit,</span> <span class='ocrx_word' id='word_1_359' title='bbox 744 3925 864 3965; x_wconf 88' lang='lat' dir='ltr'>non</span> <span class='ocrx_word' id='word_1_360' title='bbox 893 3917 1136 3968; x_wconf 86' lang='lat' dir='ltr'>constat.</span> <span class='ocrx_word' id='word_1_361' title='bbox 1205 3912 1360 3968; x_wconf 89' lang='lat' dir='ltr'>Prid.</span> <span class='ocrx_word' id='word_1_362' title='bbox 1387 3911 1521 3966; x_wconf 87' lang='lat' dir='ltr'>Kal.</span> <span class='ocrx_word' id='word_1_363' title='bbox 1548 3910 1869 3966; x_wconf 84' lang='lat' dir='ltr'>intercalar.</span> <span class='ocrx_word' id='word_1_364' title='bbox 1896 3907 2115 3990; x_wconf 73' lang='lat' dir='ltr'>priores</span> <span class='ocrx_word' id='word_1_365' title='bbox 2144 3855 2335 3993; x_wconf 62' lang='lat' dir='ltr'>apud!</span> 
     </span>
     <span class='ocr_line' id='line_1_59' title="bbox 598 3976 2331 4154; baseline -0.002 -121"><span class='ocrx_word' id='word_1_366' title='bbox 598 3976 904 4036; x_wconf 83' lang='lat' dir='ltr'>Caesarem</span> <span class='ocrx_word' id='word_1_367' title='bbox 937 3979 1140 4036; x_wconf 85' lang='lat' dir='ltr'>habuit</span> <span class='ocrx_word' id='word_1_368' title='bbox 1175 3980 1491 4036; x_wconf 85' lang='lat' dir='ltr'>orationem</span> <span class='ocrx_word' id='word_1_369' title='bbox 1516 3995 1620 4051; x_wconf 89' lang='lat' dir='ltr'>pro</span> <span class='ocrx_word' id='word_1_370' title='bbox 1654 3979 1715 4040; x_wconf 82' lang='lat' dir='ltr'>Q.</span> <span class='ocrx_word' id='word_1_371' title='bbox 1747 3978 1989 4047; x_wconf 71' lang='lat' dir='ltr'>Liyano,</span> <span class='ocrx_word' id='word_1_372' title='bbox 2034 3993 2201 4048; x_wconf 89' lang='lat' dir='ltr'>quem</span> <span class='ocrx_word' id='word_1_373' title='bbox 2229 3977 2295 4042; x_wconf 79' lang='lat' dir='ltr'>Q.</span> <span class='ocrx_word' id='word_1_374' title='bbox 2318 4001 2331 4154; x_wconf 54' lang='lat'><strong>¹</strong></span> 
     </span>
    </p>
   </div>
   <div class='ocr_carea' id='block_1_19' title="bbox 2318 428 2481 3118">
    <p class='ocr_par' dir='ltr' id='par_1_23' title="bbox 2318 428 2481 3118">
     <span class='ocr_line' id='line_1_60' title="bbox 2318 428 2481 3118; baseline 0 0"><span class='ocrx_word' id='word_1_375' title='bbox 2318 428 2481 3118; x_wconf 95' lang='lat' dir='ltr'> </span> 
     </span>
    </p>
   </div>
   <div class='ocr_carea' id='block_1_20' title="bbox 263 4172 2128 4226">
    <p class='ocr_par' dir='ltr' id='par_1_24' title="bbox 263 4172 2128 4226">
     <span class='ocr_line' id='line_1_61' title="bbox 263 4172 2128 4226; baseline 0.005 -11"><span class='ocrx_word' id='word_1_376' title='bbox 263 4222 269 4226; x_wconf 46' lang='grc'><em>,</em></span> <span class='ocrx_word' id='word_1_377' title='bbox 374 4174 602 4220; x_wconf 72' lang='lat' dir='ltr'>Ciceronis</span> <span class='ocrx_word' id='word_1_378' title='bbox 619 4175 703 4218; x_wconf 79' lang='lat' dir='ltr'>vol.</span> <span class='ocrx_word' id='word_1_379' title='bbox 725 4175 759 4220; x_wconf 87' lang='lat'>1.</span> <span class='ocrx_word' id='word_1_380' title='bbox 2093 4172 2128 4214; x_wconf 81' lang='lat'><em>0</em></span> 
     </span>
    </p>
   </div>
  </div>
 </body>
</html>
