2784 4575
615 274 722 330 DE
760 271 1124 329 ORATORE
1160 274 1237 329 ΙΙ.
1271 275 1390 329 366.
1410 275 1527 329 367.
1567 275 1671 329 111.
1708 277 1877 331 1-6,
2073 317 2082 326 .
2146 265 2275 330 143

209 421 358 464 cem
393 407 542 485 post
578 419 726 461 eum
762 395 959 474 diem,
1012 396 1121 479 qui
1163 394 1286 461 hoc
1321 407 1386 461 et
1421 395 1741 482 superiore
1783 395 1945 463 libro
1990 399 2272 465 contine-

210 505 341 558 tur.
427 502 501 556 ut
533 490 704 556 enim
737 490 1013 556 Romam
1063 489 1251 554 rediit
1303 500 1587 556 extremo
1639 489 1933 555 ludorum
1988 492 2270 558 scenico·
2302 519 2333 559 2

209 608 362 651 rum
395 585 525 663 die,
579 583 988 648 vehementer
1029 592 1382 648 commotus
1428 583 1707 648 oratione
1742 605 1847 662 ea,
1901 605 2065 668 quae
2106 585 2273 652 fere-

212 680 408 744 batur
448 677 666 744 habita
718 699 862 743 esse
903 676 974 741 in
1016 677 1309 743 contione
1345 699 1384 740 a
1414 675 1744 764 Philippo,
1798 698 1987 760 quem
2032 678 2273 744 dixisse

217 772 553 838 constabat
586 771 932 836 videndum
965 770 1088 836 sibi
1123 791 1266 835 esse
1303 769 1475 834 aliud
1509 771 1865 849 eonsilium;
1901 771 2009 836 illo
2046 783 2272 852 senatu

217 889 290 932 se
323 888 461 932 rem
492 865 810 953 publicam
850 887 1070 951 gerere
1105 887 1234 930 non
1267 886 1480 952 posse,
1515 887 1702 930 mane
1728 865 1951 931 Idibus
1978 864 2272 954 Septem-

213 961 439 1026 bribus
475 969 542 1024 et
573 959 678 1024 ille
715 969 780 1024 et
813 968 1070 1024 senatus
1104 959 1403 1042 frequens
1438 970 1668 1024 vocatu
1698 959 1899 1024 Drusi
1930 959 1999 1024 in
2034 963 2271 1026 curiam

217 1053 423 1132 venit3
475 1053 566 1118 ibi
601 1073 746 1116 cum
778 1052 1035 1117 Drusus
1087 1052 1288 1118 multa
1319 1052 1405 1118 de
1435 1051 1736 1138 Philippo
1781 1064 2041 1136 questus
2078 1067 2269 1136 esset,

215 1145 464 1212 rettulit
498 1146 582 1210 ad
630 1155 920 1210 senatum
965 1145 1046 1209 de
1090 1144 1199 1210 illo
1249 1145 1423 1231 ipso,
1476 1146 1647 1229 quod
1679 1145 1747 1210 in
1789 1167 1935 1212 eum
1986 1147 2271 1214 ordinem

221 1239 451 1304 consul
485 1249 616 1303 tam
649 1238 928 1324 graviter
959 1237 1028 1302 in
1063 1236 1354 1304 contione
1402 1248 1576 1304 esset
1624 1238 1928 1305 invectus.
2014 1240 2145 1319 hic,
2198 1252 2272 1306 ut
2302 1264 2334 1302 s

221 1354 412 1418 saepe
447 1332 612 1396 inter
645 1331 931 1398 homines
971 1331 1471 1417 sapientissimos
1517 1342 1805 1398 constare
1839 1332 1997 1413 vidi,
2051 1356 2270 1418 quam-

221 1448 412 1510 quam
445 1425 569 1492 hoc
603 1422 871 1503 Crasso,
909 1446 1055 1490 cum
1091 1424 1328 1508 aliquid
1362 1425 1721 1491 adom-atius
1756 1425 2047 1505 dixisset,
2102 1450 2269 1494 sem-

215 1542 335 1607 per
368 1519 502 1585 fere
537 1518 934 1605 contigisset,
991 1529 1065 1583 ut
1096 1540 1440 1602 numquam
1477 1519 1715 1585 dixisse
1756 1521 1980 1587 melius
2014 1534 2271 1608 putare-

218 1623 348 1690 tur,
401 1623 614 1678 tamen
647 1612 928 1677 omnium
963 1633 1280 1678 consensu
1323 1612 1418 1677 sic
1452 1635 1597 1678 esse
1636 1613 1980 1679 iudicatum
2022 1627 2267 1683 ceteros

99 1707 101 1710 ⁴
218 1730 257 1770 a
293 1660 533 1772 Crasso
571 1728 821 1792 semper
854 1705 1089 1784 omnis,
1125 1705 1234 1771 illo
1271 1716 1482 1771 autem
1517 1706 1619 1773 die
1654 1707 1844 1772 etiam
1874 1708 2086 1794 ipsum
2121 1731 2161 1773 a
2194 1731 2270 1774 se

219 1809 604 1885 superatum.
675 1799 1028 1886 deploravit
1053 1799 1222 1864 enim
1255 1820 1476 1864 casum
1502 1809 1691 1883 atque
1716 1800 2049 1866 orbitatem
2084 1823 2271 1866 sena·

217 1905 351 1971 tus,
390 1893 566 1958 cuius
604 1892 842 1958 ordinis
879 1917 920 1958 a
953 1892 1239 1971 consule,
1294 1893 1403 1976 qui
1438 1893 1619 1977 quasi
1650 1916 1881 1980 parens
1916 1895 2123 1960 bonus
2158 1907 2268 1960 aut

217 1996 390 2052 tutor
437 1985 643 2052 fidelis
697 2008 840 2051 esse
895 1986 1182 2064 deberet,
1246 1997 1570 2071 tamquam
1622 1989 1703 2053 ab
1756 1987 1965 2072 aliquo
2024 1988 2271 2053 nefario

215 2081 537 2168 praedone
571 2080 946 2168 diriperetur
978 2080 1427 2166 patrimonium
1470 2080 1822 2168 dignitatis3
1874 2102 2081 2165 neque
2114 2104 2267 2147 vero

217 2195 363 2243 esse
397 2173 750 2238 mirandum
764 2221 782 2250 ,
821 2173 905 2252 si,
943 2195 1087 2238 cum
1123 2173 1254 2239 suis
1290 2174 1569 2240 consiliis
1603 2196 1738 2239 rem
1769 2175 2088 2261 publicam
2121 2196 2269 2261 pro-

215 2263 534 2350 fligasset,
571 2267 902 2333 consilium
939 2277 1196 2333 senatus
1232 2292 1275 2334 a
1304 2292 1374 2335 re
1410 2267 1667 2355 publica
1696 2267 2075 2355 repudiaret.
2162 2267 2263 2333 hic
2298 2295 2327 2333 ι

215 2380 365 2423 cum
401 2359 640 2425 homini
673 2370 738 2424 et
769 2360 1127 2427 vehementi
1163 2372 1229 2426 et
1262 2362 1497 2427 diserto
1533 2370 1599 2428 et
1628 2361 1697 2425 in
1737 2361 1957 2447 primis
2000 2360 2149 2427 forti
2184 2362 2267 2425 ad

213 2451 644 2518 resistendum
697 2450 1053 2541 [Philippo]
1113 2455 1296 2539 quasi
1348 2455 1659 2538 quasdam
1704 2456 2041 2519 verborum
2092 2454 2266 2517 faces

217 2546 635 2624 admovisset,
688 2570 818 2612 non
852 2547 996 2613 tulit
1029 2548 1135 2611 ille
1170 2558 1236 2613 et
1269 2546 1546 2635 graviter
1580 2545 1817 2611 exarsit
1865 2546 2266 2631 pignoribus·

86 2640 96 2645 ’
217 2660 342 2723 que
378 2637 602 2705 ablatis
642 2638 950 2706 Crassum
985 2640 1257 2706 instituit
1299 2644 1619 2715 co‘e‘rcere3
1672 2659 1797 2721 quo
1834 2638 2088 2721 quidem
2121 2637 2267 2723 ipso

28 3146 31 3165 ,-
28 3006 37 3139 ,--,Ἲ-
28 2842 35 2999 —v-v—

217 2732 286 2795 in
318 2732 461 2799 loeo
504 2732 705 2798 multa
747 2758 788 2798 a
822 2732 1062 2799 Crasso
1119 2733 1421 2798 divinitus
1466 2732 1637 2797 dicta
1678 2731 2068 2807 ferebantur,
2122 2751 2269 2793 cum

219 2825 339 2890 sibi
383 2826 563 2890 illum
607 2827 935 2893 consulem
989 2849 1133 2893 esse
1175 2834 1467 2912 negaret,
1519 2824 1623 2889 cui
1664 2833 1917 2889 senator
1957 2822 2097 2908 ipse
2138 2845 2268 2888 non

219 2918 419 2983 essen
500 2926 518 2955 ‘
531 2944 611 2985 an
647 2932 744 2999 tu,
799 2942 944 2986 cum
987 2942 1245 2986 omnem
1297 2917 1735 3000 auctoritatem
1778 2914 2059 2980 universi
2100 2916 2272 2981 ordi-

217 3010 320 3077 nis
355 3034 472 3098 pro
506 3013 772 3099 pignore
805 3013 1049 3100 putaris
1097 3034 1362 3097 eamque
1398 3012 1467 3075 in
1502 3020 1843 3097 conspectu
1885 3008 2102 3095 populi
2134 3010 2270 3074 Ro-

218 3105 389 3169 mani
441 3106 817 3185 concideris,
879 3130 983 3172 me
1036 3106 1138 3172 his
1190 3105 1516 3172 existimas
1580 3104 1950 3191 pignoribus
2014 3100 2269 3167 terreri?

217 3220 346 3263 non
379 3198 494 3263 tibi
527 3198 638 3263 illa
671 3210 820 3264 sunt
853 3199 1202 3276 caedenda,
1248 3199 1304 3263 si
1338 3199 1423 3266 L.
1462 3196 1772 3265 Crassum
1804 3196 1903 3261 vis
1947 3200 2267 3261 coercere:

218 3290 378 3355 haec
429 3292 546 3357 tibi
597 3303 698 3357 est
748 3293 1101 3358 excidenda
1148 3291 1397 3379 lingua,
1452 3313 1579 3375 qua
1629 3290 1733 3355 vel
1784 3289 2003 3356 evolsa
2046 3288 2270 3375 spiritu

217 3382 362 3469 ipso
412 3383 736 3451 libidinem
789 3397 962 3451 tuam
1013 3386 1272 3451 libertas
1324 3407 1473 3450 mea
1520 3384 1859 3450 refutabit?
1938 3382 2333 3493 'permulta-r>
2301 3374 2343 3429 '2

218 3488 355 3541 tum
407 3477 982 3545 vehementissima·
993 3478 1393 3545 contentione
1447 3478 1667 3557 animi,
1718 3478 1986 3565 ingemi,
2040 3474 2269 3541 virium

221 3569 301 3633 ab
353 3591 434 3635 eo
487 3569 654 3636 dicta
705 3595 848 3638 esse
903 3574 1235 3639 constabat
1295 3572 1796 3654 sententiamque
1848 3593 2016 3647 eam,
2081 3590 2270 3653 quam

221 3674 478 3729 senatus
513 3664 813 3749 frequens
870 3676 1124 3732 secutus
1171 3676 1270 3732 est
1314 3663 1731 3731 ornatissimis
1768 3674 1834 3727 et
1876 3660 2269 3749 gravissimis

215 3757 457 3836 verbis,
511 3768 584 3823 ut
616 3758 854 3845 populo
887 3760 1179 3825 Romano
1233 3758 1389 3824 satis
1432 3759 1636 3835 fieret,
1688 3774 2033 3840 numquam
2088 3776 2271 3819 sena-

216 3860 322 3915 tus
365 3872 574 3935 neque
627 3852 964 3917 consilium
1004 3852 1100 3917 rei
1140 3851 1434 3938 publicae
1486 3872 1693 3935 neque
1744 3850 1934 3914 fidem
1989 3847 2268 3914 defuisse

217 3942 300 4006 ab
337 3963 414 4007 eo
451 3943 687 4009 dictam
721 3956 790 4011 et
821 3945 1092 4010 eundem
1105 3993 1124 4023 ,
1167 3945 1236 4009 id
1271 3945 1444 4029 quod
1476 3944 1543 4008 in
1578 3940 2051 4008 auctoritatibus
2086 3960 2270 4027 prae·-

217 4034 470 4123 scriptis
503 4048 734 4118 exstat,
775 4038 1111 4105 scribendo
1148 4037 1451 4103 adfuisse.
1530 4037 1641 4102 illa
1672 4046 1992 4121 tamquam
2031 4054 2265 4121 cycnea
2297 4057 2333 4101 ο
