2784 4575
500 245 633 312 346
1110 255 1197 322 Μ.
1236 251 1510 312 TULLII
1545 251 1950 316 CICERONIS

500 391 723 446 contra
762 379 910 445 reo?
964 376 1044 445 C.
1078 377 1157 443 P.
1196 377 1410 444 omnia
1459 377 1652 464 longe
1705 398 1919 442 secus:
1973 378 2282 444 sumenda
2332 378 2584 468 princi-

500 476 611 564 pia
645 475 728 539 ad
760 473 1269 540 benevolentiam
1313 471 1774 540 conciliandam
1781 497 1801 550 3
1854 473 2246 540 narrationes
2283 487 2402 539 aut
2441 499 2584 541 am-

500 569 850 657 putandae,
903 591 1065 652 quae
1098 566 1387 644 laedunt,
1443 577 1553 634 aut
1584 566 2062 651 relinquendae,
2117 569 2173 634 si
2207 579 2380 636 totae
2423 585 2584 638 sunt

470 659 835 742 'molestam
898 663 1295 728 firmamenta
1348 660 1432 726 ad
1491 661 1685 726 fidem
1743 661 1956 748 posita
2013 671 2127 726 aut
2173 685 2289 749 per
2343 686 2422 729 se
2483 665 2583 730 di·-

500 757 735 824 luenda
770 766 879 821 aut
912 756 1313 823 obscuranda
1346 766 1456 820 aut
1491 755 1990 841 digressionibus
2027 757 2382 835 obruenda3
2427 781 2582 844 per-

499 852 817 918 orationes
864 862 1075 916 autem
1137 851 1220 916 ad
1270 849 1766 915 misericordiam
1817 849 2259 918 conferendae.
2367 849 2461 918 G.
2497 853 2578 920 F.

502 967 836 1032 semperne
870 944 1064 1031 igitur
1098 945 1384 1010 ordinem
1429 941 1829 1021 conlocandi,
1885 964 2073 1027 quem
2115 944 2442 1024 volumuS,
2484 957 2580 1011 te-

501 1061 655 1105 nere
708 1039 1091 1124 possumus?
1146 1035 1224 1103 C.
1268 1037 1348 1102 P.
1394 1059 1528 1103 non
1579 1057 1762 1114 sane3
1815 1058 1966 1100 nam
2017 1037 2322 1105 auditoris
2377 1061 2576 1106 aures

498 1132 908 1198 moderantur
960 1131 1192 1197 oratori
1249 1130 1547 1216 prudenti
1597 1141 1663 1194 et
1711 1129 2005 1216 provido:
2065 1153 2181 1196 eae⁴
2241 1133 2420 1216 quod
2473 1157 2578 1198 re-

504 1236 743 1312 spuunt
774 1223 1241 1290 immutandum
1278 1235 1394 1290 est.

426 1355 479 1396 10
584 1333 603 1340 ⁸
628 1315 707 1386 C.
755 1319 835 1384 F.
886 1319 1162 1406 Expone
1217 1319 1548 1405 deinceps,
1603 1339 1765 1402 quae
1817 1317 2020 1404 ipsius
2075 1318 2380 1384 orationis
2426 1343 2576 1386 ver-

502 1413 854 1496 borumque
905 1424 1246 1500 praecepta
1288 1412 1434 1478 sint.
1525 1410 1604 1478 C.
1647 1413 1727 1478 P.
1771 1435 1972 1481 unum
2021 1435 2226 1502 genus
2279 1425 2383 1480 est
2439 1416 2576 1480 elo-

504 1507 741 1592 quendi
777 1530 895 1572 sua
928 1519 1155 1594 sponte
1210 1507 1424 1576 fusum
1435 1531 1454 1586 ;
1509 1505 1775 1572 alterum
1817 1529 2074 1572 versum
2124 1517 2314 1592 atque
2357 1521 2572 1574 muta-

402 1685 425 1696 s
504 1613 660 1668 tum.
744 1602 951 1688 prima
985 1601 1083 1668 vis
1120 1612 1221 1667 est
1252 1603 1321 1667 in
1356 1601 1750 1688 simplicibus
1795 1601 2040 1680 verbis,
2092 1601 2162 1667 in
2209 1603 2568 1670 coniunctis

426 1694 431 1698 ”
505 1697 816 1764 secunda:
882 1696 1191 1784 simplicia
1248 1695 1632 1762 invenienda
1691 1707 1867 1775 sunt,
1931 1697 2290 1764 coniunctio
2349 1699 2572 1764 conlo-

503 1792 709 1860 canda
743 1803 871 1870 est3
926 1803 991 1857 et
1024 1791 1335 1878 simplicia
1368 1791 1566 1858 verba
1605 1791 1836 1877 partim
1867 1791 2086 1856 nativa
2119 1802 2298 1870 sunt,
2330 1794 2568 1880 partim

501 1897 779 1973 reperta:
832 1887 1050 1953 nativa
1084 1909 1190 1964 ea,
1244 1907 1408 1969 quae
1445 1885 1800 1972 significata
1834 1897 1984 1950 sunt
2017 1907 2207 1952 sensu
2215 1912 2237 1966 3
2290 1898 2566 1974 reperta,

503 2002 666 2064 quae
702 2003 782 2046 ex
815 1981 917 2044 his
944 1979 1115 2044 facta
1142 1991 1289 2044 sunt
1324 1989 1389 2044 et
1431 1988 1668 2045 novata
1701 1990 1812 2044 aut
1839 1979 2240 2046 similitudine
2274 1994 2382 2042 aut
2413 1981 2568 2042 imi-

422 2107 474 2148 1⁷
504 2073 740 2139 tatione
777 2084 887 2138 aut
927 2072 1265 2136 inflexione
1310 2082 1422 2136 aut
1473 2073 1872 2138 adiunctione
1925 2075 2266 2140 verborum.
2353 2082 2560 2155 atque

504 2166 696 2232 etiam
732 2176 831 2230 est
863 2165 1023 2230 haec
1060 2165 1377 2232 distinctio
1413 2165 1482 2229 in
1517 2167 1758 2232 verbis:
1804 2167 2002 2232 altera
2035 2178 2276 2244 natura,
2318 2175 2568 2230 tracta-

502 2259 673 2326 tione
718 2258 945 2325 altera:
997 2271 1251 2339 natura,
1306 2270 1379 2325 ut
1424 2260 1551 2327 sint
1593 2261 1718 2327 alia
1761 2263 2148 2340 sonantiora,
2201 2259 2563 2347 grandiora,

498 2353 743 2421 leviora
793 2363 859 2420 et
911 2354 1187 2439 quodam
1238 2354 1429 2423 modo
1476 2355 1800 2434 nitidiora,
1856 2356 1980 2421 alia
2031 2367 2277 2434 contra3
2331 2366 2565 2421 tracta-

498 2448 673 2515 tione
708 2460 950 2527 autem‚
1004 2470 1153 2514 cum
1188 2460 1298 2514 aut
1330 2450 1586 2537 propria
1640 2462 1972 2515 sumuntur
2003 2472 2218 2515 rerum
2249 2448 2568 2515 vocabula

499 2554 613 2609 aut
647 2544 863 2609 addita
896 2544 980 2609 ad
1012 2566 1247 2609 nomen
1282 2553 1392 2608 aut
1434 2566 1603 2609 nova
1632 2554 1762 2609 ‚aut
1795 2544 2006 2630 prisca
2041 2555 2151 2612 aut
2187 2544 2270 2608 ab
2315 2554 2564 2609 oratore

498 2638 863 2705 modificata
896 2646 962 2703 et
992 2637 1229 2703 inflexa
1262 2637 1540 2721 quodam
1575 2638 1798 2716 mod03
1836 2638 2048 2721 qualia
2081 2649 2232 2703 sunt
2263 2661 2364 2717 ea,
2400 2660 2565 2721 quae

500 2732 965 2797 transferuntur
1010 2741 1121 2796 aut
1152 2732 1592 2809 immutantur,
1637 2743 1746 2798 aut
1799 2755 1902 2811 ea,
1955 2733 2186 2815 quibus
2239 2742 2565 2815 tamquam

502 2824 843 2903 abutimur,
910 2836 1017 2891 aut
1078 2846 1181 2903 ea,
1234 2846 1400 2909 quae
1452 2826 1894 2905 obscuramus,
1957 2848 2120 2910 quae
2179 2825 2567 2891 incredibili-

496 2928 597 2983 ter
632 2916 941 2997 tollimus,
997 2940 1283 3003 quaeque
1320 2918 1782 2999 admirabilius,
1837 2943 2028 3005 quam
2065 2921 2374 2986 sermonis
2408 2941 2566 2985 con-

430 3020 465 3073 6
501 3012 769 3079 suetudo
820 3013 1085 3099 patitur,
1139 3033 1462 3077 ornamus.
1551 3011 1632 3079 C.
1664 3014 1742 3080 F.
1778 3014 1984 3081 habeo
2039 3015 2119 3080 de
2165 3012 2564 3100 simplicibus

423 3090 474 3131 ¹⁸
499 3106 733 3183 verbis,
770 3128 941 3171 nunc
974 3106 1053 3172 de
1090 3106 1530 3172 coniunctione
1565 3128 1821 3191 quaero.
1911 3105 1989 3174 C.
2025 3109 2103 3173 P.
2141 3107 2388 3173 numeri
2423 3108 2564 3191 qui-

499 3198 649 3265 dam
684 3210 831 3265 sunt
862 3199 929 3263 in
974 3199 1416 3265 coniunctione
1463 3199 1758 3265 servandi
1802 3202 2290 3286 consecutioque
2330 3202 2566 3266 verbo-

496 3314 669 3359 rum:
720 3314 1019 3360 numeros
1080 3314 1265 3358 aures
1308 3293 1489 3379 ipsae
1539 3293 1910 3373 metiuntur,
1961 3316 2044 3359 ne
2081 3306 2190 3359 aut
2221 3318 2352 3359 non
2387 3316 2564 3361 com-

494 3388 675 3475 pleas
710 3389 923 3457 verbis
961 3387 1133 3472 quod
1181 3389 1592 3475 proposueris
1629 3400 1740 3455 aut
1787 3390 2136 3467 redundes3
2191 3390 2565 3456 consecutio

434 3514 437 3517 ⁴
498 3493 736 3561 autem,
799 3503 881 3548 ne
942 3480 1312 3569 generibus,
1386 3483 1696 3562 numeris,
1759 3484 2179 3571 temporibus,
2239 3483 2560 3567 personis,

496 3575 751 3641 casibus
803 3575 1205 3661 perturbetur
1258 3576 1480 3641 oratio.
1567 3600 1716 3641 nam
1760 3587 1833 3641 ut
1872 3578 1944 3641 in
1987 3575 2380 3661 simplicibus
2415 3597 2566 3639 ver-

493 3668 625 3748 bis,
678 3668 851 3752 quod
883 3692 1013 3735 non
1048 3679 1150 3735 est
1181 3668 1519 3747 Latinum,
1575 3670 1669 3735 sic
1701 3670 1770 3737 in
1805 3670 2184 3747 coniunctis,
2221 3668 2395 3753 quod
2427 3691 2562 3733 non

419 3790 471 3829 ιε
498 3774 597 3829 est
655 3784 1082 3847 consequens,
1146 3718 1632 3851 vituperandum
1691 3775 1811 3830 est.
1926 3764 2284 3833 communia
2339 3772 2564 3827 autem

498 3856 877 3943 simplicium
948 3857 1549 3941 coniunctorumque
1607 3856 1770 3923 haec
1829 3869 1980 3924 sunt
2039 3857 2313 3942 quinque
2372 3856 2562 3940 quasi

495 3949 763 4015 lumina·
798 3950 1169 4029 dilucidum,
1204 3951 1419 4028 breve,
1453 3950 1800 4037 probabile,
1833 3951 2118 4029 inlustre,
2156 3972 2372 4016 suave.
2461 3948 2565 4013 di-

494 4039 773 4105 lucidum
806 4042 879 4105 fit
911 4043 1161 4107 usitatis
1187 4043 1399 4108 verbis
1427 4056 1493 4108 et
1517 4045 1810 4131 propriis,
1901 4044 2222 4132 dispositis
2279 4054 2387 4109 aut
2436 4042 2565 4107 cir-
