2784 4575
486 289 612 356 180
1095 297 1178 356 Μ.
1211 295 1485 354 TULLII
1521 291 1921 350 CICERONIS

480 424 708 491 melius
773 430 945 488 esset
1003 430 1181 486 vetas
1193 466 1212 497 ,
1273 417 1602 504 prohibes,
1668 419 1981 482 absterres
1992 437 2011 493 3
2076 413 2377 498 quoniam
2434 412 2543 482 ille

481 518 758 584 dixeratz
789 591 796 596 ,
1252 511 1265 522 ’

1507 603 1653 669 ilico
1685 603 1849 680 istic,

566 725 648 770 ne
683 699 976 787 contagio
1009 721 1154 764 mea
1185 697 1370 763 bonis
1408 697 1711 762 umbrave
1744 694 1914 761 obsit
1950 743 1967 761 .
1988 743 2004 760 .
2028 743 2045 760 .
2066 743 2082 760 .

369 827 446 868 165
483 808 669 881 atque
705 795 924 872 etiam,
981 793 1038 859 si
1078 814 1365 869 vereare,
1410 814 1491 857 ne
1536 790 1727 877 paulo
1772 788 1987 854 durior
2029 789 2359 855 translatio
2396 813 2547 859 esse

481 891 796 966 videatur,
857 886 1199 954 mollienda
1253 896 1354 951 est
1403 883 1766 971 praeposito
1830 905 2022 968 saepe
2074 884 2300 962 verb03
2360 894 2435 948 ut
2490 885 2550 950 si

481 985 650 1062 olim,
675 983 777 1049 M.
805 979 1052 1048 Gatone
1076 989 1348 1057 mortu0,
1387 977 1751 1065 ‘pupillum’
1782 989 2073 1042 senatum
2092 976 2233 1060 quis
2251 977 2549 1044 relictum

483 1079 745 1154 diceret,
789 1075 982 1162 paulo
1019 1073 1265 1152 durius3
1304 1072 1433 1149 sin,
1481 1077 1582 1137 ‘ut
1613 1070 1705 1136 ita
1740 1070 1973 1148 dicam,
2018 1070 2331 1158 pupillum
2339 1071 2381 1149 ,'
2426 1072 2546 1137 ali-

483 1174 720 1255 quanto
771 1167 1015 1232 mitius:
1071 1165 1306 1232 etenim
1357 1163 1717 1230 verecunda
1768 1163 1959 1231 debet
2000 1185 2145 1230 esse
2166 1200 2170 1206 ·
2190 1164 2544 1242 translatio,

481 1275 558 1328 ut
589 1262 864 1328 deducta
897 1283 1042 1326 esse
1076 1259 1144 1324 in
1187 1259 1464 1326 alienum
1498 1258 1735 1335 locum,
1789 1279 1921 1324 non
1952 1256 2298 1344 inrupisse,
2352 1269 2545 1343 atque

371 1385 451 1426 166
481 1367 554 1422 ut
603 1355 916 1443 precariO,
977 1377 1110 1420 non
1160 1353 1254 1432 vi,
1316 1352 1571 1418 venisse
1631 1351 1941 1418 videatur.
2044 1351 2273 1424 modus
2328 1351 2543 1416 autem

480 1451 691 1516 nullus
744 1451 844 1516 est
893 1448 1214 1516 florentior
1253 1449 1323 1512 in
1367 1447 1633 1534 singulis
1685 1445 1897 1512 verbis
1941 1467 2059 1512 nec
2104 1446 2214 1530 qui
2253 1446 2400 1532 plus
2444 1446 2544 1512 lu-

478 1543 668 1610 minis
713 1543 962 1608 adferat
1003 1541 1271 1608 orationi
1278 1566 1298 1619 3
1350 1563 1503 1606 nam
1548 1539 1734 1616 illud,
1788 1539 1961 1623 quod
2012 1562 2097 1606 ex
2138 1539 2261 1604 hoc
2304 1562 2543 1626 genere

478 1637 763 1722 profluit,
816 1657 949 1702 non
991 1647 1092 1702 est
1129 1636 1199 1700 in
1240 1657 1370 1700 uno
1423 1635 1621 1701 verbo
1674 1632 2006 1711 translato,
2060 1633 2178 1698 sed
2222 1655 2304 1698 ex
2344 1633 2541 1720 pluri·-

479 1733 601 1796 bus
639 1730 1017 1798 continuatis
1071 1729 1447 1807 conectitur,
1498 1739 1572 1794 ιιι
1604 1729 1780 1794 aliud
1822 1729 2092 1808 dicatur,
2144 1729 2320 1796 aliud
2351 1729 2539 1796 intel-

479 1823 826 1910 legendum
861 1824 973 1890 sit:

1161 1937 1366 1999 neque
1401 1937 1505 1981 me
1538 1915 1746 2002 patiar

564 2011 794 2076 iterum
840 2009 924 2074 ad
967 2030 1166 2072 unum
1213 2009 1546 2093 scopulum
1590 2019 1663 2072 ut
1706 2007 1859 2074 olim
1900 2007 2175 2076 classem
2214 2006 2538 2074 Achivom

1162 2099 1505 2166 offendere.

479 2202 667 2275 atque
700 2191 880 2270 illud,

563 2308 766 2365 erras,
805 2308 978 2352 erras
989 2312 1008 2366 3
1044 2310 1195 2352 nam
1229 2285 1655 2355 exsultantem
1688 2298 1753 2355 te
1789 2299 1855 2355 ει
1886 2289 2341 2376 praefidentem
2372 2286 2489 2354 tibi

563 2380 911 2467 repriment
939 2381 1188 2447 validae
1213 2381 1432 2468 legum
1458 2381 1744 2449 habenae
1772 2394 1962 2468 atque
1988 2384 2217 2471 imperi
2238 2383 2535 2449 insistent

1197 2498 1372 2561 iugo.

366 2593 442 2635 167
480 2578 731 2655 sumpta
762 2590 833 2633 re
871 2567 1059 2634 simili
1092 2570 1288 2635 verba
1320 2568 1489 2635 illius
1522 2568 1619 2635 rei
1658 2568 1917 2656 propria
1960 2570 2263 2657 deinceps
2296 2570 2364 2635 in
2394 2592 2532 2637 rem

374 2668 446 2727 42
483 2662 699 2741 aliam,
750 2672 824 2727 ut
876 2661 1037 2741 dixi,
1089 2663 1575 2730 transferuntur.
1670 2674 1774 2730 εει
1821 2664 1944 2730 hoc
1993 2686 2298 2751 magnum
2348 2670 2532 2730 orna-

477 2770 762 2823 mentum
794 2757 1116 2836 orationis,
1151 2757 1219 2821 in
1253 2779 1379 2841 quo
1414 2758 1769 2824 obscuritas
1796 2758 2101 2845 fugienda
2136 2771 2236 2825 est
2242 2784 2262 2837 ;
2299 2758 2533 2825 etenim

476 2851 598 2916 hoc
631 2852 766 2917 fere
799 2874 1034 2938 genere
1066 2852 1228 2916 fiunt
1269 2874 1373 2930 ea,
1426 2873 1589 2936 quae
1626 2852 1917 2919 dicuntur
1964 2852 2352 2939 aenigmata3
2402 2875 2533 2919 non

475 2954 577 3008 est
609 2954 822 3009 autem
864 2945 935 3010 in
977 2944 1170 3010 verbo
1213 2945 1443 3010 modus
1494 2945 1626 3023 hic,
1682 2946 1798 3011 sed
1838 2946 1905 3010 in
1948 2946 2259 3023 oratione,
2310 2945 2381 3011 id
2407 2947 2527 3023 est,

473 3037 542 3102 in
577 3038 1046 3104 continuatione
1079 3037 1437 3104 verborum.
1474 3074 1480 3080 ·
1524 3061 1605 3105 ne
1638 3039 1751 3104 illa
1792 3039 2049 3125 quidem
2090 3040 2403 3107 traductio
2436 3048 2531 3105 at-

475 3153 600 3214 que
649 3130 1004 3196 immutatio
1053 3130 1122 3195 in
1182 3133 1378 3198 verbo
1432 3132 1752 3218 quandam
1809 3133 2288 3200 fabricationem
2339 3134 2532 3200 habet

479 3222 625 3311 [sed
656 3224 726 3289 in
759 3223 1100 3311 oratione]:

559 3318 787 3383 Africa
820 3317 1082 3383 terribili
1115 3317 1327 3385 tremit
1359 3318 1617 3393 horrida
1650 3331 1816 3387 terra
1850 3321 2149 3401 tumultu;

391 3417 395 3420 ’
477 3410 622 3499 [pro
663 3411 846 3477 Afris
900 3422 1000 3478 εει
1049 3423 1302 3498 sumpta
1334 3410 1621 3500 Africa,]
1676 3437 1882 3499 neque
1934 3415 2105 3481 enim
2136 3417 2379 3481 factum
2430 3426 2530 3481 εει

471 3506 764 3585 verbum,
817 3516 891 3571 ut
933 3510 1136 3571 ‘mare
1181 3506 1522 3595 saxifragis
1575 3504 1845 3589 undis?
1872 3532 2081 3594 neque
2133 3510 2527 3588 translatum,

471 3609 544 3664 ut
578 3600 883 3665 ‘mollitur
931 3600 1162 3679 mare3’
1219 3601 1335 3667 sed
1368 3602 1634 3669 ornandi
1669 3623 1863 3669 causa
1902 3604 2231 3692 proprium
2269 3604 2528 3692 proprio

473 3704 954 3761 commutatum:

555 3786 806 3865 desine,
841 3788 1079 3867 Roma,
1115 3800 1258 3854 tuos
1295 3788 1497 3855 hostis
1535 3838 1552 3855 .
1572 3837 1590 3856 .
1612 3836 1628 3855 .
1650 3838 1669 3857 .

470 3890 536 3945 et

555 3980 752 4037 testes
789 3984 938 4037 sunt
972 3974 1180 4060 campi
1213 3975 1429 4061 magni
1466 4024 1638 4043 .....

468 4061 682 4145 gravis
719 4074 820 4128 est
851 4066 1078 4133 modus
1113 4068 1182 4132 in
1215 4079 1441 4134 ornatu
1474 4071 1773 4136 orationis
1810 4084 1875 4137 et
1910 4094 2101 4159 saepe
2146 4074 2517 4151 sumendus;
