2784 4575
828 284 934 339 DE
974 282 1337 339 ORATORE
1372 282 1450 337 11.
1487 282 1793 338 186—193.
2218 272 2340 336 101

279 406 437 473 nihil
472 417 644 473 esset
676 405 801 488 nisi
834 404 1070 472 falsum
1103 415 1297 490 atque
1327 405 1678 471 imitatione
1713 405 2104 483 simulatum,
2139 408 2344 473 maior

283 522 387 567 ars
422 501 635 585 aliqua
668 482 937 567 forsitan
972 510 1147 566 esset
1176 500 1587 585 requirenda·
1620 520 1792 565 nunc
1826 522 1978 586 ego,
2015 500 2169 583 quid
2205 502 2340 579 tibi,

284 594 553 673 Crasse,
591 596 746 680 quid
780 596 1005 661 ceteris
1042 595 1317 675 accidat,
1353 594 1600 673 nesci03
1646 595 1728 660 de
1761 618 1865 661 me
1901 606 2116 660 autem
2149 616 2346 661 causa

280 690 459 754 nulla
492 700 617 767 est,
673 712 785 753 cur
818 689 992 776 apud
1034 688 1325 755 homines
1376 688 1906 775 prudentissimos
1953 698 2144 772 atque
2189 688 2347 753 ami-

284 782 574 849 cissimos
610 782 908 849 mentiar:
950 804 1082 849 non
1114 805 1218 849 me
1252 782 1511 849 hercule
1552 803 1856 867 umquam
1889 781 2062 869 apud
2104 782 2346 847 iudices

288 888 398 941 aut
432 877 716 942 dolorem
758 889 871 942 aut
908 876 1409 942 misericordiam
1463 886 1576 941 aut
1615 875 1919 941 invidiam
1971 886 2080 941 aut
2133 876 2347 941 odium

285 967 556 1035 dicendo
598 970 876 1034 excitare
910 969 1084 1036 volui
1132 970 1290 1054 quin
1332 969 1472 1056 ipse
1505 970 1574 1034 in
1609 970 2082 1036 commovendis
2126 969 2348 1033 iudici-

288 1063 413 1127 bus
466 1059 559 1127 eis
610 1062 769 1149 ipsis
824 1064 1149 1141 sensibus,
1202 1063 1286 1128 ad
1329 1084 1490 1148 quos
1534 1064 1676 1129 illos
1731 1063 2047 1135 adducere
2097 1063 2346 1140 vellem,

286 1176 692 1243 permoverer
699 1182 719 1234 3
772 1178 981 1241 neque
1014 1168 1117 1221 est
1149 1156 1317 1221 enim
1369 1158 1556 1222 facile
1606 1157 1938 1243 perficere,
1988 1168 2064 1221 ut
2113 1158 2347 1223 irasca—

288 1260 395 1313 tur
478 1250 567 1329 ei,
621 1249 725 1315 cui
773 1260 845 1315 tu
894 1249 1085 1328 velis,
1144 1250 1367 1328 iudex,
1425 1250 1480 1315 si
1531 1262 1602 1316 tu
1651 1251 1791 1338 ipse
1842 1250 1912 1315 id
1960 1251 2130 1317 lente
2183 1251 2348 1317 ferre

286 1342 543 1409 videare
552 1368 571 1421 3
634 1364 843 1428 neque
894 1355 969 1407 ut
1021 1344 1227 1409 oderit
1276 1366 1449 1421 eum,
1505 1366 1694 1429 quem
1747 1354 1818 1409 tu
1870 1344 2058 1423 velis,
2109 1343 2235 1409 nisi
2285 1356 2348 1410 te

289 1435 503 1521 ipsum
537 1438 913 1523 flagrantem
948 1437 1095 1502 odio
1130 1449 1277 1503 ante
1310 1437 1567 1515 viderit3
1619 1457 1828 1521 neque
1871 1438 1954 1503 ad
1995 1438 2349 1504 misericor-

292 1528 465 1592 diam
498 1528 875 1607 adducetur,
926 1530 1053 1594 nisi
1087 1540 1157 1594 tu
1193 1530 1253 1596 ei
1288 1530 1474 1617 signa
1507 1530 1744 1596 doloris
1779 1531 1872 1596 tui
1906 1532 2147 1609 verbis,
2177 1560 2190 1567 ·
2205 1554 2350 1597 sen-

291 1621 534 1698 tentiis,
580 1642 765 1700 voce,
809 1622 1013 1702 voltu,
1070 1623 1620 1689 conlacrimatione
1659 1624 1929 1708 denique
1965 1624 2347 1701 ostender-183

288 1725 363 1779 ut
396 1714 565 1779 enim
598 1715 774 1779 nulla.
806 1717 1103 1783 materies
1136 1728 1269 1783 tam
1294 1718 1500 1783 facilis
1539 1720 1621 1783 ad
1655 1718 2194 1783 exardescendum
2225 1730 2348 1795 est,

2383 1183 2464 1223 190

292 1828 456 1891 quae
490 1807 617 1873 nisi
650 1808 905 1876 admoto
940 1810 1075 1898 igni
1119 1811 1336 1897 ignem
1380 1813 1714 1898 concipere
1753 1812 1986 1899 possit,
2043 1812 2136 1877 sic
2177 1811 2352 1877 nulla
2385 1828 2390 1833 ’

292 1922 473 1967 mens
509 1911 611 1966 est
644 1913 776 1967 tam
810 1904 896 1968 ad
928 1904 1589 1991 comprehendendam
1633 1906 1764 1970 vim
1798 1906 2064 1971 oratoris
2107 1918 2348 1992 parata,

290 2016 456 2079 quae
504 1996 713 2083 possit
763 1996 1045 2075 incendi,
1106 1997 1232 2063 nisi
1282 1999 1422 2085 ipse
1483 1999 1907 2065 inflammatus
1963 1999 2046 2063 ad
2096 2022 2236 2064 eam
2287 2011 2354 2063 et

293 2089 522 2155 ardens
559 2091 919 2156 accesserit.
1008 2112 1111 2170 ac,
1145 2114 1229 2157 ne
1263 2092 1387 2158 hoc
1419 2092 1584 2158 forte
1617 2114 1922 2180 magnum
1957 2114 2034 2159 ac
2066 2092 2352 2161 mirabile

292 2205 437 2248 esse
474 2182 763 2249 videatur
830 2184 1151 2251 hominem
1186 2186 1420 2251 totiens
1453 2186 1671 2266 irasci,
1707 2187 1939 2253 totiens
1977 2187 2218 2299 dolere,
2255 2198 2354 2253 to-

292 2276 457 2340 tiens
510 2277 683 2342 omni
742 2289 919 2345 motu
970 2278 1164 2345 animi
1230 2279 1558 2360 concitari,
1617 2281 1991 2368 praesertim
2042 2281 2111 2347 in
2159 2283 2352 2349 rebus

294 2368 546 2446 alienis,
598 2391 837 2457 magna
868 2373 967 2438 vis
1003 2383 1105 2438 est
1137 2395 1356 2439 earum
1409 2375 1864 2440 sententiarum
1907 2387 2098 2460 atque
2134 2399 2354 2443 eorum

292 2463 603 2539 locorum,
657 2482 819 2545 quos
856 2487 1012 2550 agas
1048 2477 1408 2551 tractesque
1444 2468 1742 2545 dicendo,
1776 2469 1932 2533 nihil
1966 2481 2036 2533 ut
2072 2491 2249 2577 opus·
2271 2469 2354 2534 sit

294 2553 695 2620 simulatione
730 2565 797 2620 et
828 2556 1126 2636 fallaciis3
1178 2559 1323 2644 ipsa
1374 2559 1545 2624 enim
1578 2569 1806 2626 natura
1857 2562 2156 2627 orationis
2193 2561 2351 2638 eius,

292 2669 459 2732 quae
482 2648 835 2757 ‘suscipitur
868 2649 953 2714 ad
996 2651 1264 2716 aliorum
1307 2652 1552 2718 animos
1597 2656 2090 2738 permovendos,
2146 2665 2354 2721 orato-

292 2764 430 2806 rem
479 2741 693 2828 ipsum
742 2743 951 2829 mag-is
1002 2744 1195 2810 etiam
1244 2766 1439 2828 quam
1497 2767 1880 2830 quemquam
1933 2769 2181 2825 eorum,
2241 2748 2354 2832 qui

294 2835 585 2913 audiunt,
637 2848 997 2923 permovet,
1051 2848 1117 2902 et
1158 2861 1240 2902 ne
1274 2838 1512 2905 hocin
1553 2840 1793 2918 causis,
1845 2840 1912 2905 in
1954 2841 2231 2920 iudiciis,
2283 2841 2352 2906 in

292 2931 639 2995 amicorum
690 2930 1017 3018 periculis,
1069 2931 1137 2997 in
1189 2953 1502 2998 concursu
1551 2933 1876 2999 hominum
1887 2983 1906 3014 ,
1959 2935 2027 2999 in
2079 2935 2352 3012 civitate,

290 3025 362 3088 in
396 3025 536 3091 foro
572 3025 857 3091 accidere
892 3025 1221 3106 miremur,
1274 3047 1424 3092 cum
1459 3028 1667 3116 agitur
1698 3051 1830 3094 non
1874 3029 2132 3094 solum·
2113 3029 2352 3116 mgenii

290 3119 495 3186 nostri
530 3119 943 3200 existimatio,
984 3144 1137 3187 nam
1168 3122 1239 3187 id
1272 3133 1448 3188 esset
1477 3122 1711 3202 levius3
1758 3144 2169 3207 quamquam,
2209 3145 2355 3188 cum

2384 2090 2456 2144 46

2387 2162 2464 2203 191

2386 2869 2466 2908 192

292 3214 621 3300 professus
658 3214 749 3280 sis
786 3225 848 3282 te
882 3214 951 3280 id
983 3238 1177 3303 posse
1220 3217 1462 3296 facere,
1515 3217 1687 3302 quod
1727 3217 1942 3303 pauci,
1997 3240 2078 3283 ne
2112 3219 2180 3282 id
2215 3217 2355 3302 qui-
2441 3273 2446 3276 .

294 3307 443 3372 dem
477 3309 947 3394 neglegendum
982 3321 1110 3390 est3
1148 3310 1265 3376 sed
1300 3309 1426 3376 alia
1457 3322 1610 3376 sunt
1641 3311 1883 3377 maiora
1914 3311 2134 3389 multo,
2167 3312 2351 3389 fides,

294 3399 607 3479 officium,
670 3402 1025 3488 diligentia,
1086 3405 1317 3488 quibus
1366 3405 1561 3470 rebus
1617 3403 1902 3484 adducti,
1965 3404 2155 3470 etiam
2209 3425 2356 3468 cum

298 3491 717 3560 alienissimos
770 3496 1201 3577 defendimus,
1256 3510 1470 3564 tamen
1504 3520 1614 3566 eos
1659 3498 1898 3564 alienos
1914 3546 1933 3577 ,
1988 3498 2044 3564 si
2075 3498 2202 3585 ipsi
2235 3497 2355 3562 viri

295 3587 449 3654 boni
491 3588 787 3655 volumus
830 3589 1080 3669 haberi,
1134 3592 1498 3661 existimare
1537 3617 1667 3660 non
1711 3615 2052 3681 possumus
2085 3627 2174 3642 ·-—··
2216 3591 2350 3670 sed,

294 3694 370 3748 ut
402 3681 553 3760 dixi,
590 3705 673 3749 ne
707 3684 829 3750 hoc
862 3684 930 3750 in
963 3687 1149 3752 nobis
1174 3687 1405 3752 mirum
1439 3710 1584 3754 esse
1610 3688 1916 3766 videatur,
1953 3686 2108 3772 quid
2140 3698 2352 3774 potest

298 3800 445 3843 esse
477 3789 611 3844 tam
644 3779 863 3844 fictum
897 3800 1090 3864 quam
1124 3801 1378 3861 versus,
1433 3804 1624 3867 quam
1667 3805 1887 3862 scena,
1930 3803 2134 3867 quam
2169 3781 2353 3846 fabu-

296 3871 435 3936 lae?
486 3885 701 3938 tamen
734 3873 802 3938 in
837 3875 961 3940 hoc
994 3896 1227 3961 genere
1262 3899 1456 3962 saepe
1489 3876 1630 3964 ipse
1665 3877 1824 3954 vidi,
1859 3889 1934 3942 ut
1965 3899 2047 3942 ex
2078 3897 2354 3963 persona

292 3963 503 4122 rssrilhidl
480 3967 701 4033 ardere
726 3967 895 4034 oculi
922 3968 1195 4035 hominis
1222 3969 1546 4038 histrionis
1579 3971 1944 4037 viderentur
1979 3969 2353 4058 spondaulia

366 4081 407 4123 a
506 4061 735 4127 centis·

2386 3621 2463 3662 193
