2784 4575
342 899 396 940 93

338 1747 394 1789 94.

339 2494 394 2536 95

343 3990 394 4031 9⁷

441 267 568 334 164
1060 275 1136 330 Μ.
1172 273 1441 331 TULLII
1478 271 1878 332 CICERONIS

439 415 634 480 sti-oe,
686 423 817 466 non
849 399 1118 464 multum
1151 408 1253 464 est
1285 397 1493 462 maius
1549 418 1741 482 quam
1791 396 1950 462 illud
1990 397 2251 483 volgare
2289 417 2364 462 ac
2398 396 2497 464 fo-

435 517 652 562 rense:
705 503 1011 580 apparatu
1045 491 1229 558 nobis
1267 513 1429 578 opus
1464 501 1564 557 est
1598 503 1661 557 et
1694 491 1887 556 rebus
1924 489 2275 574 exquisitis,
2312 489 2497 556 undi-

439 612 563 674 que
586 645 592 650 .
616 585 946 664 conlectis,
1000 585 1348 663 arcessitis,
1412 584 1849 672 comportatis,
1909 594 1983 649 ut
2033 583 2173 662 tibi,
2230 580 2495 662 Caesar,

437 682 799 748 faciendum
859 691 957 746 est
1026 679 1110 744 ad
1170 701 1433 756 annum3
1504 689 1579 743 ut
1640 699 1761 765 ego
1822 676 1921 765 [in
1992 675 2339 764 aedilitate]
2402 677 2497 742 la-

435 774 686 853 boravi,
738 775 910 859 quod
963 772 1292 839 cotidianis
1330 783 1396 837 et
1439 771 1791 838 vernaculis
1834 771 2026 837 rebus
2072 769 2228 836 satis
2282 771 2499 836 facere

439 891 541 934 me
576 890 769 954 posse
821 866 970 932 huic
1021 865 1256 954 populo
1307 887 1438 930 non
1479 866 1813 952 putabam:
1866 864 2204 930 verborum
2257 863 2501 951 eligen-

440 964 665 1029 dorum
709 972 774 1028 et
825 960 1355 1028 conlocandorum
1400 969 1465 1024 et
1516 958 2090 1026 concludendorum
2141 957 2345 1022 facilis
2400 970 2503 1024 est

438 1056 542 1122 vel
573 1057 737 1122 ratio
773 1055 875 1121 vel
912 1055 1047 1122 sine
1081 1053 1323 1118 ratione
1357 1053 1501 1138 ipsa
1534 1053 1926 1130 exercitati03
1962 1075 2175 1118 rerum
2200 1062 2300 1116 est
2336 1051 2501 1117 silva

436 1173 700 1238 magna,
755 1170 945 1234 quam
983 1169 1126 1213 cum
1164 1145 1397 1212 Graeci
1428 1145 1557 1210 iam
1590 1169 1720 1210 non
1772 1156 2057 1212 tenerent
2090 1147 2173 1212 ob
2229 1166 2499 1230 eamque

437 1265 700 1310 causam
731 1243 1026 1308 iuventus
1059 1251 1280 1308 nostra
1312 1240 1664 1306 dedisceret
1698 1261 1901 1326 paene
1936 1240 2267 1318 discendo,
2306 1239 2500 1306 etiam

435 1335 684 1414 Latini,
739 1335 797 1401 si
830 1335 929 1401 dis
981 1336 1217 1423 placet,
1270 1334 1393 1400 hoc
1445 1333 1698 1400 biennio
1751 1333 2039 1420 magistri
2090 1332 2342 1398 dicendi
2386 1355 2499 1398 ex-

437 1433 760 1510 stiterunt3
815 1452 976 1515 quos
1021 1453 1143 1517 ego
1197 1451 1425 1495 censor
1466 1428 1672 1494 edicto
1714 1450 1859 1495 meo
1904 1428 2310 1507 sustuleram,
2364 1449 2499 1493 non

436 1549 590 1611 quo,
641 1535 714 1591 ut
755 1525 973 1591 nescio
1027 1546 1186 1608 quos
1241 1524 1451 1590 dicere
1504 1523 1782 1601 aiebant,
1838 1522 1979 1588 acui
2029 1521 2287 1609 ingenia
2338 1521 2501 1586 adu·-

435 1619 810 1688 lescentium
872 1618 1138 1697 nollem,
1206 1618 1322 1684 sed
1381 1627 1601 1684 contra
1656 1616 1914 1704 ingenia
1974 1616 2241 1682 obtundi
2299 1616 2495 1694 nolui,

437 1715 840 1784 conroborari
873 1713 1362 1801 impudentiam3
1398 1735 1553 1778 nam
1576 1712 1745 1799 apud
1773 1709 2077 1790 Graecos,
2114 1710 2497 1776 cuicuimodi

437 1822 678 1889 essent,
733 1809 1028 1876 videbam
1062 1819 1278 1872 tamen
1313 1829 1459 1873 esse
1491 1818 1741 1893 praeter
1774 1806 1939 1872 hanc
1982 1805 2496 1872 exercitationem

435 1905 690 1993 linguae
743 1902 1096 1970 doctrinam
1131 1901 1407 1984 aliquam
1442 1909 1510 1964 et
1542 1901 1931 1968 humanitate
1987 1901 2243 1988 dignam
2284 1900 2495 1965 scien-

436 2000 618 2076 tiam,
671 1997 792 2062 hos
830 2019 980 2060 vero
1017 2016 1219 2060 novos
1254 1994 1595 2081 magistros
1629 1994 1787 2058 nihil
1819 1993 2263 2082 intellegebam
2292 2013 2487 2080 posse

439 2092 698 2167 docere,
749 2087 875 2152 nisi
908 2097 980 2151 ut
1025 2086 1354 2164 auderent3
1410 2087 1581 2170 quod
1635 2088 1827 2154 etiam
1878 2111 2025 2154 cum
2083 2089 2262 2154 bonis
2294 2087 2489 2154 rebus

438 2183 848 2250 coniunctum
886 2203 1001 2268 per
1045 2203 1116 2246 se
1159 2180 1372 2268 ipsum
1414 2191 1515 2246 est
1554 2205 1790 2269 magno
1844 2206 2035 2270 opere
2088 2181 2490 2270 fugiendum:

435 2277 558 2343 hoc
585 2296 731 2340 cum
753 2269 962 2341 unum‘
987 2274 1336 2341 traderetur
1361 2285 1427 2341 et
1462 2298 1613 2341 cum>
1632 2275 2059 2363 impudentiae
2083 2277 2273 2344 ludus
2301 2287 2491 2357 esset,

437 2368 660 2457 putavi
693 2390 838 2435 esse
891 2368 1200 2447 censoris,
1253 2392 1336 2435 ne
1368 2369 1623 2456 longius
1666 2370 1734 2436 id
1776 2382 2086 2458 serperet,
2138 2372 2493 2458 providere.

439 2484 823 2550 quamquam
855 2485 985 2529 non
1018 2462 1178 2530 haec
1212 2463 1303 2528 ita
1338 2474 1546 2530 statuo
1582 2476 1771 2549 atque
1806 2465 2105 2543 decerno,
2160 2476 2237 2532 ut
2268 2466 2497 2553 despe-

437 2582 576 2625 rem
613 2555 850 2623 Latine
896 2578 999 2635 ea,
1056 2557 1154 2633 de,
1189 2557 1418 2643 quibus
1473 2557 1963 2646 disputavimus,
2016 2560 2183 2624 tradi
2224 2581 2301 2625 ac
2348 2582 2495 2647 per-

434 2650 733 2740 per-poliri
773 2674 974 2739 posse,
1028 2652 1263 2737 patitur
1315 2651 1486 2718 enim
1531 2665 1596 2718 et
1643 2653 1864 2739 lingua
1910 2664 2130 2719 nostra
2172 2664 2238 2719 et
2268 2664 2496 2719 natura

433 2768 647 2813 rerum
697 2756 976 2812 veterem
1027 2744 1202 2810 illam
1254 2745 1793 2831 excellentemque
1843 2746 2247 2833 prudentiam
2292 2746 2494 2814 Grae-

438 2861 656 2905 corum
705 2839 788 2905 ad
829 2848 1119 2905 nostrum
1160 2861 1352 2921 usum
1401 2862 1767 2925 moremque
1818 2841 2174 2920 transferri,
2230 2842 2346 2908 sed
2377 2841 2494 2907 ho-

435 2932 712 2997 minibus
749 2954 910 3019 opus
949 2942 1050 2998 est
1083 2933 1373 3011 eruditis,
1430 2933 1539 3017 qui
1574 2934 1781 3001 adhuc
1814 2934 1881 2999 in
1917 2934 2040 3001 hoc
2091 2934 2347 3019 quidem
2380 2958 2495 3021 ge-

435 3048 587 3093 nere
629 3026 833 3092 nostri
874 3025 1032 3096 nulli
1083 3025 1368 3105 fuerunt3
1424 3027 1525 3093 sin
1567 3028 1820 3113 quando
1865 3027 2247 3107 exstiterint,
2300 3028 2495 3093 etiam

441 3118 705 3186 Graecis
743 3131 928 3185 erunt
961 3120 1410 3207 anteponendi.

560 3213 845 3279 Ornatur
894 3211 1089 3301 igitur
1123 3214 1322 3281 oratio
1366 3236 1601 3302 genere
1651 3215 1928 3301 primum
1964 3225 2029 3281 et
2062 3214 2247 3300 quasi
2278 3213 2491 3281 colore

437 3308 713 3391 quodam
747 3316 814 3373 et
845 3328 998 3373 suco
1035 3330 1180 3387 suo;
1233 3331 1383 3373 nam
1416 3319 1490 3373 ut
1538 3308 1784 3395 gravis,
1839 3318 1913 3373 ut
1946 3309 2191 3388 suavis,
2244 3316 2316 3375 ut
2349 3330 2494 3373 eru-

437 3400 570 3467 dita
604 3401 713 3479 sit,
749 3410 820 3465 ut
853 3399 1157 3481 liberalis,
1201 3412 1275 3467 ut
1309 3401 1726 3482 admirabilis,
1771 3414 1843 3469 ut
1872 3402 2098 3490 polita,
2134 3412 2207 3467 ut
2242 3425 2491 3480 sensus,

435 3506 510 3562 ut
543 3496 776 3563 doloris
811 3496 1064 3563 habeat·
1087 3506 1394 3581 quantum
1452 3520 1613 3584 opus
1650 3496 1761 3577 sit,
1798 3520 1928 3564 non
1962 3508 2065 3564 est
2098 3497 2495 3585 singulorum

438 3588 840 3655 articulorum
848 3614 868 3669 3
922 3588 990 3655 in
1035 3600 1168 3657 toto
1223 3602 1591 3677 spectantur
1633 3591 1793 3659 haec
1846 3614 2110 3679 corpore
2117 3617 2137 3670 3
2190 3602 2263 3655 ut
2302 3613 2491 3677 porro

438 3705 786 3770 conspersa
827 3682 911 3749 sit
953 3683 1138 3769 quasi
1189 3684 1529 3751 verborum
1581 3685 2157 3769 sententiarumque
2206 3684 2489 3762 floribus,

436 3778 504 3843 id
537 3800 668 3845 non
701 3778 893 3845 debet
925 3800 1068 3843 esse
1120 3778 1338 3843 fusum
1371 3778 1783 3863 aequabiliter
1815 3802 1929 3866 per
1964 3801 2217 3845 omnem
2260 3777 2495 3845 oratio·

436 3895 604 3950 nem,
643 3871 759 3937 sed
792 3871 884 3937 ita
917 3870 1302 3951 distinctum,
1334 3881 1411 3936 ut
1444 3872 1573 3937 sint
1606 3872 1789 3957 quasi
1822 3873 1889 3939 in
1923 3884 2148 3939 ornatu
2183 3871 2493 3959 disposita

439 3966 755 4047 quaedam
803 3964 1083 4051 insignia
1133 3976 1199 4031 et
1247 3965 1504 4033 lumina.
1590 3989 1793 4054 genus
1845 3967 2039 4055 igitur
2089 3966 2341 4032 dicendi
2391 3976 2491 4031 est

437 4056 828 4140 eligendum,
892 4059 1062 4139 quod
1112 4058 1386 4125 maxime
1450 4069 1663 4126 teneat
1714 4082 1853 4139 eos,
1916 4060 2025 4143 qui
2078 4059 2362 4137 audiant,
2424 4070 2489 4123 et
