<?xml version="1.0" encoding="UTF-8"?>
<!DOCTYPE html PUBLIC "-//W3C//DTD XHTML 1.0 Transitional//EN"
    "http://www.w3.org/TR/xhtml1/DTD/xhtml1-transitional.dtd">
<html xmlns="http://www.w3.org/1999/xhtml" xml:lang="en" lang="en">
 <head>
  <title>
</title>
<meta http-equiv="Content-Type" content="text/html;charset=utf-8" />
  <meta name='ocr-system' content='tesseract 3.04.00' />
  <meta name='ocr-capabilities' content='ocr_page ocr_carea ocr_par ocr_line ocrx_word'/>
</head>
<body>
  <div class='ocr_page' id='page_1' title='image "./mtulliiciceroni11unkngoog_0228.png"; bbox 0 0 2784 4575; ppageno 0'>
   <div class='ocr_carea' id='block_1_1' title="bbox 427 1211 479 1247">
    <p class='ocr_par' dir='ltr' id='par_1_1' title="bbox 427 1211 479 1247">
     <span class='ocr_line' id='line_1_1' title="bbox 427 1211 479 1247; baseline 0 0"><span class='ocrx_word' id='word_1_1' title='bbox 427 1211 479 1247; x_wconf 60' lang='lat' dir='ltr'><strong>‘ft—⁴.</strong></span> 
     </span>
    </p>
   </div>
   <div class='ocr_carea' id='block_1_2' title="bbox 419 3564 467 3600">
    <p class='ocr_par' dir='ltr' id='par_1_2' title="bbox 419 3564 467 3600">
     <span class='ocr_line' id='line_1_2' title="bbox 419 3564 467 3600; baseline 0 0"><span class='ocrx_word' id='word_1_2' title='bbox 419 3564 467 3600; x_wconf 73' lang='grc' dir='ltr'>’ῖξΙ</span> 
     </span>
    </p>
   </div>
   <div class='ocr_carea' id='block_1_3' title="bbox 524 286 1971 359">
    <p class='ocr_par' dir='ltr' id='par_1_3' title="bbox 524 286 1971 359">
     <span class='ocr_line' id='line_1_3' title="bbox 524 286 1971 359; baseline 0.003 -6"><span class='ocrx_word' id='word_1_3' title='bbox 524 286 650 354; x_wconf 82' lang='grc'><strong>176</strong></span> <span class='ocrx_word' id='word_1_4' title='bbox 1132 301 1215 359; x_wconf 88' lang='grc' dir='ltr'><strong>Μ.</strong></span> <span class='ocrx_word' id='word_1_5' title='bbox 1256 300 1531 359; x_wconf 84' lang='lat' dir='ltr'>TULLII</span> <span class='ocrx_word' id='word_1_6' title='bbox 1567 298 1971 359; x_wconf 82' lang='lat' dir='ltr'>CICERONIS</span> 
     </span>
    </p>
   </div>
   <div class='ocr_carea' id='block_1_4' title="bbox 519 420 2599 2121">
    <p class='ocr_par' dir='ltr' id='par_1_4' title="bbox 519 420 2599 2121">
     <span class='ocr_line' id='line_1_4' title="bbox 521 420 2596 512; baseline -0.001 -23"><span class='ocrx_word' id='word_1_7' title='bbox 521 446 650 509; x_wconf 86' lang='lat' dir='ltr'><strong>qua</strong></span> <span class='ocrx_word' id='word_1_8' title='bbox 679 445 750 489; x_wconf 87' lang='lat' dir='ltr'><strong>re</strong></span> <span class='ocrx_word' id='word_1_9' title='bbox 783 423 907 490; x_wconf 92' lang='lat' dir='ltr'><strong>hoc</strong></span> <span class='ocrx_word' id='word_1_10' title='bbox 938 434 1196 511; x_wconf 87' lang='lat' dir='ltr'><strong>propter</strong></span> <span class='ocrx_word' id='word_1_11' title='bbox 1229 424 1355 490; x_wconf 90' lang='lat' dir='ltr'><strong>hoc</strong></span> <span class='ocrx_word' id='word_1_12' title='bbox 1385 424 1526 503; x_wconf 86' lang='lat' dir='ltr'><strong>fiat,</strong></span> <span class='ocrx_word' id='word_1_13' title='bbox 1579 437 1653 489; x_wconf 89' lang='lat' dir='ltr'><strong>ut</strong></span> <span class='ocrx_word' id='word_1_14' title='bbox 1702 435 1959 512; x_wconf 87' lang='lat' dir='ltr'><strong>propter</strong></span> <span class='ocrx_word' id='word_1_15' title='bbox 2013 422 2282 489; x_wconf 86' lang='lat' dir='ltr'><strong>salutem</strong></span> <span class='ocrx_word' id='word_1_16' title='bbox 2314 420 2596 488; x_wconf 79' lang='lat' dir='ltr'><strong>militum</strong></span> 
     </span>
     <span class='ocr_line' id='line_1_5' title="bbox 523 518 2599 605; baseline -0 -22"><span class='ocrx_word' id='word_1_17' title='bbox 523 542 627 595; x_wconf 70' lang='lat' dir='ltr'><strong>ea,</strong></span> <span class='ocrx_word' id='word_1_18' title='bbox 681 541 841 603; x_wconf 89' lang='lat' dir='ltr'><strong>quae</strong></span> <span class='ocrx_word' id='word_1_19' title='bbox 879 518 1101 584; x_wconf 87' lang='lat' dir='ltr'><strong>salutis</strong></span> <span class='ocrx_word' id='word_1_20' title='bbox 1137 540 1333 584; x_wconf 88' lang='lat' dir='ltr'><strong>causa</strong></span> <span class='ocrx_word' id='word_1_21' title='bbox 1367 531 1734 605; x_wconf 88' lang='lat' dir='ltr'><strong>comparata</strong></span> <span class='ocrx_word' id='word_1_22' title='bbox 1767 531 1942 598; x_wconf 87' lang='lat' dir='ltr'><strong>sunt,</strong></span> <span class='ocrx_word' id='word_1_23' title='bbox 1995 518 2285 585; x_wconf 80' lang='lat' dir='ltr'>hostibus</span> <span class='ocrx_word' id='word_1_24' title='bbox 2331 518 2599 582; x_wconf 87' lang='lat' dir='ltr'><strong>tradan-</strong></span> 
     </span>
     <span class='ocr_line' id='line_1_6' title="bbox 523 612 2598 701; baseline 0 -26"><span class='ocrx_word' id='word_1_25' title='bbox 523 631 647 691; x_wconf 56' lang='lat' dir='ltr'><strong>tum</strong></span> <span class='ocrx_word' id='word_1_26' title='bbox 715 624 938 699; x_wconf 88' lang='lat' dir='ltr'><strong>postea</strong></span> <span class='ocrx_word' id='word_1_27' title='bbox 987 634 1354 701; x_wconf 87' lang='lat' dir='ltr'><strong>comparare</strong></span> <span class='ocrx_word' id='word_1_28' title='bbox 1405 615 1721 701; x_wconf 84' lang='lat' dir='ltr'><strong>oportebit</strong></span> <span class='ocrx_word' id='word_1_29' title='bbox 1773 636 1919 681; x_wconf 89' lang='lat' dir='ltr'><strong>cum</strong></span> <span class='ocrx_word' id='word_1_30' title='bbox 1976 613 2285 679; x_wconf 88' lang='lat' dir='ltr'><strong>beneficio</strong></span> <span class='ocrx_word' id='word_1_31' title='bbox 2344 612 2598 677; x_wconf 86' lang='lat' dir='ltr'><strong>malefi-</strong></span> 
     </span>
     <span class='ocr_line' id='line_1_7' title="bbox 523 707 2596 797; baseline 0 -26"><span class='ocrx_word' id='word_1_32' title='bbox 523 711 687 771; x_wconf 59' lang='lat' dir='ltr'><strong>eium</strong></span> <span class='ocrx_word' id='word_1_33' title='bbox 723 719 792 774; x_wconf 90' lang='lat' dir='ltr'><strong>et</strong></span> <span class='ocrx_word' id='word_1_34' title='bbox 825 708 1080 775; x_wconf 91' lang='lat' dir='ltr'><strong>omnino</strong></span> <span class='ocrx_word' id='word_1_35' title='bbox 1115 708 1210 787; x_wconf 90' lang='lat' dir='ltr'><strong>id,</strong></span> <span class='ocrx_word' id='word_1_36' title='bbox 1249 709 1421 794; x_wconf 93' lang='lat' dir='ltr'><strong>quod</strong></span> <span class='ocrx_word' id='word_1_37' title='bbox 1457 719 1785 797; x_wconf 87' lang='lat' dir='ltr'><strong>arguetur,</strong></span> <span class='ocrx_word' id='word_1_38' title='bbox 1822 732 1969 775; x_wconf 92' lang='lat' dir='ltr'><strong>cum</strong></span> <span class='ocrx_word' id='word_1_39' title='bbox 2004 731 2102 786; x_wconf 89' lang='lat' dir='ltr'><strong>eo,</strong></span> <span class='ocrx_word' id='word_1_40' title='bbox 2138 707 2312 793; x_wconf 90' lang='lat' dir='ltr'><strong>quod</strong></span> <span class='ocrx_word' id='word_1_41' title='bbox 2343 708 2596 773; x_wconf 66' lang='lat' dir='ltr'><strong>factum</strong></span> 
     </span>
     <span class='ocr_line' id='line_1_8' title="bbox 527 803 2596 871; baseline -0 -3"><span class='ocrx_word' id='word_1_42' title='bbox 527 807 603 867; x_wconf 69' lang='lat' dir='ltr'><strong>ab</strong></span> <span class='ocrx_word' id='word_1_43' title='bbox 643 803 975 869; x_wconf 81' lang='lat' dir='ltr'><strong>defensore</strong></span> <span class='ocrx_word' id='word_1_44' title='bbox 1008 803 1368 869; x_wconf 85' lang='lat' dir='ltr'><strong>laudabitur</strong></span> <span class='ocrx_word' id='word_1_45' title='bbox 1404 815 1514 870; x_wconf 90' lang='lat' dir='ltr'><strong>aut</strong></span> <span class='ocrx_word' id='word_1_46' title='bbox 1546 804 1909 871; x_wconf 88' lang='lat' dir='ltr'><strong>faciendum</strong></span> <span class='ocrx_word' id='word_1_47' title='bbox 1953 804 2155 870; x_wconf 82' lang='lat' dir='ltr'><strong>fuisse</strong></span> <span class='ocrx_word' id='word_1_48' title='bbox 2192 804 2596 870; x_wconf 82' lang='lat' dir='ltr'><strong>demonstra-</strong></span> 
     </span>
     <span class='ocr_line' id='line_1_9' title="bbox 527 896 2596 985; baseline 0.001 -25"><span class='ocrx_word' id='word_1_49' title='bbox 527 899 716 975; x_wconf 67' lang='lat' dir='ltr'><strong>bitur,</strong></span> <span class='ocrx_word' id='word_1_50' title='bbox 763 896 1143 965; x_wconf 78' lang='lat' dir='ltr'><strong>contendere</strong></span> <span class='ocrx_word' id='word_1_51' title='bbox 1179 909 1245 962; x_wconf 90' lang='lat' dir='ltr'><strong>et</strong></span> <span class='ocrx_word' id='word_1_52' title='bbox 1278 898 1402 965; x_wconf 88' lang='lat' dir='ltr'><strong>hoc</strong></span> <span class='ocrx_word' id='word_1_53' title='bbox 1437 900 1839 965; x_wconf 86' lang='lat' dir='ltr'><strong>extenuando</strong></span> <span class='ocrx_word' id='word_1_54' title='bbox 1873 898 2167 964; x_wconf 85' lang='lat' dir='ltr'><strong>maleficii</strong></span> <span class='ocrx_word' id='word_1_55' title='bbox 2201 897 2596 985; x_wconf 85' lang='lat' dir='ltr'><strong>magnitudi-</strong></span> 
     </span>
     <span class='ocr_line' id='line_1_10' title="bbox 523 991 2593 1082; baseline 0 -26"><span class='ocrx_word' id='word_1_56' title='bbox 523 1019 667 1056; x_wconf 71' lang='lat' dir='ltr'><strong>nem</strong></span> <span class='ocrx_word' id='word_1_57' title='bbox 715 991 904 1058; x_wconf 87' lang='lat' dir='ltr'><strong>simul</strong></span> <span class='ocrx_word' id='word_1_58' title='bbox 947 992 1294 1079; x_wconf 85' lang='lat' dir='ltr'><strong>adaugere3</strong></span> <span class='ocrx_word' id='word_1_59' title='bbox 1347 993 1419 1058; x_wconf 88' lang='lat' dir='ltr'><strong>id</strong></span> <span class='ocrx_word' id='word_1_60' title='bbox 1459 994 1597 1060; x_wconf 87' lang='lat' dir='ltr'><strong>fieri</strong></span> <span class='ocrx_word' id='word_1_61' title='bbox 1637 994 1895 1082; x_wconf 89' lang='lat' dir='ltr'><strong>poterit,</strong></span> <span class='ocrx_word' id='word_1_62' title='bbox 1953 994 2008 1059; x_wconf 88' lang='lat' dir='ltr'><strong>si</strong></span> <span class='ocrx_word' id='word_1_63' title='bbox 2029 991 2593 1066; x_wconf 89' lang='lat' dir='ltr'><strong>demonstrabitur</strong></span> 
     </span>
     <span class='ocr_line' id='line_1_11' title="bbox 523 1087 2593 1180; baseline 0 -29"><span class='ocrx_word' id='word_1_64' title='bbox 523 1087 881 1166; x_wconf 61' lang='lat' dir='ltr'><strong>honestius,</strong></span> <span class='ocrx_word' id='word_1_65' title='bbox 933 1087 1182 1180; x_wconf 73' lang='lat' dir='ltr'><strong>utilius,</strong></span> <span class='ocrx_word' id='word_1_66' title='bbox 1236 1089 1446 1175; x_wconf 85' lang='lat' dir='ltr'><strong>magis</strong></span> <span class='ocrx_word' id='word_1_67' title='bbox 1481 1089 1911 1156; x_wconf 86' lang='lat' dir='ltr'><strong>necessarium</strong></span> <span class='ocrx_word' id='word_1_68' title='bbox 1946 1089 2146 1154; x_wconf 86' lang='lat' dir='ltr'><strong>fuisse</strong></span> <span class='ocrx_word' id='word_1_69' title='bbox 2180 1088 2367 1165; x_wconf 89' lang='lat' dir='ltr'><strong>illud,</strong></span> <span class='ocrx_word' id='word_1_70' title='bbox 2413 1088 2593 1171; x_wconf 90' lang='lat' dir='ltr'><strong>quod</strong></span> 
     </span>
     <span class='ocr_line' id='line_1_12' title="bbox 527 1180 2593 1273; baseline 0.001 -30"><span class='ocrx_word' id='word_1_71' title='bbox 527 1183 732 1247; x_wconf 61' lang='lat' dir='ltr'><strong>vitarit</strong></span> <span class='ocrx_word' id='word_1_72' title='bbox 764 1204 941 1261; x_wconf 87' lang='lat' dir='ltr'><strong>reus,</strong></span> <span class='ocrx_word' id='word_1_73' title='bbox 995 1203 1189 1267; x_wconf 90' lang='lat' dir='ltr'><strong>quam</strong></span> <span class='ocrx_word' id='word_1_74' title='bbox 1222 1182 1408 1262; x_wconf 90' lang='lat' dir='ltr'><strong>illud,</strong></span> <span class='ocrx_word' id='word_1_75' title='bbox 1444 1182 1617 1268; x_wconf 89' lang='lat' dir='ltr'><strong>quod</strong></span> <span class='ocrx_word' id='word_1_76' title='bbox 1651 1183 1871 1250; x_wconf 84' lang='lat' dir='ltr'><strong>fecerit</strong></span> <span class='ocrx_word' id='word_1_77' title='bbox 1878 1209 1897 1262; x_wconf 86' lang='lat'><em>3</em></span> <span class='ocrx_word' id='word_1_78' title='bbox 1958 1180 2238 1273; x_wconf 80' lang='lat' dir='ltr'><strong>[honesti</strong></span> <span class='ocrx_word' id='word_1_79' title='bbox 2269 1192 2489 1248; x_wconf 86' lang='lat' dir='ltr'><strong>‘autem</strong></span> <span class='ocrx_word' id='word_1_80' title='bbox 2523 1192 2593 1246; x_wconf 90' lang='lat' dir='ltr'><strong>et</strong></span> 
     </span>
     <span class='ocr_line' id='line_1_13' title="bbox 523 1276 2591 1364; baseline 0 -25"><span class='ocrx_word' id='word_1_81' title='bbox 523 1279 691 1339; x_wconf 76' lang='lat' dir='ltr'><strong>utilis</strong></span> <span class='ocrx_word' id='word_1_82' title='bbox 737 1286 803 1341; x_wconf 87' lang='lat' dir='ltr'><strong>et</strong></span> <span class='ocrx_word' id='word_1_83' title='bbox 843 1276 1190 1343; x_wconf 82' lang='lat' dir='ltr'><strong>necessarii</strong></span> <span class='ocrx_word' id='word_1_84' title='bbox 1238 1276 1340 1342; x_wconf 84' lang='lat' dir='ltr'><strong>vis</strong></span> <span class='ocrx_word' id='word_1_85' title='bbox 1385 1287 1452 1342; x_wconf 90' lang='lat' dir='ltr'><strong>et</strong></span> <span class='ocrx_word' id='word_1_86' title='bbox 1491 1287 1719 1343; x_wconf 84' lang='lat' dir='ltr'><strong>natura</strong></span> <span class='ocrx_word' id='word_1_87' title='bbox 1760 1278 1829 1342; x_wconf 91' lang='lat' dir='ltr'><strong>in</strong></span> <span class='ocrx_word' id='word_1_88' title='bbox 1881 1276 2348 1343; x_wconf 79' lang='lat' dir='ltr'><strong>deliberationis</strong></span> <span class='ocrx_word' id='word_1_89' title='bbox 2399 1298 2591 1364; x_wconf 86' lang='lat' dir='ltr'><strong>prae-</strong></span> 
     </span>
     <span class='ocr_line' id='line_1_14' title="bbox 527 1369 2593 1458; baseline 0.002 -27"><span class='ocrx_word' id='word_1_90' title='bbox 527 1371 722 1455; x_wconf 55' lang='lat' dir='ltr'><strong>septis</strong></span> <span class='ocrx_word' id='word_1_91' title='bbox 767 1369 1247 1457; x_wconf 84' lang='lat' dir='ltr'><strong>cognoscetur‚]</strong></span> <span class='ocrx_word' id='word_1_92' title='bbox 1306 1371 1535 1436; x_wconf 90' lang='lat' dir='ltr'><strong>deinde</strong></span> <span class='ocrx_word' id='word_1_93' title='bbox 1587 1372 1902 1458; x_wconf 87' lang='lat' dir='ltr'><strong>oportebit</strong></span> <span class='ocrx_word' id='word_1_94' title='bbox 1942 1372 2151 1458; x_wconf 88' lang='lat' dir='ltr'><strong>ipsam</strong></span> <span class='ocrx_word' id='word_1_95' title='bbox 2192 1371 2369 1437; x_wconf 88' lang='lat' dir='ltr'><strong>illam</strong></span> <span class='ocrx_word' id='word_1_96' title='bbox 2412 1392 2593 1436; x_wconf 85' lang='lat' dir='ltr'><strong>com-</strong></span> 
     </span>
     <span class='ocr_line' id='line_1_15' title="bbox 527 1464 2592 1553; baseline 0.004 -30"><span class='ocrx_word' id='word_1_97' title='bbox 527 1464 871 1547; x_wconf 51' lang='lat' dir='ltr'><strong>parativam</strong></span> <span class='ocrx_word' id='word_1_98' title='bbox 904 1464 1355 1532; x_wconf 84' lang='lat' dir='ltr'><strong>iudicationem</strong></span> <span class='ocrx_word' id='word_1_99' title='bbox 1399 1488 1716 1553; x_wconf 84' lang='lat' dir='ltr'><strong>exponere</strong></span> <span class='ocrx_word' id='word_1_100' title='bbox 1763 1476 2086 1550; x_wconf 78' lang='lat' dir='ltr'><strong>tamquam</strong></span> <span class='ocrx_word' id='word_1_101' title='bbox 2132 1486 2392 1530; x_wconf 85' lang='lat' dir='ltr'><strong>causam</strong></span> <span class='ocrx_word' id='word_1_102' title='bbox 2429 1465 2592 1531; x_wconf 87' lang='lat' dir='ltr'><strong>deli-</strong></span> 
     </span>
     <span class='ocr_line' id='line_1_16' title="bbox 527 1562 2588 1650; baseline 0.001 -25"><span class='ocrx_word' id='word_1_103' title='bbox 527 1563 870 1627; x_wconf 64' lang='lat' dir='ltr'><strong>berativam</strong></span> <span class='ocrx_word' id='word_1_104' title='bbox 923 1572 990 1627; x_wconf 91' lang='lat' dir='ltr'><strong>et</strong></span> <span class='ocrx_word' id='word_1_105' title='bbox 1031 1562 1110 1627; x_wconf 86' lang='lat' dir='ltr'><strong>de</strong></span> <span class='ocrx_word' id='word_1_106' title='bbox 1156 1585 1234 1627; x_wconf 90' lang='lat' dir='ltr'><strong>ea</strong></span> <span class='ocrx_word' id='word_1_107' title='bbox 1287 1586 1368 1628; x_wconf 85' lang='lat' dir='ltr'><strong>ex</strong></span> <span class='ocrx_word' id='word_1_108' title='bbox 1421 1562 1890 1629; x_wconf 81' lang='lat' dir='ltr'><strong>deliberationis</strong></span> <span class='ocrx_word' id='word_1_109' title='bbox 1943 1562 2298 1650; x_wconf 80' lang='lat' dir='ltr'><strong>praeceptis</strong></span> <span class='ocrx_word' id='word_1_110' title='bbox 2352 1562 2588 1628; x_wconf 81' lang='lat' dir='ltr'><strong>dicere.</strong></span> 
     </span>
     <span class='ocr_line' id='line_1_17' title="bbox 527 1654 2592 1743; baseline 0.001 -24"><span class='ocrx_word' id='word_1_111' title='bbox 527 1659 603 1719; x_wconf 72' lang='lat' dir='ltr'><strong>,it</strong></span> <span class='ocrx_word' id='word_1_112' title='bbox 659 1654 824 1723; x_wconf 72' lang='lat' dir='ltr'><strong>enim</strong></span> <span class='ocrx_word' id='word_1_113' title='bbox 874 1655 1035 1721; x_wconf 90' lang='lat' dir='ltr'><strong>haec</strong></span> <span class='ocrx_word' id='word_1_114' title='bbox 1086 1656 1415 1734; x_wconf 90' lang='lat' dir='ltr'><strong>iudicatio,</strong></span> <span class='ocrx_word' id='word_1_115' title='bbox 1482 1679 1673 1741; x_wconf 91' lang='lat' dir='ltr'><strong>quam</strong></span> <span class='ocrx_word' id='word_1_116' title='bbox 1726 1668 1872 1722; x_wconf 88' lang='lat' dir='ltr'><strong>ante</strong></span> <span class='ocrx_word' id='word_1_117' title='bbox 1936 1658 2374 1743; x_wconf 85' lang='lat' dir='ltr'><strong>exposuimus:</strong></span> <span class='ocrx_word' id='word_1_118' title='bbox 2440 1678 2592 1721; x_wconf 91' lang='lat' dir='ltr'><strong>cum</strong></span> 
     </span>
     <span class='ocr_line' id='line_1_18' title="bbox 523 1749 2589 1838; baseline 0.001 -25"><span class='ocrx_word' id='word_1_119' title='bbox 523 1774 740 1816; x_wconf 61' lang='lat' dir='ltr'><strong>[nunes</strong></span> <span class='ocrx_word' id='word_1_120' title='bbox 795 1750 1060 1838; x_wconf 88' lang='lat' dir='ltr'><strong>perituri</strong></span> <span class='ocrx_word' id='word_1_121' title='bbox 1109 1749 1342 1816; x_wconf 87' lang='lat' dir='ltr'><strong>milites</strong></span> <span class='ocrx_word' id='word_1_122' title='bbox 1397 1763 1642 1830; x_wconf 88' lang='lat' dir='ltr'><strong>essent,</strong></span> <span class='ocrx_word' id='word_1_123' title='bbox 1696 1750 1822 1816; x_wconf 86' lang='lat' dir='ltr'><strong>nisi</strong></span> <span class='ocrx_word' id='word_1_124' title='bbox 1875 1751 1959 1816; x_wconf 91' lang='lat' dir='ltr'><strong>ad</strong></span> <span class='ocrx_word' id='word_1_125' title='bbox 2008 1750 2173 1816; x_wconf 87' lang='lat' dir='ltr'><strong>hanc</strong></span> <span class='ocrx_word' id='word_1_126' title='bbox 2224 1750 2589 1838; x_wconf 80' lang='lat' dir='ltr'><strong>pactionem</strong></span> 
     </span>
     <span class='ocr_line' id='line_1_19' title="bbox 523 1844 2587 1931; baseline 0.002 -27"><span class='ocrx_word' id='word_1_127' title='bbox 523 1847 871 1923; x_wconf 55' lang='lat' dir='ltr'><strong>venissent,</strong></span> <span class='ocrx_word' id='word_1_128' title='bbox 926 1855 1138 1909; x_wconf 89' lang='lat' dir='ltr'><strong>utrum</strong></span> <span class='ocrx_word' id='word_1_129' title='bbox 1175 1845 1374 1911; x_wconf 86' lang='lat' dir='ltr'><strong>satius</strong></span> <span class='ocrx_word' id='word_1_130' title='bbox 1411 1844 1604 1910; x_wconf 85' lang='lat' dir='ltr'><strong>fuerit</strong></span> <span class='ocrx_word' id='word_1_131' title='bbox 1653 1846 1861 1931; x_wconf 87' lang='lat' dir='ltr'><strong>perire</strong></span> <span class='ocrx_word' id='word_1_132' title='bbox 1902 1845 2135 1911; x_wconf 88' lang='lat' dir='ltr'><strong>milites</strong></span> <span class='ocrx_word' id='word_1_133' title='bbox 2182 1870 2263 1911; x_wconf 89' lang='lat' dir='ltr'><strong>an</strong></span> <span class='ocrx_word' id='word_1_134' title='bbox 2300 1845 2384 1910; x_wconf 91' lang='lat' dir='ltr'><strong>ad</strong></span> <span class='ocrx_word' id='word_1_135' title='bbox 2415 1846 2587 1909; x_wconf 89' lang='lat' dir='ltr'><strong>hanc</strong></span> 
     </span>
     <span class='ocr_line' id='line_1_20' title="bbox 519 1938 2586 2025; baseline 0 -22"><span class='ocrx_word' id='word_1_136' title='bbox 519 1963 635 2023; x_wconf 64' lang='lat' dir='ltr'><strong>pat]</strong></span> <span class='ocrx_word' id='word_1_137' title='bbox 643 1939 877 2004; x_wconf 73' lang='lat' dir='ltr'><strong>tionem</strong></span> <span class='ocrx_word' id='word_1_138' title='bbox 919 1938 1174 2003; x_wconf 82' lang='lat' dir='ltr'><strong>venire?</strong></span> <span class='ocrx_word' id='word_1_139' title='bbox 1230 1938 1354 2003; x_wconf 90' lang='lat' dir='ltr'><strong>hoc</strong></span> <span class='ocrx_word' id='word_1_140' title='bbox 1388 1961 1470 2003; x_wconf 87' lang='lat' dir='ltr'><strong>ex</strong></span> <span class='ocrx_word' id='word_1_141' title='bbox 1503 1939 1660 2005; x_wconf 90' lang='lat' dir='ltr'><strong>locis</strong></span> <span class='ocrx_word' id='word_1_142' title='bbox 1699 1940 2165 2006; x_wconf 83' lang='lat' dir='ltr'><strong>deliberationis</strong></span> <span class='ocrx_word' id='word_1_143' title='bbox 2178 1988 2196 2019; x_wconf 91' lang='lat'><strong>,</strong></span> <span class='ocrx_word' id='word_1_144' title='bbox 2250 1940 2435 2025; x_wconf 88' lang='lat' dir='ltr'><strong>quasi</strong></span> <span class='ocrx_word' id='word_1_145' title='bbox 2470 1940 2586 2004; x_wconf 88' lang='lat' dir='ltr'><strong>ali-</strong></span> 
     </span>
     <span class='ocr_line' id='line_1_21' title="bbox 523 2031 2583 2121; baseline 0.002 -26"><span class='ocrx_word' id='word_1_146' title='bbox 523 2055 711 2115; x_wconf 64' lang='lat' dir='ltr'><strong>[pfflm</strong></span> <span class='ocrx_word' id='word_1_147' title='bbox 762 2031 831 2095; x_wconf 90' lang='lat' dir='ltr'><strong>in</strong></span> <span class='ocrx_word' id='word_1_148' title='bbox 884 2031 1415 2097; x_wconf 87' lang='lat' dir='ltr'><strong>consultationem</strong></span> <span class='ocrx_word' id='word_1_149' title='bbox 1464 2056 1569 2098; x_wconf 88' lang='lat' dir='ltr'><strong>res</strong></span> <span class='ocrx_word' id='word_1_150' title='bbox 1625 2034 1869 2113; x_wconf 86' lang='lat' dir='ltr'><strong>veniat,</strong></span> <span class='ocrx_word' id='word_1_151' title='bbox 1932 2034 2187 2099; x_wconf 87' lang='lat' dir='ltr'><strong>tractari</strong></span> <span class='ocrx_word' id='word_1_152' title='bbox 2246 2034 2583 2121; x_wconf 84' lang='lat' dir='ltr'><strong>oportebit.</strong></span> 
     </span>
    </p>
   </div>
   <div class='ocr_carea' id='block_1_5' title="bbox 419 2125 2586 2209">
    <p class='ocr_par' dir='ltr' id='par_1_5' title="bbox 419 2125 2586 2209">
     <span class='ocr_line' id='line_1_22' title="bbox 419 2125 2586 2209; baseline 0 -18"><span class='ocrx_word' id='word_1_153' title='bbox 419 2139 447 2191; x_wconf 66' lang='grc' dir='ltr'>Ξ</span> <span class='ocrx_word' id='word_1_154' title='bbox 523 2127 820 2191; x_wconf 60' lang='lat' dir='ltr'><strong>defensor</strong></span> <span class='ocrx_word' id='word_1_155' title='bbox 856 2135 1096 2202; x_wconf 88' lang='lat' dir='ltr'><strong>autem,</strong></span> <span class='ocrx_word' id='word_1_156' title='bbox 1145 2125 1373 2209; x_wconf 85' lang='lat' dir='ltr'><strong>quibus</strong></span> <span class='ocrx_word' id='word_1_157' title='bbox 1410 2126 1479 2191; x_wconf 91' lang='lat' dir='ltr'><strong>in</strong></span> <span class='ocrx_word' id='word_1_158' title='bbox 1511 2127 1669 2194; x_wconf 86' lang='lat' dir='ltr'><strong>locis</strong></span> <span class='ocrx_word' id='word_1_159' title='bbox 1708 2130 1789 2194; x_wconf 91' lang='lat' dir='ltr'><strong>ab</strong></span> <span class='ocrx_word' id='word_1_160' title='bbox 1834 2139 2198 2194; x_wconf 83' lang='lat' dir='ltr'><strong>accusatore</strong></span> <span class='ocrx_word' id='word_1_161' title='bbox 2234 2128 2395 2194; x_wconf 87' lang='lat' dir='ltr'><strong>aliae</strong></span> <span class='ocrx_word' id='word_1_162' title='bbox 2433 2149 2586 2193; x_wconf 90' lang='lat' dir='ltr'><strong>con-</strong></span> 
     </span>
    </p>
   </div>
   <div class='ocr_carea' id='block_1_6' title="bbox 523 2219 2586 2498">
    <p class='ocr_par' dir='ltr' id='par_1_6' title="bbox 523 2219 2586 2498">
     <span class='ocr_line' id='line_1_23' title="bbox 523 2219 2584 2311; baseline 0.003 -31"><span class='ocrx_word' id='word_1_163' title='bbox 523 2219 879 2283; x_wconf 67' lang='lat' dir='ltr'><strong>stitutiones</strong></span> <span class='ocrx_word' id='word_1_164' title='bbox 925 2229 1110 2284; x_wconf 87' lang='lat' dir='ltr'><strong>erunt</strong></span> <span class='ocrx_word' id='word_1_165' title='bbox 1151 2219 1476 2299; x_wconf 87' lang='lat' dir='ltr'><strong>inductae,</strong></span> <span class='ocrx_word' id='word_1_166' title='bbox 1528 2222 1598 2286; x_wconf 92' lang='lat' dir='ltr'><strong>in</strong></span> <span class='ocrx_word' id='word_1_167' title='bbox 1632 2223 1726 2289; x_wconf 87' lang='lat' dir='ltr'><strong>eis</strong></span> <span class='ocrx_word' id='word_1_168' title='bbox 1760 2221 1900 2311; x_wconf 87' lang='lat' dir='ltr'><strong>ipse</strong></span> <span class='ocrx_word' id='word_1_169' title='bbox 1934 2243 2184 2309; x_wconf 90' lang='lat' dir='ltr'><strong>quoque</strong></span> <span class='ocrx_word' id='word_1_170' title='bbox 2221 2244 2305 2289; x_wconf 85' lang='lat' dir='ltr'><strong>ex</strong></span> <span class='ocrx_word' id='word_1_171' title='bbox 2338 2222 2584 2289; x_wconf 86' lang='lat' dir='ltr'><strong>eisdem</strong></span> 
     </span>
     <span class='ocr_line' id='line_1_24' title="bbox 523 2311 2586 2404; baseline 0.003 -29"><span class='ocrx_word' id='word_1_172' title='bbox 523 2311 1070 2379; x_wconf 51' lang='lat' dir='ltr'><strong>&amp;tinstitutionibus</strong></span> <span class='ocrx_word' id='word_1_173' title='bbox 1117 2315 1554 2382; x_wconf 88' lang='lat' dir='ltr'><strong>defensionem</strong></span> <span class='ocrx_word' id='word_1_174' title='bbox 1605 2317 1999 2404; x_wconf 87' lang='lat' dir='ltr'><strong>comparabit</strong></span> <span class='ocrx_word' id='word_1_175' title='bbox 2005 2343 2024 2396; x_wconf 87' lang='lat'>3</span> <span class='ocrx_word' id='word_1_176' title='bbox 2078 2327 2321 2383; x_wconf 87' lang='lat' dir='ltr'><strong>ceteros</strong></span> <span class='ocrx_word' id='word_1_177' title='bbox 2370 2328 2586 2383; x_wconf 90' lang='lat' dir='ltr'><strong>autem</strong></span> 
     </span>
     <span class='ocr_line' id='line_1_25' title="bbox 523 2406 2582 2498; baseline 0.002 -27"><span class='ocrx_word' id='word_1_178' title='bbox 523 2407 724 2471; x_wconf 66' lang='lat' dir='ltr'><strong>[nimis</strong></span> <span class='ocrx_word' id='word_1_179' title='bbox 778 2406 984 2486; x_wconf 88' lang='lat' dir='ltr'><strong>locos,</strong></span> <span class='ocrx_word' id='word_1_180' title='bbox 1040 2409 1149 2492; x_wconf 91' lang='lat' dir='ltr'><strong>qui</strong></span> <span class='ocrx_word' id='word_1_181' title='bbox 1194 2410 1280 2474; x_wconf 87' lang='lat' dir='ltr'><strong>ad</strong></span> <span class='ocrx_word' id='word_1_182' title='bbox 1318 2411 1528 2497; x_wconf 84' lang='lat' dir='ltr'><strong>ipsam</strong></span> <span class='ocrx_word' id='word_1_183' title='bbox 1579 2411 2114 2498; x_wconf 87' lang='lat' dir='ltr'><strong>comparationem</strong></span> <span class='ocrx_word' id='word_1_184' title='bbox 2154 2411 2582 2498; x_wconf 85' lang='lat' dir='ltr'><strong>pertinebunt,</strong></span> 
     </span>
    </p>
   </div>
   <div class='ocr_carea' id='block_1_7' title="bbox 427 2503 2585 2572">
    <p class='ocr_par' dir='ltr' id='par_1_7' title="bbox 427 2503 2585 2572">
     <span class='ocr_line' id='line_1_26' title="bbox 427 2503 2585 2572; baseline 0.003 -8"><span class='ocrx_word' id='word_1_185' title='bbox 427 2527 447 2564; x_wconf 72' lang='grc' dir='ltr'><strong>τ</strong></span> <span class='ocrx_word' id='word_1_186' title='bbox 519 2527 599 2568; x_wconf 59' lang='grc' dir='ltr'><strong>εκ</strong></span> <span class='ocrx_word' id='word_1_187' title='bbox 637 2503 947 2568; x_wconf 71' lang='lat' dir='ltr'><strong>eunti-ario</strong></span> <span class='ocrx_word' id='word_1_188' title='bbox 992 2505 1302 2569; x_wconf 85' lang='lat' dir='ltr'><strong>tractabit.</strong></span> <span class='ocrx_word' id='word_1_189' title='bbox 1390 2505 1516 2571; x_wconf 94' lang='lat' dir='ltr'><strong>loci</strong></span> <span class='ocrx_word' id='word_1_190' title='bbox 1551 2527 1916 2572; x_wconf 89' lang='lat' dir='ltr'><strong>communes</strong></span> <span class='ocrx_word' id='word_1_191' title='bbox 1952 2506 2019 2571; x_wconf 94' lang='lat' dir='ltr'><strong>hi</strong></span> <span class='ocrx_word' id='word_1_192' title='bbox 2064 2516 2273 2572; x_wconf 85' lang='lat' dir='ltr'><strong>erunt:</strong></span> <span class='ocrx_word' id='word_1_193' title='bbox 2321 2527 2585 2571; x_wconf 49' lang='lat' dir='ltr'><strong>accusae</strong></span> 
     </span>
    </p>
   </div>
   <div class='ocr_carea' id='block_1_8' title="bbox 515 2597 2586 4192">
    <p class='ocr_par' dir='ltr' id='par_1_8' title="bbox 515 2597 2586 3980">
     <span class='ocr_line' id='line_1_27' title="bbox 519 2597 2586 2688; baseline 0.002 -28"><span class='ocrx_word' id='word_1_194' title='bbox 519 2600 699 2676; x_wconf 65' lang='lat' dir='ltr'><strong>turia,</strong></span> <span class='ocrx_word' id='word_1_195' title='bbox 745 2597 813 2662; x_wconf 91' lang='lat' dir='ltr'><strong>in</strong></span> <span class='ocrx_word' id='word_1_196' title='bbox 860 2619 1034 2675; x_wconf 91' lang='lat' dir='ltr'><strong>eum,</strong></span> <span class='ocrx_word' id='word_1_197' title='bbox 1089 2599 1226 2682; x_wconf 91' lang='lat' dir='ltr'><strong>qui,</strong></span> <span class='ocrx_word' id='word_1_198' title='bbox 1280 2620 1427 2665; x_wconf 92' lang='lat' dir='ltr'><strong>cum</strong></span> <span class='ocrx_word' id='word_1_199' title='bbox 1462 2601 1541 2666; x_wconf 92' lang='lat' dir='ltr'><strong>de</strong></span> <span class='ocrx_word' id='word_1_200' title='bbox 1577 2601 1747 2667; x_wconf 87' lang='lat' dir='ltr'><strong>facto</strong></span> <span class='ocrx_word' id='word_1_201' title='bbox 1784 2601 1951 2688; x_wconf 87' lang='lat' dir='ltr'><strong>turpi</strong></span> <span class='ocrx_word' id='word_1_202' title='bbox 1987 2600 2197 2685; x_wconf 88' lang='lat' dir='ltr'><strong>aliquo</strong></span> <span class='ocrx_word' id='word_1_203' title='bbox 2234 2612 2345 2666; x_wconf 89' lang='lat' dir='ltr'><strong>aut</strong></span> <span class='ocrx_word' id='word_1_204' title='bbox 2376 2600 2586 2666; x_wconf 85' lang='lat' dir='ltr'><strong>inutili</strong></span> 
     </span>
     <span class='ocr_line' id='line_1_28' title="bbox 519 2689 2585 2779; baseline 0.004 -27"><span class='ocrx_word' id='word_1_205' title='bbox 519 2704 623 2754; x_wconf 71' lang='lat' dir='ltr'><strong>aut</strong></span> <span class='ocrx_word' id='word_1_206' title='bbox 675 2702 945 2776; x_wconf 83' lang='lat' dir='ltr'><strong>utroque</strong></span> <span class='ocrx_word' id='word_1_207' title='bbox 997 2689 1297 2771; x_wconf 86' lang='lat' dir='ltr'><strong>fateatur,</strong></span> <span class='ocrx_word' id='word_1_208' title='bbox 1353 2706 1618 2779; x_wconf 89' lang='lat' dir='ltr'><strong>quaerat</strong></span> <span class='ocrx_word' id='word_1_209' title='bbox 1668 2705 1881 2761; x_wconf 89' lang='lat' dir='ltr'><strong>tamen</strong></span> <span class='ocrx_word' id='word_1_210' title='bbox 1934 2694 2211 2779; x_wconf 88' lang='lat' dir='ltr'><strong>aliquam</strong></span> <span class='ocrx_word' id='word_1_211' title='bbox 2262 2695 2585 2760; x_wconf 84' lang='lat' dir='ltr'><strong>defensio-</strong></span> 
     </span>
     <span class='ocr_line' id='line_1_29' title="bbox 519 2782 2585 2878; baseline 0.003 -30"><span class='ocrx_word' id='word_1_212' title='bbox 519 2812 683 2864; x_wconf 61' lang='lat' dir='ltr'><strong>nem,</strong></span> <span class='ocrx_word' id='word_1_213' title='bbox 722 2782 818 2873; x_wconf 86' lang='lat' dir='ltr'><strong>[et</strong></span> <span class='ocrx_word' id='word_1_214' title='bbox 850 2786 1004 2851; x_wconf 89' lang='lat' dir='ltr'><strong>facti</strong></span> <span class='ocrx_word' id='word_1_215' title='bbox 1029 2786 1434 2853; x_wconf 84' lang='lat' dir='ltr'><strong>inutilitatem</strong></span> <span class='ocrx_word' id='word_1_216' title='bbox 1461 2800 1571 2854; x_wconf 88' lang='lat' dir='ltr'><strong>aut</strong></span> <span class='ocrx_word' id='word_1_217' title='bbox 1597 2787 2077 2876; x_wconf 85' lang='lat' dir='ltr'><strong>turpitudinem]</strong></span> <span class='ocrx_word' id='word_1_218' title='bbox 2117 2811 2263 2854; x_wconf 92' lang='lat' dir='ltr'><strong>cum</strong></span> <span class='ocrx_word' id='word_1_219' title='bbox 2288 2789 2585 2878; x_wconf 84' lang='lat' dir='ltr'><strong>indigna-</strong></span> 
     </span>
     <span class='ocr_line' id='line_1_30' title="bbox 523 2878 2584 2970; baseline 0.004 -30"><span class='ocrx_word' id='word_1_220' title='bbox 523 2880 717 2956; x_wconf 66' lang='grc' dir='ltr'>τίῡηες</span> <span class='ocrx_word' id='word_1_221' title='bbox 774 2878 1128 2946; x_wconf 85' lang='lat' dir='ltr'><strong>defensoris</strong></span> <span class='ocrx_word' id='word_1_222' title='bbox 1166 2891 1293 2958; x_wconf 88' lang='lat' dir='ltr'><strong>est,</strong></span> <span class='ocrx_word' id='word_1_223' title='bbox 1344 2883 1590 2947; x_wconf 90' lang='lat' dir='ltr'><strong>nullum</strong></span> <span class='ocrx_word' id='word_1_224' title='bbox 1625 2883 1866 2948; x_wconf 84' lang='lat' dir='ltr'><strong>factum</strong></span> <span class='ocrx_word' id='word_1_225' title='bbox 1900 2883 2119 2948; x_wconf 87' lang='lat' dir='ltr'><strong>inutile</strong></span> <span class='ocrx_word' id='word_1_226' title='bbox 2153 2905 2360 2967; x_wconf 91' lang='lat' dir='ltr'><strong>neque</strong></span> <span class='ocrx_word' id='word_1_227' title='bbox 2396 2894 2584 2970; x_wconf 87' lang='lat' dir='ltr'><strong>turpe</strong></span> 
     </span>
     <span class='ocr_line' id='line_1_31' title="bbox 523 2973 2583 3064; baseline 0.004 -32"><span class='ocrx_word' id='word_1_228' title='bbox 523 2996 722 3052; x_wconf 71' lang='lat' dir='ltr'><strong>neque</strong></span> <span class='ocrx_word' id='word_1_229' title='bbox 764 2973 918 3038; x_wconf 89' lang='lat' dir='ltr'><strong>item</strong></span> <span class='ocrx_word' id='word_1_230' title='bbox 968 2974 1124 3040; x_wconf 92' lang='lat' dir='ltr'><strong>utile</strong></span> <span class='ocrx_word' id='word_1_231' title='bbox 1167 2997 1374 3059; x_wconf 91' lang='lat' dir='ltr'><strong>neque</strong></span> <span class='ocrx_word' id='word_1_232' title='bbox 1418 2976 1759 3042; x_wconf 90' lang='lat' dir='ltr'><strong>honestum</strong></span> <span class='ocrx_word' id='word_1_233' title='bbox 1809 2978 2018 3064; x_wconf 86' lang='lat' dir='ltr'><strong>putari</strong></span> <span class='ocrx_word' id='word_1_234' title='bbox 2062 2988 2349 3063; x_wconf 87' lang='lat' dir='ltr'><strong>oportere</strong></span> <span class='ocrx_word' id='word_1_235' title='bbox 2362 3026 2379 3054; x_wconf 93' lang='lat'><strong>,</strong></span> <span class='ocrx_word' id='word_1_236' title='bbox 2433 2978 2583 3056; x_wconf 89' lang='lat' dir='ltr'><strong>nisi,</strong></span> 
     </span>
     <span class='ocr_line' id='line_1_32' title="bbox 519 3066 2585 3156; baseline 0.004 -29"><span class='ocrx_word' id='word_1_237' title='bbox 519 3088 643 3148; x_wconf 60' lang='lat' dir='ltr'><strong>qum</strong></span> <span class='ocrx_word' id='word_1_238' title='bbox 675 3066 901 3145; x_wconf 74' lang='lat' dir='ltr'><strong>animo,</strong></span> <span class='ocrx_word' id='word_1_239' title='bbox 938 3090 1064 3153; x_wconf 91' lang='lat' dir='ltr'><strong>quo</strong></span> <span class='ocrx_word' id='word_1_240' title='bbox 1093 3079 1400 3156; x_wconf 87' lang='lat' dir='ltr'><strong>tempore,</strong></span> <span class='ocrx_word' id='word_1_241' title='bbox 1436 3092 1563 3155; x_wconf 88' lang='lat' dir='ltr'><strong>qua</strong></span> <span class='ocrx_word' id='word_1_242' title='bbox 1590 3071 1669 3137; x_wconf 90' lang='lat' dir='ltr'><strong>de</strong></span> <span class='ocrx_word' id='word_1_243' title='bbox 1698 3093 1894 3137; x_wconf 88' lang='lat' dir='ltr'><strong>causa</strong></span> <span class='ocrx_word' id='word_1_244' title='bbox 1918 3072 2157 3137; x_wconf 84' lang='lat' dir='ltr'><strong>factum</strong></span> <span class='ocrx_word' id='word_1_245' title='bbox 2194 3072 2296 3148; x_wconf 89' lang='lat' dir='ltr'><strong>sit,</strong></span> <span class='ocrx_word' id='word_1_246' title='bbox 2332 3071 2585 3136; x_wconf 91' lang='lat' dir='ltr'><strong>intelle-</strong></span> 
     </span>
     <span class='ocr_line' id='line_1_33' title="bbox 519 3161 2581 3245; baseline 0.004 -23"><span class='ocrx_word' id='word_1_247' title='bbox 519 3176 730 3244; x_wconf 63' lang='lat' dir='ltr'><strong>gatun</strong></span> <span class='ocrx_word' id='word_1_248' title='bbox 795 3162 903 3245; x_wconf 92' lang='lat' dir='ltr'><strong>qui</strong></span> <span class='ocrx_word' id='word_1_249' title='bbox 951 3161 1132 3228; x_wconf 86' lang='lat' dir='ltr'><strong>locus</strong></span> <span class='ocrx_word' id='word_1_250' title='bbox 1184 3165 1276 3228; x_wconf 89' lang='lat' dir='ltr'><strong>ita</strong></span> <span class='ocrx_word' id='word_1_251' title='bbox 1326 3165 1680 3230; x_wconf 89' lang='lat' dir='ltr'><strong>communis</strong></span> <span class='ocrx_word' id='word_1_252' title='bbox 1734 3175 1862 3245; x_wconf 88' lang='lat' dir='ltr'><strong>est,</strong></span> <span class='ocrx_word' id='word_1_253' title='bbox 1923 3176 1996 3230; x_wconf 87' lang='lat' dir='ltr'><strong>ut</strong></span> <span class='ocrx_word' id='word_1_254' title='bbox 2048 3166 2210 3231; x_wconf 92' lang='lat' dir='ltr'><strong>bene</strong></span> <span class='ocrx_word' id='word_1_255' title='bbox 2272 3175 2581 3231; x_wconf 85' lang='lat' dir='ltr'><strong>tractatus</strong></span> 
     </span>
     <span class='ocr_line' id='line_1_34' title="bbox 515 3252 2580 3344; baseline 0.004 -29"><span class='ocrx_word' id='word_1_256' title='bbox 515 3252 577 3316; x_wconf 81' lang='lat' dir='ltr'><strong>in</strong></span> <span class='ocrx_word' id='word_1_257' title='bbox 619 3252 736 3318; x_wconf 75' lang='lat' dir='ltr'><strong>hae</strong></span> <span class='ocrx_word' id='word_1_258' title='bbox 771 3274 967 3321; x_wconf 86' lang='lat' dir='ltr'><strong>causa</strong></span> <span class='ocrx_word' id='word_1_259' title='bbox 1006 3279 1242 3344; x_wconf 84' lang='lat' dir='ltr'><strong>magno</strong></span> <span class='ocrx_word' id='word_1_260' title='bbox 1289 3259 1371 3323; x_wconf 89' lang='lat' dir='ltr'><strong>ad</strong></span> <span class='ocrx_word' id='word_1_261' title='bbox 1404 3259 1917 3344; x_wconf 88' lang='lat' dir='ltr'><strong>persuadendum</strong></span> <span class='ocrx_word' id='word_1_262' title='bbox 1959 3269 2279 3326; x_wconf 88' lang='lat' dir='ltr'><strong>momento</strong></span> <span class='ocrx_word' id='word_1_263' title='bbox 2324 3260 2580 3324; x_wconf 86' lang='lat' dir='ltr'><strong>futurus</strong></span> 
     </span>
     <span class='ocr_line' id='line_1_35' title="bbox 519 3347 2580 3440; baseline 0.005 -31"><span class='ocrx_word' id='word_1_264' title='bbox 519 3348 623 3424; x_wconf 63' lang='lat' dir='ltr'><strong>sti-[3</strong></span> <span class='ocrx_word' id='word_1_265' title='bbox 683 3357 743 3412; x_wconf 75' lang='lat' dir='ltr'><strong>et</strong></span> <span class='ocrx_word' id='word_1_266' title='bbox 778 3347 936 3415; x_wconf 86' lang='lat' dir='ltr'><strong>alter</strong></span> <span class='ocrx_word' id='word_1_267' title='bbox 969 3349 1177 3428; x_wconf 85' lang='lat' dir='ltr'><strong>locus,</strong></span> <span class='ocrx_word' id='word_1_268' title='bbox 1229 3373 1346 3438; x_wconf 92' lang='lat' dir='ltr'><strong>per</strong></span> <span class='ocrx_word' id='word_1_269' title='bbox 1389 3374 1580 3436; x_wconf 90' lang='lat' dir='ltr'><strong>quem</strong></span> <span class='ocrx_word' id='word_1_270' title='bbox 1622 3375 1859 3440; x_wconf 87' lang='lat' dir='ltr'><strong>magna</strong></span> <span class='ocrx_word' id='word_1_271' title='bbox 1902 3374 2047 3419; x_wconf 90' lang='lat' dir='ltr'><strong>cum</strong></span> <span class='ocrx_word' id='word_1_272' title='bbox 2091 3352 2580 3440; x_wconf 85' lang='lat' dir='ltr'><strong>amplificatione</strong></span> 
     </span>
     <span class='ocr_line' id='line_1_36' title="bbox 515 3440 2580 3532; baseline 0.003 -27"><span class='ocrx_word' id='word_1_273' title='bbox 515 3440 802 3508; x_wconf 69' lang='lat' dir='ltr'><strong>beneficii</strong></span> <span class='ocrx_word' id='word_1_274' title='bbox 852 3445 1224 3532; x_wconf 85' lang='lat' dir='ltr'><strong>magnitudo</strong></span> <span class='ocrx_word' id='word_1_275' title='bbox 1268 3467 1350 3511; x_wconf 84' lang='lat' dir='ltr'><strong>ex</strong></span> <span class='ocrx_word' id='word_1_276' title='bbox 1401 3445 1671 3512; x_wconf 84' lang='lat' dir='ltr'><strong>utilitate</strong></span> <span class='ocrx_word' id='word_1_277' title='bbox 1717 3456 1827 3512; x_wconf 88' lang='lat' dir='ltr'><strong>aut</strong></span> <span class='ocrx_word' id='word_1_278' title='bbox 1876 3447 2209 3513; x_wconf 87' lang='lat' dir='ltr'><strong>honestate</strong></span> <span class='ocrx_word' id='word_1_279' title='bbox 2262 3457 2375 3511; x_wconf 89' lang='lat' dir='ltr'><strong>aut</strong></span> <span class='ocrx_word' id='word_1_280' title='bbox 2425 3447 2580 3512; x_wconf 87' lang='lat' dir='ltr'><strong>facti</strong></span> 
     </span>
     <span class='ocr_line' id='line_1_37' title="bbox 515 3536 2581 3627; baseline 0.005 -31"><span class='ocrx_word' id='word_1_281' title='bbox 515 3560 699 3604; x_wconf 66' lang='lat' dir='ltr'><strong>netz-es</strong></span> <span class='ocrx_word' id='word_1_282' title='bbox 707 3536 977 3604; x_wconf 86' lang='lat' dir='ltr'><strong>situdine</strong></span> <span class='ocrx_word' id='word_1_283' title='bbox 1017 3539 1510 3618; x_wconf 63' lang='lat' dir='ltr'><strong>demonstratum</strong></span> <span class='ocrx_word' id='word_1_284' title='bbox 1557 3550 1622 3606; x_wconf 93' lang='lat' dir='ltr'><strong>et</strong></span> <span class='ocrx_word' id='word_1_285' title='bbox 1654 3540 1905 3618; x_wconf 88' lang='lat' dir='ltr'><strong>tertius,</strong></span> <span class='ocrx_word' id='word_1_286' title='bbox 1950 3564 2066 3627; x_wconf 87' lang='lat' dir='ltr'><strong>per</strong></span> <span class='ocrx_word' id='word_1_287' title='bbox 2102 3562 2290 3625; x_wconf 91' lang='lat' dir='ltr'><strong>quem</strong></span> <span class='ocrx_word' id='word_1_288' title='bbox 2324 3562 2430 3606; x_wconf 87' lang='lat' dir='ltr'><strong>res</strong></span> <span class='ocrx_word' id='word_1_289' title='bbox 2469 3564 2581 3606; x_wconf 86' lang='lat' dir='ltr'><strong>ex-</strong></span> 
     </span>
     <span class='ocr_line' id='line_1_38' title="bbox 515 3632 2578 3721; baseline 0.004 -30"><span class='ocrx_word' id='word_1_290' title='bbox 515 3653 734 3712; x_wconf 61' lang='lat' dir='ltr'><strong>pressa</strong></span> <span class='ocrx_word' id='word_1_291' title='bbox 776 3632 988 3699; x_wconf 84' lang='lat' dir='ltr'><strong>verbis</strong></span> <span class='ocrx_word' id='word_1_292' title='bbox 1034 3644 1181 3698; x_wconf 87' lang='lat' dir='ltr'><strong>ante</strong></span> <span class='ocrx_word' id='word_1_293' title='bbox 1227 3634 1446 3699; x_wconf 88' lang='lat' dir='ltr'><strong>oculos</strong></span> <span class='ocrx_word' id='word_1_294' title='bbox 1500 3656 1748 3712; x_wconf 86' lang='lat' dir='ltr'><strong>eorum,</strong></span> <span class='ocrx_word' id='word_1_295' title='bbox 1804 3635 1912 3718; x_wconf 93' lang='lat' dir='ltr'><strong>qui</strong></span> <span class='ocrx_word' id='word_1_296' title='bbox 1957 3634 2246 3712; x_wconf 87' lang='lat' dir='ltr'><strong>audiunt,</strong></span> <span class='ocrx_word' id='word_1_297' title='bbox 2299 3636 2578 3721; x_wconf 89' lang='lat' dir='ltr'><strong>ponitur,</strong></span> 
     </span>
     <span class='ocr_line' id='line_1_39' title="bbox 515 3725 2580 3812; baseline 0.003 -26"><span class='ocrx_word' id='word_1_298' title='bbox 515 3740 579 3788; x_wconf 75' lang='lat' dir='ltr'><strong>ut</strong></span> <span class='ocrx_word' id='word_1_299' title='bbox 635 3725 757 3812; x_wconf 81' lang='lat' dir='ltr'><strong>ipsi</strong></span> <span class='ocrx_word' id='word_1_300' title='bbox 810 3749 879 3791; x_wconf 88' lang='lat' dir='ltr'><strong>se</strong></span> <span class='ocrx_word' id='word_1_301' title='bbox 933 3747 1183 3811; x_wconf 89' lang='lat' dir='ltr'><strong>quoque</strong></span> <span class='ocrx_word' id='word_1_302' title='bbox 1234 3727 1407 3793; x_wconf 90' lang='lat' dir='ltr'><strong>idem</strong></span> <span class='ocrx_word' id='word_1_303' title='bbox 1458 3728 1741 3794; x_wconf 88' lang='lat' dir='ltr'><strong>facturos</strong></span> <span class='ocrx_word' id='word_1_304' title='bbox 1794 3729 1995 3795; x_wconf 86' lang='lat' dir='ltr'><strong>fuisse</strong></span> <span class='ocrx_word' id='word_1_305' title='bbox 2056 3728 2466 3806; x_wconf 85' lang='lat' dir='ltr'><strong>arbitrentur,</strong></span> <span class='ocrx_word' id='word_1_306' title='bbox 2525 3729 2580 3793; x_wconf 85' lang='lat' dir='ltr'><strong>si</strong></span> 
     </span>
     <span class='ocr_line' id='line_1_40' title="bbox 515 3816 2580 3910; baseline 0.004 -30"><span class='ocrx_word' id='word_1_307' title='bbox 515 3820 628 3880; x_wconf 53' lang='lat' dir='ltr'><strong>›vil-„i</strong></span> <span class='ocrx_word' id='word_1_308' title='bbox 687 3816 795 3884; x_wconf 82' lang='lat' dir='ltr'><strong>illa</strong></span> <span class='ocrx_word' id='word_1_309' title='bbox 844 3842 949 3885; x_wconf 87' lang='lat' dir='ltr'><strong>res</strong></span> <span class='ocrx_word' id='word_1_310' title='bbox 1003 3830 1192 3906; x_wconf 89' lang='lat' dir='ltr'><strong>atque</strong></span> <span class='ocrx_word' id='word_1_311' title='bbox 1237 3844 1314 3887; x_wconf 90' lang='lat' dir='ltr'><strong>ea</strong></span> <span class='ocrx_word' id='word_1_312' title='bbox 1363 3821 1641 3888; x_wconf 75' lang='lat' dir='ltr'><strong>faciendi</strong></span> <span class='ocrx_word' id='word_1_313' title='bbox 1694 3844 1890 3889; x_wconf 88' lang='lat' dir='ltr'><strong>causa</strong></span> <span class='ocrx_word' id='word_1_314' title='bbox 1931 3845 2046 3910; x_wconf 90' lang='lat' dir='ltr'><strong>per</strong></span> <span class='ocrx_word' id='word_1_315' title='bbox 2097 3821 2270 3888; x_wconf 89' lang='lat' dir='ltr'><strong>idem</strong></span> <span class='ocrx_word' id='word_1_316' title='bbox 2322 3835 2580 3910; x_wconf 86' lang='lat' dir='ltr'><strong>tempus</strong></span> 
     </span>
     <span class='ocr_line' id='line_1_41' title="bbox 515 3915 868 3980; baseline 0.011 -4"><span class='ocrx_word' id='word_1_317' title='bbox 515 3940 543 3976; x_wconf 61' lang='lat' dir='ltr'><strong>i]</strong></span> <span class='ocrx_word' id='word_1_318' title='bbox 559 3936 583 3972; x_wconf 60' lang='grc' dir='ltr'><strong>ι·Ἰ</strong></span> <span class='ocrx_word' id='word_1_319' title='bbox 595 3915 868 3980; x_wconf 60' lang='lat' dir='ltr'><strong>uidisset.</strong></span> 
     </span>
    </p>

    <p class='ocr_par' dir='ltr' id='par_1_9' title="bbox 515 4005 2582 4192">
     <span class='ocr_line' id='line_1_42' title="bbox 635 4005 2582 4098; baseline 0.003 -27"><span class='ocrx_word' id='word_1_320' title='bbox 635 4005 880 4073; x_wconf 78' lang='lat' dir='ltr'><strong>Relatio</strong></span> <span class='ocrx_word' id='word_1_321' title='bbox 908 4008 1185 4075; x_wconf 85' lang='lat' dir='ltr'><strong>criminis</strong></span> <span class='ocrx_word' id='word_1_322' title='bbox 1213 4019 1331 4088; x_wconf 89' lang='lat' dir='ltr'><strong>est,</strong></span> <span class='ocrx_word' id='word_1_323' title='bbox 1351 4031 1499 4075; x_wconf 91' lang='lat' dir='ltr'><strong>cum</strong></span> <span class='ocrx_word' id='word_1_324' title='bbox 1522 4033 1670 4077; x_wconf 86' lang='lat' dir='ltr'><strong>reus</strong></span> <span class='ocrx_word' id='word_1_325' title='bbox 1696 4010 1783 4089; x_wconf 90' lang='lat' dir='ltr'><strong>id,</strong></span> <span class='ocrx_word' id='word_1_326' title='bbox 1803 4009 1975 4093; x_wconf 90' lang='lat' dir='ltr'><strong>quod</strong></span> <span class='ocrx_word' id='word_1_327' title='bbox 2000 4011 2302 4098; x_wconf 85' lang='lat' dir='ltr'><strong>arguitur,</strong></span> <span class='ocrx_word' id='word_1_328' title='bbox 2323 4012 2582 4077; x_wconf 87' lang='lat' dir='ltr'><strong>confes-</strong></span> 
     </span>
     <span class='ocr_line' id='line_1_43' title="bbox 515 4100 2579 4192; baseline 0.007 -33"><span class='ocrx_word' id='word_1_329' title='bbox 515 4124 539 4159; x_wconf 63' lang='lat' dir='ltr'><strong>s</strong></span> <span class='ocrx_word' id='word_1_330' title='bbox 555 4124 619 4160; x_wconf 67' lang='lat' dir='ltr'><strong>ras</strong></span> <span class='ocrx_word' id='word_1_331' title='bbox 663 4100 916 4166; x_wconf 76' lang='lat' dir='ltr'><strong>alterius</strong></span> <span class='ocrx_word' id='word_1_332' title='bbox 955 4124 1024 4168; x_wconf 87' lang='lat' dir='ltr'><strong>se</strong></span> <span class='ocrx_word' id='word_1_333' title='bbox 1059 4102 1388 4169; x_wconf 87' lang='lat' dir='ltr'><strong>inductum</strong></span> <span class='ocrx_word' id='word_1_334' title='bbox 1419 4116 1684 4192; x_wconf 87' lang='lat' dir='ltr'><strong>peccato</strong></span> <span class='ocrx_word' id='word_1_335' title='bbox 1719 4105 1855 4171; x_wconf 87' lang='lat' dir='ltr'><strong>iure</strong></span> <span class='ocrx_word' id='word_1_336' title='bbox 1892 4104 2123 4170; x_wconf 83' lang='lat' dir='ltr'><strong>fecisse</strong></span> <span class='ocrx_word' id='word_1_337' title='bbox 2158 4106 2579 4174; x_wconf 83' lang='lat' dir='ltr'><strong>demonstrat.</strong></span> 
     </span>
    </p>
   </div>
  </div>
 </body>
</html>
