2784 4575
514 286 558 351 2
1135 298 1214 353 M.
1252 294 1523 354 TULLII
1563 294 1961 352 CICERONIS

513 421 853 489 memoriae
905 444 1036 487 non
1089 444 1244 487 sane
1297 418 1455 487 satis
1508 419 1823 507 explicata
1871 416 2257 499 recordatio,
2312 419 2457 501 sed,
2508 432 2587 489 ut

515 516 810 595 arbitror,
847 527 1014 626 ‘apta
1049 516 1132 582 ad
1165 515 1262 593 id,
1319 514 1491 600 quod
1540 513 1839 599 requiris,
1891 524 1964 579 ut
2014 535 2369 601 cognoscas
2416 538 2585 601 quae

511 610 634 675 viri
695 608 978 675 omnium
1039 607 1543 694 eloquentissimi
1604 606 2065 692 clarissimique
2128 608 2447 675 senserint
2496 610 2585 676 de

450 728 478 772 a
513 704 686 769 omni
733 703 981 771 ratione
1031 703 1302 769 dicendi.
1391 702 1491 768 vis
1538 701 1735 781 enim,
1784 712 1861 767 ut
1891 701 2049 767 mihi
2099 724 2295 791 saepe
2338 702 2579 784 dixisti,

511 798 841 884 quoniam,
895 820 1060 884 quae
1107 798 1325 885 pueris
1362 807 1476 863 aut
1526 796 2021 863 adulescentulis
2062 796 2251 864 nobis
2284 820 2368 865 ex
2402 820 2579 865 com-

509 891 899 960 mentariolis
959 892 1196 963 nostris
1257 891 1556 957 inchoata
1616 913 1693 958 ac
1750 891 1936 957 rudia
1994 892 2393 973 exciderunt,
2460 894 2577 960 vix

509 987 698 1053 hac·
747 998 956 1054 aetate
1009 987 1206 1075 digna
1257 997 1322 1052 et
1363 985 1489 1052 hoc
1536 1008 1689 1065 usu,
1744 1008 1935 1071 quem
1986 1008 2067 1053 ex
2118 987 2357 1067 causis,
2407 1008 2573 1071 quas

511 1079 819 1160 diximus,
874 1090 972 1147 tot
1023 1080 1344 1165 tantisque
1387 1079 1713 1145 consecuti
1756 1102 2007 1159 sumus,
2060 1080 2299 1165 aliquid
2331 1079 2573 1146 eisdem

511 1176 591 1241 de
622 1176 816 1241 rebus
849 1174 1109 1263 politius
1146 1197 1186 1240 a
1217 1173 1403 1240 nobis
1437 1172 1910 1261 perfectiusque
1941 1173 2240 1261 proferri,
2278 1174 2575 1259 solesque

510 1290 642 1334 non
675 1290 1022 1353 numquam
1065 1267 1187 1333 hac
1233 1267 1312 1333 de
1345 1288 1419 1333 re
1454 1290 1496 1332 a
1526 1290 1631 1332 me
1664 1267 1733 1332 in
1767 1266 2296 1355 disputationibus
2328 1269 2573 1334 nostris

511 1361 873 1440 dissentire,
928 1362 1098 1449 quod
1148 1384 1272 1449 ego
1323 1359 1895 1427 eruditissimorum
1946 1360 2275 1427 hominum
2326 1360 2571 1427 artibus

513 1453 938 1540 eloquentiam
963 1455 1270 1523 contineri
1305 1464 1711 1533 statuamstu
1744 1464 1959 1521 autem
1989 1454 2166 1521 illam
2199 1454 2281 1521 ab
2316 1454 2575 1542 elegan-

512 1549 602 1614 tia
652 1549 974 1616 doctrinae
1027 1548 1491 1637 segregandam
1541 1558 1731 1637 putes
1782 1559 1849 1614 et
1886 1549 1957 1615 in
2007 1548 2283 1634 quodam
2332 1548 2571 1637 ingenii

449 1666 477 1708 ο
514 1654 705 1731 atque
751 1644 1218 1712 exercitationis
1263 1666 1499 1732 genere
1540 1644 1922 1731 ponendam.
2012 1666 2089 1709 ac
2120 1643 2279 1709 mihi
2314 1644 2573 1729 quidem

513 1760 968 1828 saepenumero
1014 1736 1140 1827 [in]
1188 1760 1472 1805 summos
1526 1737 1816 1804 homines
1860 1758 1937 1803 ac
1980 1736 2244 1803 summis
2296 1736 2569 1824 ingeniis

506 1833 829 1921 praeditos
863 1830 1134 1899 intuenti
1167 1831 1600 1916 quaerendum
1634 1853 1777 1897 esse
1812 1831 2023 1896 visum
2056 1840 2157 1896 est
2190 1829 2344 1915 quid
2378 1842 2571 1909 esset,

509 1949 622 1993 cur
661 1927 878 2014 plures
921 1927 990 1991 in
1033 1926 1328 1991 omnibus
1381 1925 1625 1991 artibus
1684 1946 1875 2009 quam
1926 1925 1995 1990 in
2046 1924 2316 1990 dicendo
2372 1924 2573 1989 admi-

505 2021 740 2087 rabiles
785 2018 1203 2097 exstitissent3
1255 2041 1409 2084 nam
1451 2040 1850 2103 quocumque
1901 2030 1966 2085 te
2018 2017 2228 2083 animo
2282 2028 2348 2084 et
2396 2018 2575 2105 cogi-

509 2112 746 2179 tatione
817 2111 1231 2190 converteris,
1311 2112 1663 2198 permultos
1744 2111 2110 2185 excellentis
2178 2112 2245 2178 in
2316 2133 2571 2197 quoque

509 2226 744 2294 genere
776 2203 1022 2271 videbis
1056 2228 1188 2272 non
1221 2204 1634 2271 mediocrium
1669 2204 1926 2285 artium,
1982 2206 2098 2273 sed
2130 2228 2331 2295 prope
2368 2206 2571 2271 maxi-

447 2321 475 2363 01
507 2321 774 2365 marum.
863 2300 1004 2384 quis
1056 2300 1225 2366 enim
1261 2308 1389 2378 est,
1444 2299 1581 2385 qui,
1638 2301 1693 2367 si
1746 2301 2059 2367 clarorum
2092 2300 2423 2368 hominum
2460 2323 2571 2366 ex-

509 2392 864 2460 cellentiam
905 2415 1118 2460 rerum
1161 2405 1491 2481 gestarum
1534 2394 1640 2461 vel
1680 2395 1951 2461 utilitate
1993 2394 2098 2460 vel
2130 2393 2571 2482 magnitudine

503 2487 713 2554 metiri
755 2488 936 2567 velit,
998 2511 1128 2554 non
1173 2499 1521 2575 anteponat
1568 2488 1803 2555 oratori
1854 2489 2337 2577 imperatorem?
2424 2490 2573 2575 quis

506 2592 718 2649 autem
766 2582 1010 2648 dubitet
1051 2582 1206 2668 quin
1247 2583 1404 2649 belli
1456 2583 1653 2650 duces
1702 2581 2283 2670 praestantissimos
2328 2606 2412 2650 ex
2446 2583 2573 2649 hac

503 2699 633 2742 una
680 2675 936 2742 civitate
978 2699 1184 2764 paene
1226 2675 1734 2754 innumerabilis,
1784 2677 1854 2742 in
1897 2677 2163 2744 dicendo
2208 2687 2421 2742 autem
2460 2701 2576 2744 ex·-

444 2790 472 2832 ε
507 2769 792 2838 callentis
835 2770 948 2836 vix
986 2792 1229 2857 paucos
1274 2770 1561 2858 proferre
1613 2771 1974 2858 possimus?
2058 2771 2187 2836 iam
2228 2793 2382 2836 vero
2418 2793 2577 2838 con-

504 2863 646 2930 silio
682 2885 758 2929 ac
795 2863 1107 2950 sapientia
1149 2863 1259 2948 qui
1299 2886 1524 2951 regere
1560 2885 1636 2928 ac
1669 2865 2023 2951 gubernare
2065 2887 2203 2930 rem
2244 2863 2577 2974 publicam

503 2966 796 3044 possent,
857 2957 1042 3023 multi
1101 2969 1396 3036 nostra,
1420 2957 1637 3045 plures
1700 2968 1953 3045 patrum
2011 2958 2315 3024 memoria
2375 2967 2578 3043 atque

505 3050 695 3117 etiam
745 3050 1056 3119 maiorum
1099 3051 1505 3130 exstiterunt,
1562 3074 1709 3118 cum
1749 3052 1901 3119 boni
1941 3052 2166 3140 perdiu
2216 3051 2395 3127 nulli,
2454 3052 2579 3118 vix

505 3156 716 3210 autem
759 3144 1028 3233 singulis
1085 3145 1399 3214 aetatibus
1444 3145 1684 3234 singuli
1736 3144 2096 3212 tolerabiles
2144 3156 2419 3212 oratores
2468 3144 2583 3211 in-

501 3239 885 3306 venirentur.
992 3261 1067 3306 ac
1116 3263 1200 3306 ne
1252 3239 1397 3326 quis
1451 3241 1617 3306 forte
1676 3261 1821 3304 cum
1873 3240 2013 3306 aliis
2076 3238 2330 3317 studiis,
2398 3259 2577 3323 quae

498 3333 840 3400 reconditis
882 3333 950 3398 in
995 3333 1234 3402 artibus
1290 3344 1480 3419 atque
1522 3334 1590 3400 in
1642 3334 1919 3420 quadam
1967 3332 2271 3400 varietate
2321 3331 2577 3398 littera-

495 3451 640 3493 rum
673 3437 1035 3506 versantur,
1070 3428 1280 3516 magis
1315 3428 1483 3496 han'c
1518 3426 1768 3494 dicendi
1801 3426 2143 3506 rationem,
2187 3447 2383 3510 quam
2418 3447 2577 3492 cum

496 3520 892 3610 imperatoris
928 3520 1117 3587 laude
1153 3533 1266 3588 aut
1295 3543 1444 3587 cum
1476 3521 1629 3589 boni
1662 3521 1972 3588 senatoris
2017 3518 2357 3608 prudentia
2390 3541 2581 3586 com-

495 3615 846 3703 parandam
879 3625 1079 3702 putet,
1117 3617 1228 3700 qui
1254 3626 1585 3684 convertat
1610 3615 1890 3682 animum
1924 3614 2009 3681 ad
2042 3637 2121 3680 ea
2152 3613 2297 3700 ipsa
2331 3614 2579 3680 artium

497 3731 734 3796 genera
775 3705 1418 3820 ’circumspiciatquffi
1480 3709 1589 3793 qui
1646 3711 1715 3775 in
1774 3709 1869 3775 eis
1930 3709 2308 3786 floruerunt,
2372 3729 2583 3792 quam

495 3803 680 3868 multi
741 3802 895 3881 sint,
958 3801 1290 3880 facillime,
1363 3812 1598 3886 quanta
1656 3812 1975 3869 oratorum
2038 3801 2125 3868 sit
2182 3823 2586 3888 semperque

428 3891 463 3944 3
495 3896 688 3962 fuerit
726 3896 1043 3982 paucitas,
1095 3895 1419 3961 iudicabit.
1506 3906 1712 3980 neque
1748 3895 1919 3962 enim
1954 3906 2017 3961 te
2058 3893 2228 3980 fugit
2276 3893 2585 3960 omnium

430 3961 894 4054 ⁹laudatarum
938 3991 1168 4056 artium
1209 3988 1694 4078 procreatricem
1738 3989 2057 4075 quandam
2100 3999 2167 4054 et
2209 3987 2399 4071 quasi
2454 4013 2591 4075 pa-

496 4089 740 4183 rentem
776 4103 936 4160 eam,
973 4105 1164 4168 quam
1193 4084 1601 4172 φιλοσοφίαν
1630 4081 1862 4150 Graeci
1886 4093 2137 4161 vocant,
2172 4081 2255 4148 ab
2284 4081 2595 4148 homini-
2659 4113 2661 4118 ·
