2784 4575
813 255 918 310 DE
954 253 1436 312 INVENTIONE·
1471 255 1517 310 Ι.
1556 254 1791 309 16-19,
2208 243 2336 310 113·

195 439 199 444 .
277 381 450 468 quod
493 380 794 468 scriptum
843 389 968 456 est,
1023 377 1180 441 duas
1228 387 1338 442 aut
1384 377 1587 464 pluris
1619 399 1723 444 res
1762 377 2144 465 significare,
2198 389 2335 444 tum

277 501 360 544 ex
393 499 501 554 ec,
549 475 718 559 quod
753 473 1056 559 scriptum
1091 480 1219 551 est,
1267 471 1467 551 aliud,
1506 473 1677 558 quod
1710 495 1839 538 non
1876 473 2181 560 scriptum
2215 487 2332 551 est,

275 568 547 636 inveniri
554 593 573 646 3
629 579 764 632 tum
807 567 904 632 vis
949 566 1128 631 verbi
1174 565 1354 649 quasi
1400 566 1467 630 in
1512 565 1835 632 definitiva
1869 566 2333 644 constitutione,

277 665 346 731 in
398 685 524 748 quo
575 661 786 750 posita
839 660 950 738 sit,
1005 659 1242 742 quaeri.
1343 656 1501 745 [qua
1551 683 1621 725 re
1671 659 1948 746 primum
1999 683 2203 746 genus
2256 660 2337 725 de

281 757 518 846 scripto
552 767 618 822 et
652 753 992 832 sententia,
1031 754 1380 820 secundum
1416 775 1499 818 ex
1533 752 1860 820 contrariis
1895 753 2175 840 legibus,
2213 763 2338 818 ter-

279 851 438 916 tium
491 849 890 938 ambiguum,
953 859 1247 933 quartum
1297 847 1830 927 ratiocinativum,
1886 849 2175 933 quintum
2228 849 2337 916 de—

277 945 592 1013 finitivum
659 940 1111 1028 nominamus.]
1225 942 1392 1008 ratio
1449 953 1551 1008 est
1559 966 1568 981 ··
1610 953 1851 1022 autem,
1924 965 2071 1009 cum
2130 943 2335 1012 omnis
2382 968 2433 1008 18

283 1038 571 1122 quaestio
605 1059 736 1103 non
767 1037 837 1103 in
873 1035 1245 1122 scriptione,
1289 1036 1407 1101 sed
1436 1035 1505 1100 in
1540 1037 1753 1122 aliqua
1796 1037 2341 1124 argumentatione

287 1131 594 1196 consistit.

408 1223 540 1312 [Ac
586 1223 750 1312 tum]
807 1223 1203 1290 considerato
1256 1245 1491 1310 genere
1544 1244 1805 1303 causae,
1863 1221 2148 1311 [cognita
2192 1245 2342 1288 con-

285 1320 608 1386 stitutione
622 1317 670 1405 ‚]
728 1340 874 1382 cum
927 1316 1278 1403 simplexne
1332 1341 1417 1388 an
1466 1317 1682 1382 iuncta
1724 1318 1808 1383 sit
1848 1317 2231 1384 intellexeris
2278 1328 2343 1382 et

287 1411 504 1498 scripti
539 1435 621 1475 an
653 1411 914 1476 rationis
949 1409 1183 1474 habeat
1215 1411 1710 1477 controversiam
1744 1411 2005 1489 videris,
2042 1411 2341 1496 deinceps

289 1505 410 1572 erit
441 1503 814 1580 videndum,
841 1523 1013 1587 -quae
1050 1503 1366 1586 quaestio,
1404 1524 1566 1587 quae
1600 1503 1789 1581 ratic,
1828 1526 1991 1587 quae
2023 1505 2342 1582 iudicatio,

287 1598 460 1684 quod
493 1597 958 1661 firmamentum
993 1616 1223 1660 causae
1259 1596 1369 1674 sit3
1408 1617 1569 1678 quae
1596 1597 1809 1662 omnia
1834 1619 1875 1661 a
1900 1597 2343 1662 constitutione

287 1691 771 1779 proficiscantur
821 1699 1088 1776 oportet.
1197 1689 1483 1772 quaestio
1538 1699 1636 1754 est
1687 1711 1791 1769 ea,
1845 1711 2007 1773 quae
2062 1711 2143 1754 ex
2196 1711 2347 1754 con-

285 1785 564 1850 flictione
599 1805 932 1851 causarum
966 1781 1246 1869 gignitur
1283 1782 1741 1862 controversia,
1775 1782 1900 1850 hoc
1933 1782 2152 1848 modo:
2192 1788 2346 1848 ‘non

287 1880 424 1944 iure
460 1877 708 1943 fecisti!
799 1877 961 1942 ‘iure
1004 1875 1168 1942 feci?
1242 1897 1578 1942 causarum
1622 1887 1835 1942 autem
1870 1886 1970 1942 est
2010 1875 2344 1954 conflictio,

283 1973 353 2038 in
407 1995 534 2058 qua
585 1971 948 2039 constitutio
1003 1981 1269 2040 constat.
1359 1995 1442 2038 ex
1494 1993 1573 2038 ea
1620 1972 1813 2058 igitur
1864 1971 2144 2037 nascitur
2196 1993 2347 2036 con-

289 2066 624 2145 troversia,
707 2087 897 2150 quam
967 2065 1405 2150 quaestionem
1466 2065 1762 2145 dicimus,
1790 2137 1797 2144 ,
1834 2066 2020 2132 haec:
2102 2066 2346 2130 ‘iurene

289 2161 570 2226 fecerit?
631 2161 792 2226 ratio
845 2171 947 2226 est
996 2183 1098 2240 ea,
1162 2183 1326 2246 quae
1387 2160 1668 2226 continet
1727 2183 2015 2238 causam,
2077 2181 2239 2244 quae
2293 2157 2349 2223 si

293 2255 543 2321 sublata
574 2253 688 2333 sit,
731 2253 889 2321 nihil
923 2253 992 2319 in
1027 2276 1220 2321 causa
1264 2253 1731 2321 controversiae
1764 2253 2179 2339 relinquatur,
2223 2253 2347 2319 hoc

291 2348 511 2430 modo,
564 2359 637 2412 ut
670 2348 938 2414 docendi
989 2370 1184 2415 causa
1215 2349 1284 2413 in
1317 2348 1491 2414 facili
1534 2358 1599 2415 et
1630 2348 2002 2436 pei-volgato
2056 2347 2347 2434 exemplo

293 2442 741 2508 consistamus:
805 2441 1100 2515 Orestes,
1131 2442 1186 2506 si
1239 2453 1571 2508 accusetur
1622 2442 1983 2521 matricidii,
2044 2441 2173 2506 nisi
2224 2441 2347 2507 hoc

293 2535 464 2601 dicat
508 2536 672 2600 ‘iure
706 2535 858 2613 feci,
911 2535 1024 2599 illa
1056 2534 1226 2599 enim
1257 2546 1509 2621 patrem
1539 2557 1757 2601 meum
1800 2533 2163 2609 occiderat,’
2217 2556 2348 2599 non

292 2628 485 2693 habet
539 2628 1005 2705 defensionem,
1059 2650 1186 2711 qua
1235 2650 1308 2693 re
1361 2628 1571 2694 omnis
1620 2629 2049 2694 controversia
2100 2648 2349 2709 quoque

295 2721 548 2787 sublata
591 2732 717 2785 est:
773 2742 926 2806 ergo
973 2720 1108 2785 eius
1155 2740 1388 2786 causae
1430 2720 1591 2787 ratio
1634 2732 1761 2799 est,
1814 2719 1985 2804 quod
2026 2720 2138 2783 ill-a
2168 2719 2351 2805 Aga-

294 2836 697 2881 memnonem
732 2812 1053 2879 occiderit.
1120 2812 1421 2880 iudicatio
1456 2824 1583 2892 est,
1620 2835 1783 2897 quae
1818 2835 1900 2877 ex
1932 2812 2349 2878 infirmatione

294 2907 556 2975 rationis
591 2907 873 2973 nascitur
909 2907 1358 2991 controversia.
1428 2930 1579 2973 nam
1616 2908 1700 2997 sit
1732 2930 1811 2973 ea
1842 2908 2026 2972 nobis
2063 2906 2355 2993 exposita

294 3002 484 3081 ratic,
539 3022 731 3086 quam
764 3002 958 3088 paulo
999 3013 1149 3067 ante
1191 3002 1647 3090 exposuimus:
1703 3001 1840 3066 ‘illa
1891 3002 2059 3067 enim
2110 3000 2350 3067 meum'

292 3095 502 3181 inquit
555 3103 830 3183 ‘patrem
882 3096 1240 3175 occiderat,'
1339 3102 1436 3161 ‘at
1487 3095 1642 3162 non’
1696 3096 1901 3180 inquit
1952 3094 2350 3161 adversarius

296 3198 314 3227 ‘
327 3191 441 3255 abs
479 3202 542 3255 te
574 3190 704 3257 filio
738 3201 1008 3257 matrem
1039 3190 1255 3257 necari
1287 3190 1595 3277 oportuit;
1628 3190 1835 3277 potuit
1868 3190 2039 3257 enim
2073 3189 2210 3256 sine
2242 3198 2353 3255 tuo

298 3284 536 3351 scelere
569 3286 738 3351 illius
783 3286 1026 3353 factum
1064 3286 1314 3375 puniri.'
1407 3309 1489 3351 ex
1522 3286 1644 3353 hac
1688 3286 2049 3354 diductione
2090 3286 2351 3366 rationis
2392 3291 2462 3347 14<

297 3380 410 3445 illa
443 3402 691 3445 summa
723 3382 1004 3449 nascitur
1037 3383 1495 3461 controversia,
1532 3404 1725 3467 quam
1757 3382 2204 3449 iudicationem
2241 3404 2353 3467 ap-

295 3471 640 3559 pellamus3
693 3496 770 3539 ea
804 3488 904 3541 est
936 3476 1124 3541 huius
1167 3476 1368 3542 modi:
1412 3487 1737 3542 rectumne
1773 3476 1965 3541 fuerit
1998 3477 2079 3541 ab
2115 3473 2352 3541 Oreste

297 3577 568 3633 matrem
613 3568 842 3648 occidi,
895 3591 1042 3635 cum
1073 3571 1186 3636 illa
1219 3570 1473 3637 Orestis
1507 3582 1757 3657 patrem
1810 3570 2165 3636 occidisset.
2244 3568 2352 3632 fir-
2396 3593 2447 3633 ιο

298 3671 690 3751 mamentum
724 3673 825 3729 est
855 3663 1218 3729 firmissima
1251 3665 1715 3751 argumentatio
1751 3662 2104 3730 defensoris
2142 3672 2207 3727 et
2238 3684 2355 3749 po-

303 3756 548 3823 tissima
589 3756 673 3823 ad
723 3756 1200 3823 iudicationemz
1253 3769 1326 3824 ut
1361 3758 1417 3824 si
1450 3759 1605 3825 velit
1642 3758 1909 3827 Orestes
1964 3756 2172 3821 dicere
2218 3756 2353 3821 eius

299 3850 475 3915 modi
525 3850 806 3917 animum
858 3851 1078 3917 matris
1131 3874 1286 3919 suae
1341 3852 1543 3921 fiiisse
1596 3852 1665 3917 in
1717 3862 1965 3938 patrem
2018 3871 2231 3928 suum,
2291 3850 2383 3929 in„

305 3964 376 4007 se
417 3943 628 4029 ipsum
674 3968 752 4011 ac
795 3968 1076 4025 sorores,
1128 3946 1196 4013 in
1236 3969 1536 4035 regnum,
1590 3948 1658 4011 in
1701 3946 1939 4009 famam
1990 3943 2241 4031 generis
2294 3954 2360 4009 et

299 4036 605 4117 familiae,
657 4051 729 4106 ut
776 4042 858 4107 ab
901 4063 980 4107 ea
1019 4064 1260 4129 poenas
1301 4041 1489 4107 liberi
1542 4008 1673 4107 sui⁴
1690 4038 2093 4125 potissimum
2142 4049 2359 4126 petere

411 4136 636 4185 Ciceronis
657 4142 744 4186 vol.
769 4141 806 4185 1.
1985 4143 2017 4193 8
