2784 4575
819 7 824 9 ·
864 4 909 7 w·
928 0 2759 35 ῇή-ζ----·-·-·--·-·----·-·-Ιι-ι-Ιῂ

760 279 870 335 DE
904 275 1391 337 INVENTIONE
1427 278 1504 332 ΙΙ.
1544 276 1851 332 147-153.
2210 265 2336 330 199

273 404 549 473 faciendi
609 404 728 482 eis,
791 403 902 489 qui
955 402 1022 467 in
1075 424 1151 467 eo
1211 401 1353 466 loco
1418 400 1569 477 sint,
1634 400 1872 465 adimat
1931 410 2334 486 potestatem,

273 500 451 565 nulla
489 498 804 586 profertur
811 523 832 577 3
887 520 969 562 ex
1011 496 1236 561 ceteris
1287 495 1541 580 legibus
1585 503 1653 559 et
1703 516 1865 577 quae
1910 494 2082 559 hunc
2122 495 2336 581 ipsum

277 592 586 680 supplicio
620 592 808 657 huius
844 591 1019 658 modi
1073 589 1376 676 adficiunt
1410 598 1475 653 et
1510 610 1673 672 quae
1719 588 1803 652 ad
1846 590 2207 653 testamenti
2240 591 2337 655 fa-

275 686 482 753 ciendi
513 696 896 773 potestatem
939 684 1283 772 pertinent,
1335 705 1452 769 per
1491 682 2037 749 ratiocinationem
2079 683 2338 749 venien-

277 781 431 845 dum
465 791 566 847 est
597 780 683 846 ad
713 780 854 845 eius
887 779 1064 845 modi
1096 778 1427 855 rationem,
1463 787 1539 841 ut
1570 787 1927 862 quaeratur,
1964 776 2336 844 habueritne

275 875 637 941 testamenti
689 874 966 939 faciendi
1014 883 1418 960 potestatem.
1505 872 1682 939 locos
1729 883 1941 938 autem
1985 874 2334 939 communis
2363 890 2441 932 150

272 970 343 1035 in
374 971 498 1035 hoc
533 990 768 1055 genere
804 967 1288 1055 argumentandi
1330 967 1449 1032 hos
1488 977 1553 1031 et
1585 965 1775 1031 huius
1820 966 1992 1031 modi
2028 968 2339 1050 quosdam

275 1084 420 1144 esse
455 1062 860 1127 arbitr-amm:
896 1061 1170 1148 primum
1205 1060 1342 1126 eius
1381 1058 1617 1147 scripti,
1656 1060 1827 1144 quod
1858 1061 2167 1146 proferas,
2203 1061 2341 1125 lau-

277 1156 598 1221 dationem
659 1167 724 1221 et
783 1156 1350 1233 confirmationem3
1416 1153 1644 1219 deinde
1706 1154 1843 1219 eius
1895 1154 2015 1233 rei,
2078 1176 2207 1238 qua
2260 1156 2339 1221 de

277 1250 626 1335 quaeritur,
691 1273 836 1316 cum
895 1272 1001 1330 eo,
1063 1250 1146 1315 de
1195 1270 1324 1334 quo
1377 1259 1656 1326 constat,
1720 1246 2141 1315 conlationem
2200 1250 2337 1315 eius

273 1344 466 1422 modi,
503 1355 576 1409 ut
607 1345 694 1422 id,
733 1346 812 1409 de
850 1366 976 1428 quo
1011 1344 1353 1429 quaeritur,
1389 1343 1502 1421 rei,
1542 1343 1621 1407 de
1658 1364 1785 1427 qua
1818 1354 2095 1421 constat,
2134 1343 2337 1409 simile

279 1458 422 1503 esse
481 1438 800 1516 videatur3
861 1448 1090 1523 postea
1151 1437 1633 1529 admirationem
1682 1459 1797 1523 per
1851 1437 2336 1515 contentionem,

278 1530 388 1614 qui
417 1530 558 1594 fieri
590 1531 824 1617 possit,
859 1543 958 1608 ut,
1015 1532 1124 1615 qui
1157 1532 1281 1596 hoc
1316 1553 1591 1615 aequum
1624 1552 1769 1596 esse
1802 1532 2137 1609 concedat,
2182 1532 2341 1597 illud

279 1634 492 1709 neget,
531 1624 702 1707 quod
737 1634 850 1689 aut
883 1625 1148 1707 aequius
1186 1635 1297 1690 aut
1331 1625 1559 1689 eodem
1594 1625 1679 1689 sit
1708 1624 1777 1689 in
1811 1647 2071 1711 genere3
2110 1626 2339 1690 deinde

277 1718 513 1783 idcirco
549 1720 630 1783 de
665 1718 788 1783 hac
819 1741 890 1784 re
925 1719 1085 1783 nihil
1120 1742 1266 1785 esse
1302 1719 1637 1805 scriptum,
1692 1720 1890 1803 quod,
1938 1740 2084 1784 cum
2118 1720 2197 1785 de
2232 1720 2342 1785 illa

281 1822 456 1878 esset
509 1811 844 1899 scriptum,
902 1814 982 1879 de
1034 1813 1156 1878 hac
1204 1814 1292 1892 is,
1347 1814 1458 1897 qui
1510 1814 1854 1891 scribebat,
1910 1814 2341 1879 dubitaturum

276 1906 596 1971 neminem
647 1907 984 1973 arbitratus
1031 1908 1141 1985 sit3
1195 1919 1424 1993 postea
1473 1908 1689 1973 multis
1734 1908 1802 1971 in
1844 1908 2095 1994 legibus
2140 1907 2339 1972 multa
2374 1932 2451 1974 151

273 2001 616 2088 praeterita
659 2024 831 2081 esse,
885 2024 1050 2088 quae
1093 2002 1327 2069 idcirco
1370 2004 1711 2089 praeterita
1750 2024 1940 2068 nemo
1986 2002 2338 2081 arbitretur,

276 2094 448 2179 quod
483 2118 565 2161 ex
599 2094 847 2175 ceteris,
887 2098 966 2163 de
1003 2098 1233 2181 quibus
1272 2097 1579 2184 scriptum
1604 2097 1707 2176 sit,
1743 2096 2029 2183 intellegi
2061 2098 2312 2184 possint
2320 2123 2339 2175 ;

277 2191 506 2256 deinde
560 2192 844 2276 aequitas
897 2193 990 2258 rei
1044 2193 1540 2261 demonstranda
1590 2204 1715 2271 est,
1769 2204 1842 2259 ut
1890 2193 1958 2257 in
2010 2192 2342 2257 iuridiciali

281 2285 591 2352 absoluta.
689 2299 910 2354 contra
963 2300 1174 2354 autem
1225 2290 1337 2373 qui
1390 2289 1585 2365 dicet,
1642 2287 2119 2365 similitudinem
2168 2286 2342 2352 infir-

279 2401 456 2444 mare
499 2380 784 2458 debebit,
838 2383 1010 2466 quod
1051 2383 1272 2460 faciet,
1329 2383 1386 2448 si
1422 2382 1882 2448 demonstrabit
1930 2382 2116 2460 illud,
2172 2382 2343 2466 quod

280 2473 669 2550 conferatur,
725 2475 1046 2540 diversum
1085 2498 1227 2542 esse
1263 2497 1527 2566 genere,
1582 2486 1837 2552 natura,
1874 2475 1940 2539 vi
1953 2524 1970 2552 ,
2027 2475 2343 2560 magnitu-

279 2567 446 2644 dine,
482 2577 786 2652 tempore,
821 2569 982 2646 loc0,
1018 2590 1313 2653 persona,
1349 2569 1674 2655 opinione,
1714 2569 1788 2646 si,
1825 2589 1953 2652 quo
1986 2568 2055 2631 in
2079 2589 2341 2632 numero

275 2658 465 2736 illud,
519 2660 692 2741 quod
732 2680 848 2745 per
894 2661 1370 2726 similitudinem
1425 2662 1774 2737 adferatur,
1830 2671 1895 2724 et
1929 2682 2055 2743 quo
2099 2660 2168 2723 in
2199 2661 2341 2725 loco

277 2753 466 2830 illud,
511 2752 692 2816 cuius
738 2773 933 2818 causa
977 2754 1325 2830 adferetur,
1371 2753 1593 2818 haberi
1638 2754 1973 2820 conveniat
2020 2752 2342 2840 [ostende-

281 2859 402 2925 tur,
442 2843 699 2924 deinde,
744 2847 898 2930 quid
929 2869 1032 2912 res
1070 2867 1215 2911 cum
1247 2869 1319 2912 re
1355 2847 1635 2924 differat,
1674 2848 2237 2924 demonstrabitur,
2273 2857 2345 2910 ut

279 2965 411 3008 non
443 2940 616 3005 idem
659 2940 949 3006 videatur
985 2941 1066 3006 de
1099 2952 1366 3025 utraque
1421 2941 1770 3006 existimari
1815 2938 2157 3029 oportere}
2246 2961 2341 3018 ac,
2379 2966 2455 3007 152

279 3035 339 3100 si
370 3035 510 3122 ipse
546 3056 798 3119 quoque
831 3036 1066 3122 poterit
1097 3035 1682 3102 ratiocinationibus
1716 3036 1838 3114 uti,
1876 3035 2118 3101 eisdem
2152 3036 2344 3101 ratio-

280 3129 498 3208 nibus,
555 3130 785 3214 quibus
841 3141 988 3196 ante
1039 3131 1280 3197 dictum
1325 3142 1455 3210 est,
1510 3140 1749 3210 utetur3
1804 3131 1861 3196 si
1912 3152 2041 3196 non
2091 3131 2342 3217 poterit,

280 3226 546 3312 negabit
575 3237 866 3313 oportere
903 3226 1271 3311 quicquam,
1323 3227 1452 3292 nisi
1488 3225 1659 3310 quod
1694 3227 2001 3313 scriptum
2037 3226 2147 3304 sit,
2194 3247 2343 3292 con-

285 3319 562 3382 siderare
573 3343 592 3396 3
629 3322 860 3386 multas
897 3321 978 3386 de
1016 3321 1325 3389 similibus
1369 3321 1563 3386 rebus
1600 3330 1664 3385 et
1694 3321 1765 3385 in
1797 3343 1993 3385 unam
2026 3305 2342 3404 quanfflue

281 3433 422 3475 rem
453 3422 668 3476 tamen
703 3414 988 3500 singulas
1025 3438 1169 3480 esse
1203 3416 1413 3502 leges;
1460 3415 1901 3502 omnia.posse
1936 3415 2101 3479 inter
2136 3436 2206 3478 se
2241 3413 2344 3478 vel

287 3503 518 3570 similia
551 3506 654 3569 vel
689 3507 1020 3574 dissimilia
1055 3509 1491 3576 demonstrari.
1580 3509 1704 3576 loci
1740 3529 2135 3574 communesz
2173 3530 2213 3584 a
2242 3529 2346 3571 ra-

285 3598 720 3677 tiocinatione,
776 3612 1067 3686 oportere
1119 3603 1483 3668 coniectura
1534 3625 1614 3668 ex
1659 3625 1763 3680 eo,
1818 3602 1989 3684 quod
2042 3599 2346 3685 scriptum

287 3694 397 3772 sit,
461 3693 545 3757 ad
593 3693 691 3772 id,
755 3696 928 3778 quod
976 3719 1107 3762 non
1167 3697 1251 3761 sit
1303 3698 1635 3784 scriptum,
1696 3694 2055 3782 pervenire;
2118 3703 2185 3758 et
2232 3715 2345 3758 ne-

285 3789 522 3853 minem
573 3810 768 3874 posse
829 3789 1033 3856 omnis
1083 3813 1187 3856 res
1237 3813 1355 3881 per
1419 3792 1794 3877 scripturam
1848 3787 2168 3874 amplecti,
2232 3788 2347 3852 sed

288 3903 436 3946 eum
479 3882 992 3949 commodissime
1037 3885 1338 3963 scribere,
1393 3885 1502 3968 qui
1545 3894 1751 3960 curet,
1800 3893 1876 3945 ut
1915 3881 2229 3964 quaedam
2262 3902 2347 3946 ex

289 3975 671 4058 quibusdam
728 3976 1202 4066 intellegantur3
1273 3991 1495 4046 contra
1552 3975 2095 4043 ratiocinationem
2155 3975 2341 4041 huius
2378 3999 2457 4042 15⁸
