2784 4575
471 291 597 356 196
1082 300 1159 355 M.
1199 296 1474 358 TULLII
1512 296 1914 356 CICERONIS

467 426 646 511 quid,
699 425 767 491 in
804 424 1032 509 quibus
1071 432 1178 489 aut
1231 444 1428 489 causa
1474 422 1557 491 sit
1598 418 2048 489 honestissima
2089 431 2199 487 aut
2250 424 2543 491 necessi-

467 522 620 587 tudo
657 518 1027 597 certissima,
1063 529 1360 585 tamenne
1405 518 1811 585 accusarent?
1864 516 2039 601 atqui
2071 516 2179 583 lex
2211 539 2535 603 nusquam

468 615 744 703 excepit3
799 637 930 681 non
981 613 1194 680 omnia
1245 634 1401 700 ergo
1454 612 1735 697 seriptis,
1800 612 1915 679 sed
1968 610 2308 697 quaedam,
2363 634 2537 697 quae

462 709 798 797 perspicua
841 708 994 787 sint,
1048 706 1254 772 tacitis
1299 706 1777 793 exceptionibus
1823 705 2034 771 caveri
2041 730 2061 783 3
2114 704 2342 771 deinde
2384 706 2539 771 nul-

461 804 592 869 lam
615 825 750 867 rem
784 824 990 886 neque
1016 800 1266 889 legibus
1293 800 1503 884 neque
1530 800 1843 888 scriptura
1864 799 2014 877 ulla,
2052 799 2323 883 denique
2350 822 2435 865 ne
2461 800 2535 866 in

465 919 754 963 sermone
791 896 1046 981 quidem
1071 893 1384 961 cotidiano
1424 904 1613 980 atque
1646 893 1926 982 imperiis
1955 893 2321 959 domesticis
2353 905 2537 959 recte

460 1012 653 1079 posse
691 988 1143 1067 administrari,
1201 989 1256 1054 si
1290 1010 1457 1053 unus
1511 989 1783 1074 quisque
1817 988 1971 1054 velit
2004 988 2203 1053 verba
2238 996 2531 1074 spectare

463 1095 530 1151 et
559 1107 689 1150 non
725 1084 808 1149 ad
841 1084 1230 1149 voluntatem
1265 1082 1432 1161 eius,
1486 1082 1595 1167 qui
1638 1104 1717 1148 ea
1756 1083 1955 1147 verba
1986 1080 2307 1159 habuerit,
2344 1102 2535 1145 acce-

358 1178 430 1233 48
466 1182 644 1259 dere3
700 1179 930 1245 deinde
975 1201 1056 1243 ex
1109 1176 1394 1243 utilitatis
1452 1187 1517 1243 et
1567 1177 1918 1243 honestatis
1971 1176 2259 1263 partibus
2314 1186 2535 1241 osten-

375 1251 635 1352 41dere,
673 1296 864 1358 quam
896 1273 1117 1338 inutile
1153 1283 1262 1337 aut
1296 1294 1489 1358 quam
1516 1283 1699 1359 turpe
1735 1272 1817 1337 sit
1848 1271 1936 1350 id,
1973 1271 2147 1356 quod
2180 1270 2535 1337 adversarii

464 1368 679 1435 dicant
710 1368 849 1432 fieri
891 1366 1246 1453 oportuisse
1291 1376 1402 1432 aut
1444 1376 1765 1452 oportere,
1819 1375 1885 1431 et
1914 1365 2012 1443 id,
2064 1364 2236 1448 quod
2276 1386 2397 1430 nos
2433 1366 2536 1431 fe-

464 1462 736 1529 cerimus
774 1472 884 1527 aut
915 1460 1340 1547 postulemus,
1396 1481 1589 1543 quam
1622 1460 1773 1525 utile
1810 1471 1921 1525 aut
1954 1481 2145 1543 quam
2186 1459 2537 1525 honestum

466 1556 574 1634 sit3
632 1555 860 1621 deinde
894 1556 1072 1643 leges
1118 1556 1303 1622 nobis
1357 1576 1537 1621 caras
1584 1576 1728 1620 esse
1771 1577 1901 1620 non
1950 1564 2209 1641 propter
2260 1553 2535 1633 litteras,

463 1674 626 1737 quae
661 1662 884 1718 tenues
913 1662 977 1717 et
1004 1638 1311 1718 obscurae
1337 1660 1529 1716 notae
1566 1651 1693 1715 sint
1718 1650 2081 1728 voluntatis,
2119 1650 2236 1715 sed
2268 1659 2537 1735 propter

462 1768 680 1813 earum
704 1767 936 1823 rerum,
972 1745 1204 1830 quibus
1232 1744 1312 1811 de
1339 1745 1645 1831 scriptum
1671 1754 1789 1822 est,
1825 1744 2161 1809 utilitatem
2187 1755 2253 1809 et
2286 1765 2532 1821 eorum,

461 1839 571 1924 qui
623 1839 1016 1925 scripserint,
1074 1839 1451 1925 sapientiam
1486 1849 1551 1904 et
1594 1838 2013 1925 diligentiam3
2066 1848 2319 1923 postea,
2374 1837 2537 1921 quid

462 1933 547 1997 sit
591 1932 726 2011 lex,
781 1933 1169 2010 describere,
1223 1943 1296 1999 ut
1330 1956 1411 1998 ea
1443 1933 1733 1999 videatur
1776 1932 1843 1998 in
1888 1932 2242 2010 sententiis,
2294 1954 2427 1997 non
2460 1931 2535 1996 in

459 2026 674 2092 verbis
710 2026 1084 2103 consistere,
1137 2037 1202 2091 et
1241 2026 1438 2091 iudex
1470 2026 1527 2093 is
1564 2027 1852 2093 videatur
1895 2027 2026 2113 legi
2066 2028 2531 2111 obtemperare,

461 2120 571 2204 qui
599 2120 976 2185 sententiam
1005 2120 1162 2198 eius,
1199 2143 1330 2188 non
1357 2122 1468 2203 qui
1498 2122 1875 2207 scripturam
1910 2130 2237 2205 sequatur3
2275 2119 2531 2197 deinde,

461 2234 654 2298 quam
715 2213 1046 2300 indignum
1101 2214 1210 2293 sit,
1275 2216 1501 2281 eodem
1562 2215 1748 2280 adfici
1810 2216 2118 2303 supplicio
2180 2238 2355 2293 eum,
2418 2215 2533 2299 qui

459 2318 718 2394 propter
767 2307 1024 2392 aliquod
1070 2309 1278 2375 scelus
1325 2320 1390 2374 et
1424 2309 1755 2395 audaciam
1800 2321 2021 2376 contra
2061 2310 2238 2397 leges
2282 2309 2531 2387 fecerit,

461 2413 527 2470 et
578 2426 752 2482 eum,
817 2403 926 2488 qui
979 2404 1250 2472 honesta
1303 2416 1414 2471 aut
1461 2405 1823 2473 necessaria
1875 2407 1954 2473 de
2006 2429 2202 2472 causa
2259 2428 2391 2471 non
2444 2407 2529 2470 ab

461 2499 804 2576 sententia,
863 2498 979 2564 sed
1033 2501 1115 2565 ab
1167 2500 1391 2566 litteris
1442 2501 1606 2590 legis
1656 2502 2018 2579 recesserit3
2074 2511 2263 2584 atque
2316 2499 2417 2564 his
2462 2511 2532 2564 et

459 2593 646 2660 huius
699 2595 873 2662 modi
922 2595 1271 2662 rationibus
1316 2606 1386 2661 et
1427 2596 1627 2683 accipi
1680 2617 1939 2662 causam
1990 2606 2055 2660 et
2095 2595 2164 2659 in
2215 2593 2337 2659 hac
2380 2592 2535 2680 lege

461 2689 662 2775 accipi
705 2699 772 2754 et
816 2711 958 2755 eam
1009 2711 1299 2769 causam,
1353 2712 1547 2774 quam
1579 2690 1719 2777 ipse
1764 2689 2037 2768 adferat,
2092 2698 2383 2776 oportere
2420 2707 2533 2752 ae·-

349 2805 425 2846 142
459 2781 584 2869 cipi
619 2783 1106 2862 demonstrabit3
1145 2795 1209 2850 et
1245 2806 1436 2868 quem
1472 2785 1554 2848 ad
1588 2784 1849 2850 modum
1883 2784 1943 2848 ei
1978 2783 2376 2860 dicebamus,
2414 2783 2529 2866 qui

459 2877 541 2942 ab
577 2877 811 2962 scripto
849 2877 1103 2956 diceret,
1142 2877 1264 2944 hoc
1297 2879 1435 2944 fore
1461 2877 1887 2956 utilissimum,
1928 2878 1983 2943 si
2018 2876 2173 2960 quid
2198 2876 2279 2940 de
2306 2875 2530 2960 aequi-

457 2977 587 3034 tate
623 2989 727 3047 ea,
765 2991 928 3053 quae
963 2992 1107 3036 cum
1144 2972 1507 3038 adversario
1546 2983 1759 3050 staret,
1795 2972 2188 3058 derogasset,
2226 2968 2320 3036 sic
2353 2969 2531 3048 huic,

458 3062 568 3146 qui
619 3074 840 3128 contra
892 3064 1196 3151 scriptum
1247 3064 1443 3142 dicet,
1505 3065 1847 3151 plurimum
1908 3064 2191 3151 proderit
2248 3085 2332 3128 ex
2379 3062 2527 3148 ipsa

459 3156 770 3242 scriptura
822 3157 1059 3240 aliquid
1111 3158 1193 3223 ad
1247 3181 1429 3224 suam
1488 3179 1746 3224 causam
1808 3170 2175 3224 convertere
2228 3166 2338 3222 aut
2388 3178 2529 3220 am-

455 3249 648 3336 bigue
685 3250 925 3334 aliquid
959 3253 1264 3339 scriptum
1300 3253 1669 3331 ostendere3
1706 3252 1937 3318 deinde
1970 3275 2052 3321 ex
2084 3253 2195 3317 illo
2222 3249 2525 3336 ambiguo

449 3358 600 3410 ‘eam
631 3356 907 3432 partem,
945 3368 1108 3430 quae
1145 3347 1268 3412 sibi
1301 3346 1523 3434 prosit,
1562 3347 1902 3412 defendere
1944 3357 2055 3412 aut
2086 3345 2266 3410 verbi
2302 3341 2530 3408 defini-

457 3438 694 3506 tionem
725 3439 1026 3506 inducere
1064 3453 1126 3506 et
1160 3439 1332 3507 illius
1377 3441 1557 3507 verbi
1590 3440 1749 3519 vim,
1796 3461 1921 3526 quo
1963 3439 2178 3526 urgeri
2212 3438 2521 3515 videatur,

457 3530 540 3597 ad
575 3555 728 3600 suae
763 3555 996 3600 causae
1039 3535 1445 3602 commodum
1488 3535 1817 3600 traducere
1854 3543 1963 3600 aut
1996 3556 2078 3599 ex
2120 3533 2359 3620 scripto
2392 3555 2525 3598 non

459 3627 763 3714 scriptum
816 3628 1074 3712 aliquod
1124 3629 1426 3696 inducere
1476 3651 1593 3716 per
1644 3627 2216 3705 ratiocinationem,
2270 3627 2351 3692 de
2394 3647 2525 3708 qua

311 3791 316 3796 ,
343 3752 422 3795 14³
453 3732 603 3807 post
637 3721 942 3788 dicemus.
1033 3744 1433 3808 quacumque
1486 3734 1699 3788 autem
1732 3722 1801 3787 in
1833 3745 1905 3788 re
1944 3717 2262 3807 [quamvis
2297 3720 2526 3786 leviter

451 3813 794 3902 probabili]
827 3816 1064 3904 scripto
1098 3816 1240 3904 ipso
1277 3839 1350 3882 se
1387 3816 1760 3894 defenderit,
1797 3815 1989 3882 etiam
2024 3836 2171 3880 eum
2204 3813 2524 3898 aequitate

453 3927 650 3974 causa
685 3911 1056 3990 abundabit,
1099 3913 1462 3979 necessario
1494 3912 1765 3978 multum
1797 3911 2102 3999 proficiet,
2146 3909 2290 3975 ideo
2328 3909 2525 3992 quod,

457 3999 514 4065 si
546 4001 639 4079 id,
695 4023 820 4086 quo
855 4005 1072 4071 nititur
1109 4005 1615 4073 adversariorum
1650 4027 1871 4086 causa,
1926 4004 2329 4082 subduxerit,
2383 4025 2525 4070 om·-
