2784 4575
367 1059 446 1098 833

479 236 610 304 276
899 213 904 217 ’
1097 248 1178 303 M.
1213 245 1483 305 :rum-,11
1516 244 1921 304 cicsnoms

479 374 548 440 in
599 367 770 438 hunc
831 391 1218 448 sermonem,
1271 370 1460 436 turba
1508 379 1939 457 patronorum.
2044 391 2165 436 nec
2217 370 2387 437 enim
2421 373 2567 440 'de-—

481 477 586 533 cet
619 476 682 532 te
719 475 1012 532 ornatum
1033 461 1371 530 uberrimis
1401 463 1663 540 artibus,
1701 485 1861 548 quas
1889 485 2035 530 cum
2069 464 2259 531 domo
2295 464 2559 533 haurire

479 581 612 628 non
643 581 892 647 posses,
929 556 1318 624 arcessivisti
1353 579 1437 622 ex
1469 559 1626 622 urbe
1662 578 1759 633 ea,
1794 579 1959 642 quae
1988 558 2215 624 domus
2251 569 2353 624 est
2380 582 2559 626 sem-

478 674 594 741 per
645 653 862 720 habita
895 652 1245 730 doctrinae,
1309 651 1629 717 numerari
1676 650 1745 716 in
1794 652 1987 738 volgo
2052 649 2553 740 [patmum-um}

478 769 630 812 nam
673 746 826 831 quid
869 756 932 811 te
977 745 1259 811 exercuit
1300 745 1685 810 Pammenes
1730 744 1829 809 vir
1867 745 2061 832 longe
2104 746 2555 830 eloquentissi-

478 863 624 906 mus
645 839 992 923 Graeciae?
1027 840 1181 925 quid
1211 839 1326 904 illa
1357 849 1541 904 vetus
1569 838 1925 904 Academia
1958 850 2149 924 atque
2183 839 2321 908 eius
2356 841 2549 910 heres

479 935 742 1001 Aristus
804 935 1042 1022 hospes
1093 945 1159 1000 et
1209 932 1541 998 familiaris
1600 955 1813 1012 meus,
1876 934 1933 1000 si
1984 934 2241 1020 quidem
2304 935 2549 1004 similes

483 1029 739 1096 maioris
783 1029 983 1116 partis
1037 1038 1359 1095 oratorum
1403 1027 1599 1092 futuri
1640 1027 1899 1092 sumus?
1961 1051 2174 1096 nonne
2226 1031 2549 1098 cernimus

480 1123 591 1189 vix
619 1121 886 1209 singulis
916 1122 1228 1188 aetatibus
1255 1121 1444 1187 binos
1470 1131 1753 1186 oratores
1778 1121 2115 1188 laudabilis
2185 1123 2547 1192 exstitisse?

483 1216 696 1283 Galba
728 1216 850 1281 fuit
889 1216 1054 1282 inter
1099 1226 1196 1282 tot
1236 1214 1518 1300 aequalis
1554 1237 1719 1281 unus
1766 1215 2113 1294 excellens,
2167 1217 2301 1296 cui,
2352 1239 2547 1302 quem

482 1311 566 1376 ad
599 1310 860 1376 modum
893 1310 1272 1397 accepimus,
1310 1320 1374 1376 et
1404 1307 1569 1376 Cato
1606 1308 1875 1375 cedebat
1900 1311 2110 1376 senior
2142 1321 2208 1377 et
2242 1311 2353 1396 qui
2384 1323 2551 1378 tem-

479 1404 742 1493 poribus
795 1404 920 1470 illis
975 1415 1182 1470 aetate
1232 1403 1565 1470 inferiores
1616 1404 1900 1482 fuerunt,
1952 1403 2244 1492 Lepidus
2294 1417 2544 1492 postea,

480 1498 712 1564 ‘deinde
734 1497 976 1566 Carboz
1012 1521 1162 1564 nam
1185 1496 1461 1565 Gracchi
1488 1497 1557 1562 in
1590 1496 1989 1564 contionibus
2024 1498 2225 1565 multo
2260 1500 2545 1566 faciliore

483 1603 550 1659 et
591 1591 883 1660 liberiore
936 1615 1169 1681 genere
1221 1592 1503 1670 dicendi,
1556 1613 1825 1676 quorum
1876 1603 2091 1658 tamen
2131 1593 2417 1680 ipsorum
2459 1597 2546 1659 ad

483 1697 757 1754 aetatem
790 1687 930 1756 laus
966 1687 1362 1772 eloquentiae
1393 1686 1681 1773 perfecta
1702 1687 1987 1752 nondum
2010 1686 2161 1766 fuit3
2195 1687 2543 1766 Antonius,

483 1781 791 1862 Crassus,
843 1794 994 1871 post
1036 1781 1256 1861 Cotta,
1313 1782 1667 1870 Sulpicius,
1718 1782 2137 1861 Hortensius,
2188 1782 2345 1848 nihil
2396 1783 2541 1849 dico

483 1878 785 1966 amplius.
838 1888 1085 1942 tantum
1126 1877 1298 1955 dico,
1355 1877 1413 1941 si
1454 1874 1613 1940 mihi
1658 1876 2023 1956 accidisset,
2073 1887 2145 1942 ut
2176 1899 2541 1942 numerarer

480 1970 551 2036 in
593 1972 852 2036 multis
856 2019 997 2039 .....
1045 1971 1100 2037 si
1144 1993 1417 2058 operosa
1462 1982 1561 2038 est
1612 1971 2008 2038 concursatio
2059 1972 2261 2058 magis
2302 1991 2537 2056 oppor-

481 2075 781 2130 tunorum
815 2112 958 2130 .....
