2784 4575
536 265 644 323 DE
678 264 988 323 PARTIT.
1029 261 1430 320 ORATORIA
1463 263 1673 318 DIAL.
1711 263 1952 321 16-22.
2149 253 2277 320 347

220 389 706 478 cumscriptione
760 386 1058 455 conclusa
1100 397 1211 453 aut
1249 385 1718 452 intermissione
1759 395 1871 452 aut
1921 387 2278 455 concisione

220 488 590 564 verborum3
660 483 1002 550 obscurum
1063 492 1277 547 autem
1336 491 1448 546 aut
1507 479 1902 567 longitudine
1963 491 2075 546 aut
2131 502 2284 548 con·

228 579 537 646 tractione
588 575 891 644 orationis
937 586 1049 642 aut
1098 573 1512 662 ambiguitate
1554 583 1665 638 aut
1704 573 2042 640 inflexione
2093 585 2286 685 atque
2354 627 2363 634 .

220 673 660 740 immutatione
710 672 1069 738 verborum.
1154 669 1458 736 brevitas
1489 679 1702 733 autem
1752 668 2080 734 conficitur
2132 669 2286 734 sim-

220 770 493 878 plicibus
527 766 771 846 verbis,
826 765 1025 832 semel
1074 787 1206 830 una
1238 785 1489 849 quaque
1539 785 1612 827 re
1647 762 1944 842 dicenda,
1995 763 2154 829 nulli
2186 763 2284 830 rei

222 863 349 928 nisi
382 872 453 926 ut
488 860 762 926 dilucide
796 859 973 925 dicas
1018 858 1372 926 serviendo.
1459 855 1788 944 probabile
1833 868 2044 922 autem
2077 879 2284 944 genus

221 966 323 1022 est
371 954 704 1032 orationis,
758 952 815 1017 si
864 975 996 1018 non
1046 951 1237 1017 nimis
1281 962 1381 1016 est
1427 959 1751 1036 comptum
1803 960 1991 1033 atque
2042 951 2284 1036 expoli-

220 1061 386 1126 tum,
444 1047 501 1112 si
534 1059 634 1112 est
668 1045 1007 1112 auctoritas
1044 1066 1121 1110 ac
1153 1044 1460 1131 pondus
1440 1067 1510 1108 m
1543 1042 1786 1121 verbis,
1843 1043 1899 1109 si
1934 1044 2281 1109 sententiae

222 1143 327 1208 vel
370 1163 601 1230 graves
638 1139 742 1206 vel
792 1151 977 1229 aptae
1022 1139 1425 1226 opinionibus
1471 1138 1798 1204 hominum
1851 1159 1928 1204 ac
1977 1138 2278 1205 moribus.

221 1235 505 1304 inlustris
543 1246 642 1304 est
694 1246 907 1300 autem
958 1233 1188 1312 oratio,
1245 1233 1300 1298 si
1334 1245 1404 1298 et
1443 1233 1640 1298 verba
1689 1232 2000 1318 gravitate
2037 1233 2282 1299 delecta
2317 1246 2378 1287 2⁰

220 1341 543 1417 ponuntur
608 1339 675 1395 et
745 1327 973 1394 tralata
1028 1325 1123 1414 [et
1182 1324 1532 1414 superlata]
1607 1337 1673 1392 et
1733 1327 1817 1392 ad
1883 1348 2116 1394 nomen
2171 1329 2284 1394 ad-

222 1425 438 1489 iuncta
479 1434 545 1490 et
604 1422 927 1511 duplicata
977 1433 1042 1488 et
1091 1421 1264 1486 idem
1310 1419 1732 1508 significantia
1775 1431 1963 1507 atque
2017 1423 2098 1488 ab
2140 1421 2283 1510 ipsa

228 1519 475 1582 actione
531 1515 750 1603 [atque
800 1513 1180 1602 imitatione]
1226 1537 1441 1580 rerum
1489 1537 1620 1584 non
1673 1515 2092 1583 abhorrentia.
2183 1527 2284 1582 est

222 1611 392 1676 enim
442 1611 602 1676 haec
660 1633 812 1697 pars
865 1608 1200 1689 orationis,
1261 1630 1427 1693 quae
1482 1631 1621 1673 rem
1681 1610 2023 1674 constituat
2078 1621 2287 1696 paene

220 1716 367 1770 ante
418 1703 664 1782 oculos3
723 1704 783 1770 is
833 1704 1003 1770 enim
1051 1703 1329 1768 maxime
1385 1725 1613 1768 sensus
1650 1702 1996 1788 attingitur,
2049 1703 2166 1768 sed
2217 1714 2282 1768 et

222 1799 415 1864 ceteri
456 1809 671 1864 tamen
722 1808 787 1864 et
830 1797 1105 1862 maxime
1157 1819 1340 1862 mens
1383 1797 1529 1883 ipsa
1568 1796 1812 1862 moveri
1841 1807 2074 1883 potest.
2163 1797 2279 1863 sed

222 1915 387 1978 quae
438 1892 609 1958 dicta
661 1903 810 1958 sunt
861 1893 941 1958 de
1001 1892 1285 1958 oratione
1346 1891 1648 1969 dilucida,
1711 1891 1946 1958 cadunt
1995 1891 2064 1956 in
2114 1890 2280 1956 hanc

218 1987 550 2052 inlustrem
602 1987 813 2052 omnia
819 2011 841 2066 3
904 1996 1005 2052 est
1038 1985 1209 2051 enim
1241 1985 1388 2071 plus
1428 1985 1748 2069 aliquanto
1791 1985 2054 2050 inlustre
2091 2006 2282 2069 quam

218 2081 378 2146 illud
430 2080 803 2146 dilucidum:
857 2080 1056 2145 altero
1090 2079 1163 2144 fit
1203 2090 1276 2144 ut
1322 2078 1798 2166 intellegamus,
1854 2079 2050 2146 altero
2084 2090 2156 2144 ut
2189 2079 2283 2143 vi-

221 2175 370 2240 dere
423 2175 771 2240 videamur.
879 2197 1075 2239 suave
1130 2183 1341 2238 autem
1394 2195 1602 2260 genus
1653 2173 1773 2239 erit
1823 2173 2073 2240 dicendi
2127 2169 2282 2261 [pri-
2307 2206 2360 2246 21

218 2267 427 2355 mum]
483 2268 799 2355 elegantia
850 2280 915 2335 et
963 2268 1353 2333 iucunditate
1407 2268 1745 2333 verborum
1809 2267 2168 2337 sonantium
2219 2278 2285 2335 et

218 2361 484 2439 levium3
541 2362 769 2427 deinde
805 2362 1273 2439 coniunctione,
1310 2383 1474 2445 quae
1509 2384 1716 2447 neque
1753 2386 2013 2450 asperos
2049 2364 2284 2429 habeat

220 2476 567 2521 concursus
603 2476 810 2539 neque
845 2455 1195 2521 disiunctos
1252 2465 1442 2538 atque
1477 2455 1740 2534 hiantis,
1795 2468 1862 2523 et
1895 2457 1977 2523 sit
2012 2456 2279 2520 circum-

222 2550 459 2634 scripta
490 2572 619 2615 non
661 2550 857 2635 longo
900 2550 1221 2626 anfractu,
1276 2549 1396 2613 sed
1437 2549 1520 2613 a‘d
1573 2549 1863 2635 spiritum
1897 2549 2073 2615 vocis
2111 2560 2284 2635 apto,

220 2642 577 2727 habeatque
613 2641 1089 2709 similitudinem
1122 2644 1692 2727 aequalitatemque
1731 2644 2093 2721 verborum3
2149 2655 2284 2707 tum

220 2760 302 2803 ex
324 2736 652 2802 contrariis
672 2746 927 2823 sumpta
958 2736 1170 2802 verbis
1201 2738 1422 2803 crebro
1442 2736 1792 2815 contrariis,
1827 2736 2084 2824 paribus
2104 2737 2282 2825 paria

219 2830 677 2915 respondeant,
730 2830 1055 2914 relataque
1104 2831 1187 2895 ad
1227 2830 1401 2897 idem
1451 2832 1720 2896 verbum
1753 2840 1818 2896 et
1851 2830 2172 2918 geminata
2208 2850 2286 2895 ac

222 2924 542 3010 duplicata
574 2924 680 2989 vel
714 2924 906 2991 etiam
942 2924 1199 3011 saepius
1235 2925 1463 2991 iterata
1494 2936 1831 3012 ponantur,
1866 2923 2285 2991 constructio-

220 3040 346 3101 que
381 3020 720 3085 verborum
754 3030 888 3083 tum
924 3018 1472 3085 coniunctionibus
1509 3018 1868 3105 copuletur,
1904 3029 2040 3083 tum
2076 3019 2280 3084 disso-

222 3113 571 3181 lutionibus
608 3116 791 3200 quasi
834 3114 1173 3181 relaxetur.
1260 3114 1335 3179 fit
1368 3115 1560 3180 etiam
1599 3114 1812 3179 suavis
1849 3114 2078 3193 oratic,
2133 3134 2277 3179 cum
2303 3141 2362 3180 22

223 3208 463 3291 aliquid
522 3220 629 3275 aut
684 3210 963 3275 invisum
1024 3220 1133 3274 aut
1183 3207 1542 3273 inauditum
1601 3219 1710 3275 aut
1769 3230 2006 3273 novum
2075 3207 2280 3286 dicas3

222 3301 496 3366 delectat
530 3302 698 3365 enim
742 3303 1043 3387 quicquid
1078 3313 1176 3368 est
1212 3302 1582 3367 admirabile
1623 3301 2024 3386 maximeque
2066 3314 2283 3367 movet

222 3416 329 3471 ea,
382 3414 546 3476 quae
580 3405 824 3461 motum
860 3396 1134 3480 aliquem
1172 3396 1369 3461 animi
1401 3395 1654 3474 miscet,
1711 3396 1941 3475 oratio,
1997 3418 2282 3480 quaeque

224 3487 543 3573 significat
576 3490 843 3555 oratoris
893 3490 1095 3577 ipsius
1152 3491 1442 3557 amabilis
1487 3512 1726 3568 mores,
1779 3490 1888 3573 qui
1923 3489 2290 3577 exprimun-

221 3594 327 3645 tur
359 3593 470 3645 aut
496 3582 911 3670 significando
944 3584 1177 3649 iudicio
1202 3584 1406 3671 ipsius
1439 3594 1506 3649 et
1540 3583 1751 3649 animo
1785 3584 2082 3650 humano.
2101 3606 2178 3649 ac
2209 3584 2286 3648 li-

219 3676 422 3741 berali
456 3688 566 3741 aut
598 3676 937 3744 inflexione
975 3678 1316 3757 sermonis,
1370 3700 1520 3743 cum
1553 3688 1664 3743 aut
1707 3678 1982 3765 augendi
2025 3676 2284 3743 alterius

222 3780 335 3835 aut
383 3770 709 3836 minuendi
746 3772 845 3837 sui
882 3794 1077 3838 causa
1120 3772 1246 3838 alia
1280 3772 1407 3836 dici
1443 3772 1524 3837 ab
1571 3782 1848 3849 oratore,
1901 3770 2026 3836 alia
2069 3770 2288 3837 existi·-

220 3863 384 3927 mari
419 3864 741 3943 videntur,
785 3866 976 3949 idque
1010 3865 1307 3932 comitate
1341 3865 1482 3931 fieri
1515 3864 1721 3951 magis
1758 3886 1949 3949 quam
1983 3864 2281 3932 vanitate.

225 3956 343 4021 sed
378 3970 526 4023 sunt
557 3958 760 4025 multa
795 3959 1125 4027 suavitatis
1173 3970 1541 4046 praecepta,
1595 3981 1758 4044 quae
1793 3958 2138 4025 orationem
2175 3968 2280 4023 aut

221 4051 433 4137 magis
485 4053 823 4119 obscuram
876 4065 987 4120 aut
1038 4052 1249 4119 minus
1302 4052 1697 4141 probabilem
1748 4051 2015 4117 faciuntz
2068 4052 2283 4137 itaque
