2784 4575
538 232 579 297 6
1033 240 1450 300 CORNIFICII
1484 238 2108 298 RHETORICORUM

534 390 742 452 neque
802 365 1182 432 benevolum
1232 386 1441 448 neque
1495 363 1765 428 docilem
1816 385 2023 447 neque
2078 373 2385 429 attentum
2438 366 2595 433 facit

468 460 505 513 8
539 462 908 527 auditorem.
997 460 1077 525 de
1129 460 1391 525 exordio
1446 458 1598 522 satis
1654 457 1771 522 erit
1823 458 2089 523 dictum:
2155 457 2452 546 deinceps
2506 462 2589 525 ad

462 531 512 571 ²²
536 556 959 620 narrationem
993 565 1415 619 transeamus.

661 649 1111 715 Narrationum
1164 647 1287 712 tria
1338 668 1579 733 genera
1632 656 1805 711 nunt:
1857 667 2056 711 unum
2108 658 2234 725 est,
2289 667 2436 711 cum
2478 670 2590 713 ex-

531 743 824 830 ponimus
859 766 998 809 rem
1032 752 1284 829 gestam
1318 751 1384 807 et
1415 762 1615 805 unum
1649 740 1926 825 quidque
1960 740 2267 806 trahimus
2304 742 2388 807 ad
2421 741 2589 807 utili-

531 849 730 903 tatem
787 848 1075 903 nostram
1138 834 1439 901 vincendi
1497 856 1717 912 causa,
1781 835 1954 918 quod
2011 835 2285 921 pertinet
2335 836 2418 900 ad
2477 858 2588 901 eas

531 954 789 1009 causas,
836 932 916 996 de
953 931 1182 1014 quibus
1233 929 1536 994 iudicium
1569 929 1855 994 futurum
1887 940 2012 1006 est3
2076 929 2344 995 alterum
2378 952 2584 1017 genus

532 1036 635 1091 est
667 1025 1077 1103 narrationis,
1133 1024 1307 1108 quod
1345 1023 1701 1088 intercurrit
1745 1044 1875 1087 non
1917 1044 2262 1107 numquam
2294 1024 2444 1089 fidei
2479 1036 2589 1090 aut

533 1118 988 1184 criminationis
1052 1130 1161 1183 aut
1220 1116 1607 1183 transitionis
1664 1126 1774 1181 aut
1831 1115 2096 1181 alicuius
2160 1118 2587 1203 apparationis

534 1232 731 1277 causa
738 1237 757 1289 3
795 1213 1049 1277 tertium
1073 1235 1277 1297 genus
1314 1222 1414 1276 est
1445 1210 1532 1288 id,
1572 1210 1743 1294 quod
1778 1233 1817 1275 a
1851 1230 2047 1275 causa
2079 1209 2250 1275 civili
2273 1222 2589 1278 remotum

108 1363 159 1392 „U
534 1316 652 1383 est,
687 1305 754 1369 in
791 1328 916 1390 quo
950 1317 1162 1371 tamen
1190 1304 1469 1370 exerceri
1503 1303 1816 1380 convenit,
1854 1325 1980 1387 quo
2016 1305 2407 1371 commodius
2442 1305 2587 1371 illas

162 1409 200 1493 ζ·
355 1404 358 1409 ’
455 1424 507 1465 13
537 1400 894 1484 superiores
929 1400 1318 1466 narrationes
1355 1400 1424 1463 in
1466 1397 1677 1463 causis
1713 1409 1983 1463 tractare
2018 1399 2358 1484 possimus.
2448 1401 2585 1493 eius

218 1495 233 1504 ¹
263 1498 275 1506 '
529 1495 906 1560 narrationis
935 1495 1061 1560 duo
1088 1517 1324 1582 genera
1351 1504 1527 1558 sunt:
1563 1514 1781 1569 unum,
1819 1492 1991 1576 quod
2012 1491 2080 1557 in
2104 1494 2397 1580 negotiis,
2432 1494 2589 1559 alte-

529 1611 700 1665 rum,
756 1590 926 1672 quod
967 1589 1034 1653 in
1077 1588 1366 1675 personis
1412 1586 1693 1672 positum
1728 1596 1846 1650 est.
1932 1584 2028 1663 id,
2082 1588 2254 1670 quod
2287 1586 2355 1651 in
2386 1610 2588 1673 nego-

529 1682 758 1748 tiorum
775 1682 1167 1769 expositione
1192 1682 1474 1768 positum
1501 1691 1618 1757 est,
1656 1679 1770 1744 tris
1798 1678 1991 1745 habet
2016 1680 2242 1765 partis:
2278 1680 2584 1759 fabulam,

527 1776 873 1853 historiam,
911 1786 1372 1861 argumentum.
1437 1774 1657 1839 fabula
1682 1785 1799 1851 est,
1837 1796 2000 1857 quae
2025 1796 2232 1858 neque
2259 1797 2443 1840 veras
2471 1799 2586 1840 ne·

527 1892 649 1953 que
685 1869 820 1934 veri
858 1869 1079 1933 similis
1116 1869 1397 1933 continet
1429 1890 1552 1944 res,
1590 1877 1665 1931 ut
1698 1889 1810 1932 eae
1846 1879 2013 1944 sunt,
2051 1890 2212 1952 quae
2241 1870 2583 1956 tragoediis

529 1963 795 2028 traditae
832 1972 980 2025 sunt
989 1986 1008 2039 ;
1036 1962 1300 2026 historia
1333 1971 1435 2026 est
1458 1972 1642 2047 gesta
1665 1982 1788 2038 res,
1827 1962 1943 2027 sed
1968 1963 2049 2028 ab
2076 1964 2300 2028 aetatis
2326 1974 2584 2030 nostrae

528 2055 834 2120 memoria
863 2070 1109 2119 remota
1117 2079 1134 2131 3
1183 2064 1625 2140 argumentum
1660 2066 1759 2121 est
1790 2055 1940 2119 ficta
1983 2079 2115 2133 reS,
2172 2079 2334 2140 quae
2370 2066 2584 2121 tamen

527 2150 666 2215 fieri
699 2148 932 2234 potuit,
978 2148 1155 2212 velut
1197 2160 1569 2235 argumenta
1612 2150 2100 2215 comoediarum.
2184 2152 2344 2215 illud
2377 2174 2582 2238 genus

528 2242 938 2319 narrationis,
991 2242 1165 2325 quod
1197 2242 1264 2307 in
1296 2243 1586 2329 personis
1629 2243 1910 2330 positum
1944 2255 2068 2323 est,
2124 2245 2314 2311 debet
2347 2247 2585 2311 habere

532 2337 840 2402 sermonis
876 2336 1314 2414 festivitatem,
1352 2338 1707 2402 animorum
1742 2338 2333 2418 dissimilitudinem,
2372 2341 2586 2426 gravi-

528 2441 750 2508 tatem,
786 2430 1131 2509 levitatem,
1169 2453 1366 2517 spem,
1404 2443 1663 2511 metum,
1704 2432 2137 2518 suspitionem,
2177 2434 2581 2512 desiderium,

526 2525 1120 2603 dissimulationem,
1173 2525 1699 2604 misericordiam,
1761 2549 1973 2592 rerum
2025 2526 2390 2607 varietateS,
2452 2529 2585 2594 for-

524 2631 714 2686 tunae
751 2620 1325 2698 commutationem,
1361 2620 1754 2706 insperatum
1778 2621 2267 2699 incommodum,
2305 2622 2583 2687 subitam

519 2715 852 2792 laetitiam,
887 2715 1235 2780 iucundum
1271 2714 1513 2780 exitum
1547 2737 1776 2780 rerum.
1851 2737 2074 2780 verum
2107 2716 2265 2780 haec
2297 2717 2365 2780 in
2401 2739 2587 2781 exer-

524 2809 724 2872 cendo
776 2808 1232 2894 transigentur:
1294 2807 1480 2885 illud,
1544 2808 1719 2892 quod
1771 2808 1854 2873 ad
1904 2809 2232 2873 veritatem
2286 2809 2582 2895 pertinet,

523 2922 650 2983 quo
685 2902 874 2966 modo
911 2903 1166 2966 tractari
1202 2903 1562 2980 conveniat,
1601 2902 1978 2988 aperiemus.

455 2992 488 3046 9
646 2994 793 3058 Tris
852 3017 956 3058 res
1003 2995 1298 3059 convenit
1329 2994 1564 3061 habere
1598 2996 2048 3063 narrationem:
2103 3009 2175 3060 ut
2215 2997 2454 3074 breviS,
2507 3009 2583 3061 ut

448 3063 500 3103 ²⁴
524 3087 819 3165 dilucida,
863 3097 937 3150 ut
978 3086 1111 3152 veri
1147 3088 1367 3154 similis
1415 3090 1525 3168 sit3
1573 3112 1735 3174 quae
1780 3091 2079 3175 quoniam
2111 3091 2249 3156 fieri
2288 3100 2584 3177 oportere

526 3179 792 3257 scimus,
846 3201 1035 3264 quem
1077 3183 1160 3246 ad
1201 3183 1463 3249 modum
1505 3184 1843 3262 faciamus,
1899 3185 2415 3271 cognoscendum
2458 3196 2579 3250 est.

522 3295 660 3340 rem
694 3274 967 3340 breviter
1018 3276 1273 3342 narrare
1307 3277 1684 3362 poterimus,
1741 3279 1795 3344 si
1830 3279 1979 3344 inde
2013 3279 2385 3364 incipiemus
2430 3278 2580 3343 nar-4

521 3390 692 3446 rare,
746 3369 914 3434 unde
957 3391 1220 3436 necesse
1265 3370 1410 3449 erit,
1466 3383 1531 3437 et
1575 3373 1629 3437 si
1673 3395 1802 3438 non
1854 3372 1936 3436 ab
1979 3372 2201 3437 ultimo
2254 3372 2432 3438 initio
2475 3395 2580 3436 re-

521 3474 738 3550 petere
772 3463 1084 3544 volemus,
1122 3477 1186 3530 et
1223 3466 1278 3530 si
1315 3468 1703 3544 summatim,
1739 3490 1871 3531 non
1902 3467 2323 3552 particulatim
2358 3491 2582 3532 narra—

521 3559 759 3636 bimuS,
815 3569 878 3623 et
913 3560 968 3625 si
1001 3583 1131 3626 non
1167 3561 1250 3625 ad
1285 3571 1666 3638 extremum,
1715 3561 1831 3626 sed
1864 3583 2067 3645 usque
2104 3583 2211 3639 eo,
2250 3585 2375 3647 quo
2412 3585 2575 3648 opus

521 3651 666 3730 erit,
720 3674 1200 3738 persequemur,
1256 3665 1321 3718 et
1355 3654 1412 3718 si
1446 3654 1922 3720 transitionibus
1958 3655 2149 3720 nullis
2184 3666 2464 3733 utemur,
2508 3668 2578 3720 et

521 3747 576 3810 si
609 3769 740 3812 non
774 3748 1203 3813 deerrabimus
1241 3748 1322 3811 ab
1357 3769 1463 3825 eo,
1504 3750 1673 3831 quod
1706 3748 2099 3835 coeperimus
2136 3772 2471 3836 exponere,
2510 3762 2579 3816 et

522 3838 578 3903 si
612 3839 817 3905 exitus
852 3863 1064 3906 rerum
1097 3841 1188 3905 ita
1220 3862 1561 3925 ponemus,
1607 3852 1680 3907 ut
1715 3852 1860 3908 ante
1906 3865 2158 3927 quoque
2203 3866 2367 3927 quae
2402 3844 2577 3908 facta

523 3931 666 4009 sint,
705 3933 850 3998 sciri
883 3933 1151 4021 possint,
1189 3934 1443 3998 tametsi
1476 3957 1595 4000 nos
1630 3935 2093 4014 reticuerimus,
2132 3938 2301 4021 quod
2334 3960 2539 4023 genus
2554 3962 2574 4002 x

523 4024 579 4089 si
614 4025 845 4104 dicam,
889 4049 995 4092 me
1031 4049 1112 4091 ex
1143 4025 1469 4113 provincia
1507 4029 1780 4109 redisse,
1823 4029 2181 4115 profectum
2217 4053 2468 4115 quoque
2500 4029 2575 4097 in
