2784 4575
358 583 424 638 51

351 656 427 700 197

466 261 592 326 188
1075 269 1154 324 Μ.
1199 266 1469 326 TULLII
1508 267 1907 327 CICERONIS

462 393 860 461 multitudine
913 402 978 458 et
1038 391 1276 478 populo
1327 414 1458 458 non
1516 393 1707 458 modo
1734 461 1747 470 x
1768 403 2058 458 catervae
2119 403 2307 477 atque
2370 416 2529 460 con-

463 500 714 567 centus,
753 489 869 554 sed
903 487 1094 554 etiam
1125 485 1251 574 ipsi
1289 485 1411 552 sibi
1443 485 1678 572 singuli
1714 485 2143 573 discrepantes
2180 487 2531 553 eiciantur?

461 583 747 650 mirabile
801 593 928 660 est,
991 603 1138 646 cum
1187 579 1531 668 plurimum
1580 580 1649 644 in
1700 580 1991 646 faciendo
2052 581 2300 646 intersit
2356 583 2528 646 inter

463 678 720 760 doctum
771 687 836 742 et
883 675 1135 752 rudem,
1192 696 1384 758 quam
1434 696 1566 740 non
1616 674 1886 740 multum
1938 674 2190 740 differat
2236 675 2305 740 in
2355 675 2528 740 iudi-

465 771 688 836 cando.
777 793 880 836 ars
917 769 1088 835 enim
1121 789 1268 832 cum
1301 791 1342 833 a
1375 778 1603 832 natura
1630 768 1942 853 profecta
1974 768 2083 846 sit,
2136 769 2261 835 nisi
2294 780 2531 855 natura

463 877 718 931 moveat
751 885 829 930 ac
872 864 1168 940 delectet,
1219 859 1378 926 nihil
1416 884 1570 926 sane
1606 860 1817 948 egisse
1860 861 2151 927 videatur
2158 887 2177 942 3
2230 863 2387 928 nihil
2425 874 2528 928 est

466 971 678 1026 autem
711 971 842 1044 tam
878 967 1220 1044 cognatum
1262 955 1582 1022 mentibus
1626 956 1859 1022 nostris
1914 977 2105 1040 quam
2145 957 2394 1023 numeri
2425 969 2530 1024 ›at-

464 1077 586 1140 que
630 1075 848 1131 voces3
887 1052 1113 1137 quibus
1151 1062 1215 1116 et
1248 1051 1597 1116 excitamur
1631 1061 1696 1116 et
1726 1050 2135 1116 incendimur
2153 1061 2219 1117 et
2252 1051 2529 1117 lenimur

465 1159 530 1214 et
560 1147 1031 1234 languescimus
1077 1155 1142 1211 et
1186 1144 1268 1210 ad
1319 1144 1700 1211 hilaritatem
1735 1155 1799 1209 et
1835 1144 1918 1208 ad
1960 1143 2277 1210 tristitiam
2331 1168 2525 1231 saepe

467 1243 862 1321 deducimur3
903 1263 1169 1326 quorum
1203 1239 1313 1304 illa
1347 1262 1597 1304 summa
1630 1239 1729 1304 vis
1766 1237 2147 1304 carminibus
2182 1249 2281 1304 est
2318 1239 2531 1326 aptior

465 1346 529 1402 et
563 1335 882 1414 cantibus,
926 1358 1056 1401 non
1089 1334 1409 1422 neglecta,
1445 1345 1519 1399 ut
1549 1333 1706 1398 mihi
1740 1333 2015 1411 videtur,
2053 1357 2093 1396 a
2123 1333 2335 1400 Numa
2366 1355 2525 1420 rege

465 1431 830 1498 doctissimo
864 1431 1330 1520 maioribusque
1364 1427 1619 1508 nostris,
1654 1439 1726 1493 ut
1759 1427 2087 1513 epularum
2124 1427 2525 1494 sollemnium

463 1527 624 1592 fides
661 1549 736 1592 ac
771 1526 960 1593 tibiae
999 1523 1443 1609 Saliorumque
1480 1545 1702 1588 versus
1738 1522 2019 1588 indicant
2026 1547 2046 1601 ;
2098 1522 2375 1588 maxime
2412 1545 2529 1588 au-

351 1652 354 1654 *
465 1633 594 1686 tem
630 1643 670 1686 a
704 1618 978 1686 Graecia
1010 1630 1223 1684 vetere
1277 1617 1612 1684 celebrata.
1704 1613 1961 1701 [quibus
2013 1615 2257 1680 utinam
2304 1616 2525 1681 simili-

354 1832 430 1873 198

463 1715 710 1799 busque
748 1714 828 1780 de
877 1715 1070 1780 rebus
1125 1711 1441 1798 disputari
1489 1733 1679 1795 quam
1715 1710 1795 1776 de
1846 1709 2191 1797 puerilibus
2244 1709 2343 1776 his
2380 1733 2526 1775 ver·-

467 1811 694 1874 borum
745 1807 1263 1873 translationibus
1315 1805 1701 1873 maluissetis
1716 1802 1763 1892 1]
1818 1823 2040 1869 verum
2090 1815 2163 1869 ut
2211 1803 2279 1868 in
2331 1827 2523 1869 versu

464 1902 723 1989 volgus,
763 1903 818 1966 si
851 1913 952 1967 est
984 1909 1335 1989 peccatum,
1371 1898 1565 1978 videt,
1604 1899 1715 1977 sic,
1754 1899 1808 1964 si
1842 1899 1997 1982 quid
2027 1899 2096 1962 in
2128 1909 2347 1964 nostra
2377 1919 2525 1964 >ora-

465 1997 635 2063 tione
689 1995 1026 2072 claudicat,
1083 1994 1273 2059 sentit
1280 2019 1300 2070 3
1357 1992 1473 2058 sed
1522 1997 1749 2078 poetae
1800 2015 1930 2058 non
1980 1992 2279 2078 ignoscit,
2332 1993 2523 2058 nobis

465 2088 780 2154 concedit:
835 2087 1022 2153 tacite
1057 2097 1271 2151 tamen
1306 2107 1527 2152 omnes
1572 2108 1701 2151 non
1736 2108 1878 2152 esse
1914 2085 2097 2164 illud,
2152 2087 2323 2170 quod
2356 2086 2522 2152 dixi-

463 2203 636 2258 mus,
691 2190 908 2266 aptum
958 2180 1438 2266 perfectumque
1492 2188 1775 2244 cernunt.
1862 2180 2074 2265 itaque
2116 2179 2209 2244 illi
2248 2191 2519 2257 veteres,

463 2275 626 2340 sicut
659 2274 846 2340 hodie
884 2274 1074 2340 etiam
1108 2296 1238 2341 non
1271 2273 1480 2340 nullos
1535 2273 1855 2353 videmus,
1912 2297 2056 2340 cum
2092 2273 2419 2360 circuitum
2450 2285 2523 2341 et

463 2368 646 2453 quasi
699 2368 917 2433 orbem
969 2369 1306 2435 verborum
1359 2367 1667 2434 conficere
1722 2391 1853 2435 non
1903 2379 2195 2455 possent,
2250 2392 2401 2433 nam
2448 2369 2523 2434 id

466 2462 719 2547 quidem
751 2485 954 2548 nuper
987 2462 1090 2527 vel
1125 2485 1318 2549 posse
1362 2462 1467 2527 vel
1514 2461 1745 2528 audere
1791 2462 2142 2547 coepimUS,
2194 2473 2375 2527 terna
2410 2474 2525 2527 aut

463 2556 614 2622 bina
665 2565 773 2622 aut
823 2579 953 2622 non
1003 2556 1161 2621 nulli
1222 2556 1473 2643 singula
1524 2556 1716 2623 etiam
1775 2555 1971 2621 verba
2023 2556 2343 2635 dicebant3
2409 2557 2523 2641 qui

461 2650 528 2715 in
551 2650 661 2716 illa
683 2650 950 2715 infantia
973 2651 1260 2735 naturale
1283 2650 1460 2728 illud,
1500 2649 1672 2733 quod
1699 2672 1883 2715 ain-es
1911 2648 2238 2727 hominum
2269 2651 2523 2737 flagita-

461 2744 642 2822 bant,
681 2744 983 2810 tenebant
1015 2755 1257 2821 tamen,
1310 2755 1382 2809 ut
1418 2755 1483 2808 et
1514 2744 1633 2808 illa,
1660 2754 1875 2809 essent
1907 2743 2113 2829 paria,
2151 2766 2312 2828 quae
2349 2744 2525 2810 dice-

333 2844 344 2851 ”
460 2848 630 2915 rent,
668 2849 732 2903 et
767 2838 1135 2923 aequalibus
1170 2837 1787 2925 interspirationibus
1822 2848 2165 2903 uterentur.

358 2926 426 2979 52

349 2999 426 3038 199

347 3800 425 3839 200

578 2931 872 3017 Exposui
905 2933 1058 3010 fere,
1095 2941 1167 2995 ut
1199 2932 1397 3017 potui,
1434 2953 1597 3015 quae
1632 2930 1905 2995 maxime
1942 2931 2025 2995 ad
2052 2941 2343 2997 ornatum
2378 2955 2524 2999 ora-

464 3022 652 3089 tionis
713 3026 1027 3110 pertinere
1092 3024 1461 3091 arbitrabar.
1568 3024 1700 3090 dixi
1751 3024 1923 3090 enim
1984 3025 2063 3091 de
2124 3025 2521 3113 singulorum

459 3117 650 3183 laude
701 3120 1067 3195 verborum,
1129 3118 1263 3183 dixi
1315 3120 1397 3185 de
1451 3118 1888 3184 coniunctione
1943 3140 2189 3198 eorum,
2252 3119 2383 3184 dixi
2437 3122 2522 3185 de

459 3234 720 3277 numero
776 3223 964 3295 atque
1015 3211 1246 3291 forma3
1303 3212 1419 3277 sed
1472 3211 1527 3277 si
1569 3212 1856 3278 habitum
1913 3210 2159 3300 [etiam]
2216 3214 2521 3280 orationis

461 3315 525 3370 et
567 3305 750 3390 quasi
802 3305 1076 3375 colorem
1129 3305 1403 3390 aliquem
1444 3306 1789 3389 requiritis,
1844 3318 1943 3372 est
1986 3318 2052 3373 et
2092 3308 2283 3394 plena
2324 3330 2520 3393 quae-

462 3399 637 3478 dam,
700 3398 816 3465 sed
868 3410 1081 3465 tamen
1134 3410 1331 3478 teres,
1394 3411 1459 3465 et
1510 3399 1746 3477 tenuis,
1801 3422 1931 3466 non
1986 3400 2121 3467 sine
2174 3402 2387 3467 nervis
2442 3425 2520 3469 ac

459 3494 727 3571 viribus,
773 3497 837 3559 et
873 3516 975 3572 ea,
1023 3516 1186 3578 quae
1221 3494 1539 3581 particeps
1575 3494 1903 3577 utriusque
1948 3496 2199 3581 generis
2238 3497 2517 3580 quadam

457 3586 890 3653 mediocritate
934 3588 1256 3665 laudatur3
1310 3588 1410 3653 his
1449 3588 1650 3654 tribus
1689 3588 1910 3675 figuris
1946 3589 2221 3655 insidere
2257 3590 2521 3674 quidam

459 3681 810 3746 venustatis
845 3704 976 3749 non
1009 3682 1156 3748 fuco
1193 3682 1439 3759 inlitus,
1494 3682 1611 3747 sed
1654 3682 1963 3769 sanguine
2018 3683 2287 3748 diffusus
2326 3684 2519 3749 debet

461 3774 650 3841 color.
743 3772 934 3862 [tum]
975 3776 1244 3860 denique
1279 3775 1384 3840 hic
1436 3776 1620 3841 nobis
1670 3774 1935 3863 [orator]
1982 3776 2072 3841 ita
2115 3778 2515 3844 conforman-

461 3869 580 3933 dus
617 3878 716 3933 est
751 3879 815 3933 et
848 3869 1060 3935 verbis
1097 3881 1162 3935 et
1198 3869 1554 3947 sententiiS,
1607 3881 1706 3948 ut,
1761 3893 1948 3953 quem
1986 3870 2069 3935 ad
2110 3872 2369 3936 modum
2405 3870 2516 3956 qui

459 3969 720 4025 utuntur
753 3962 945 4027 armis
983 3974 1092 4027 aut
1123 3964 1471 4049 palaestra,
1524 3986 1654 4029 non
1710 3965 1915 4030 solum
1970 3964 2092 4029 sibi
2125 3964 2368 4029 vitandi
2404 3974 2517 4029 aut

459 4048 728 4115 feriendi
767 4054 1078 4120 rationem
1123 4078 1265 4121 esse
1307 4056 1669 4122 habendam
1712 4066 1966 4144 putant,
2022 4059 2138 4125 sed
2172 4058 2391 4136 etiam,
2438 4068 2514 4122 ut
