2784 4575
489 267 572 332 68
983 277 1401 337 CORNIFIOII
1436 274 2057 334 RHETORICORUM

489 401 815 468 exornatio
868 411 994 478 est,
1047 423 1211 484 quae
1262 423 1392 480 non
1442 400 1511 465 in
1558 399 1774 466 verbis
1788 449 1807 476 ‚
1861 399 1976 464 sed
2026 399 2093 464 in
2143 399 2301 487 ipsis
2352 401 2551 466 rebus

489 497 808 580 quandam
843 493 1038 560 habet
1073 496 1465 624 dignitatem.
1626 589 1662 623 ξ

1502 639 1539 674 *-

395 708 446 750 19
591 684 936 770 ·Repetitio
981 694 1109 762 est,
1164 705 1310 749 cum
1353 684 1747 748 continenter
1788 684 1872 748 ab
1914 705 2043 748 uno
2088 694 2277 767 atque
2321 683 2555 749 eodem

489 779 684 845 verbo
717 779 786 844 in
818 779 1012 843 rebus
1065 777 1374 842 similibus
1412 787 1478 842 et
1510 777 1778 843 diversis
1828 777 2141 864 principia
2192 789 2555 856 sumuntur,

487 871 611 938 hoc
653 872 872 938 modo:
927 871 1139 937 ‘vobis
1183 871 1357 936 istud
1408 871 1878 937 attribuendum
1922 881 2050 950 est,
2104 871 2287 937 vobis
2340 872 2553 958 gratia

487 976 589 1030 est
622 965 946 1043 habenda,
1002 965 1185 1032 vobis
1228 965 1355 1030 ista
1393 988 1499 1030 res
1548 965 1667 1030 erit
1707 965 1972 1031 honori.’
2060 965 2243 1031 item:
2298 964 2553 1053 ‘Scipio

485 1059 896 1126 Numantiam
932 1059 1214 1137 sustulit,
1262 1057 1481 1146 Scipio
1514 1060 1985 1146 Karthaginem
2020 1059 2280 1138 delevit,
2327 1057 2557 1146 Scipio

487 1175 713 1240 pacem
753 1154 1027 1242 peperit,
1083 1151 1300 1242 Scipio
1343 1154 1664 1220 civitatem
1709 1154 2023 1220 servavit?
2111 1155 2293 1221 item=
2348 1160 2449 1220 ‘tu
2480 1155 2551 1219 in
2742 1149 2744 1228 4

489 1247 700 1312 forum
749 1247 1032 1334 prodire,
1085 1259 1156 1312 tu
1197 1248 1406 1314 lucem
1458 1249 1851 1336 conspicere,
1904 1259 1976 1312 tu
2017 1249 2085 1312 in
2128 1247 2355 1313 horum
2396 1269 2555 1312 con-
2743 1249 2744 1334 ξ

491 1350 780 1426 spectum
823 1341 1040 1408 venire
1093 1342 1378 1408 conaris?
1466 1342 1663 1408 audes
1716 1343 1981 1408 verbum
2024 1340 2271 1407 facere?
2349 1342 2549 1406 audes
2743 1345 2744 1374 ³

491 1435 828 1519 quicquam
871 1436 952 1500 ab
994 1435 1134 1500 istis
1186 1437 1441 1522 petere?
1528 1437 1724 1502 audes
1770 1435 2153 1523 supplicium
2186 1435 2555 1522 deprecari?

489 1528 644 1613 quid
677 1539 802 1607 est,
841 1529 1014 1613 quod
1046 1531 1260 1616 possis
1297 1529 1679 1596 defendere?
1748 1531 1903 1614 quid
1937 1540 2063 1607 est,
2102 1529 2274 1612 quod
2308 1530 2551 1596 audeas

487 1623 847 1710 postulare?
935 1624 1088 1708 quid
1122 1634 1247 1701 est,
1303 1626 1476 1708 quod
1518 1625 1634 1690 tibi
1666 1625 1930 1690 concedi
1979 1633 2167 1710 putes
2219 1625 2553 1710 oportere?

485 1739 617 1784 non
649 1717 1090 1784 iusiurandum
1123 1718 1471 1801 reliquisti?
1557 1737 1703 1784 non
1722 1719 1959 1784 amicos
1995 1716 2366 1804 prodidisti?
2416 1739 2551 1783 non

486 1812 734 1899 parenti
768 1835 994 1877 manus
1041 1813 1341 1878 attulisti?
1428 1836 1559 1878 non
1602 1813 1871 1896 denique
1906 1813 1971 1877 in
2019 1813 2194 1877 omni
2238 1812 2553 1878 dedecore

486 1907 806 1973 volutatus
861 1905 996 1971 es?'
1069 1906 1228 1970 haec
1280 1906 1607 1970 exornatio
1659 1927 1805 1970 cum
1861 1906 2135 1972 multum
2194 1905 2551 1970 venustatis

487 1998 708 2077 habet,
761 2010 898 2064 tum
949 1999 1278 2085 gravitatis
1331 2011 1398 2064 et
1448 2000 1827 2064 acrimoniae
1877 2000 2248 2087 plurimum3
2302 2020 2428 2082 qua
2474 2021 2553 2064 re

487 2090 738 2156 videtur
784 2114 928 2158 esse
974 2091 1332 2156 adhibenda
1375 2103 1441 2156 et
1486 2092 1567 2157 ad
1611 2093 1959 2158 ornandam
1994 2103 2059 2158 et
2094 2093 2177 2157 ad
2222 2115 2547 2182 exaugen-

489 2183 638 2248 dam
673 2185 1041 2250 orationem.

611 2277 964 2345 Conversio
1001 2290 1127 2359 est,
1163 2302 1276 2365 per
1313 2303 1505 2365 quam
1537 2304 1695 2360 non,
1730 2293 1803 2347 ut
1837 2292 2011 2360 ante,
2055 2280 2333 2369 primum
2364 2302 2551 2367 repe-

491 2374 680 2439 timus
717 2374 1000 2453 verbum,
1042 2375 1157 2439 sed
1191 2375 1274 2439 ad
1307 2386 1700 2461 postremum
1735 2377 2125 2444 continenter
2151 2375 2549 2452 revertimur,

489 2467 611 2533 hoc
645 2468 865 2535 modo:
905 2469 1186 2535 ‘Poenos
1220 2470 1493 2556 populus
1521 2470 1849 2537 Romanus
1876 2468 2115 2534 iustitia
2146 2469 2317 2547 vicit,
2355 2468 2551 2533 armis

487 2562 666 2640 vicit,
717 2562 1094 2628 liberalitate
1138 2563 1328 2628 vicit.'
1417 2564 1599 2629 item:
1655 2570 1765 2631 ‘ex
1799 2586 1925 2647 quo
1970 2573 2253 2651 tempore
2290 2564 2553 2627 concor-'-

489 2655 595 2720 dia
649 2654 728 2723 de
781 2655 1036 2721 civitate
1092 2656 1342 2721 sublata
1393 2668 1521 2736 est,
1580 2658 1842 2723 libertas
1898 2658 2148 2723 sublata
2199 2668 2326 2735 est,
2386 2656 2548 2721 fides

491 2750 741 2815 sublata
775 2759 902 2827 est,
939 2750 1214 2815 amicitia
1249 2750 1499 2816 sublata
1533 2762 1658 2829 est,
1694 2775 1797 2817 res
1833 2751 2088 2837 publica
2122 2752 2375 2815 sublata
2408 2748 2548 2816 est!

487 2843 670 2907 item:
726 2840 836 2907 6Ο.
873 2843 1136 2908 Laelius
1173 2843 1364 2909 homo
1417 2867 1622 2911 novus
1660 2856 1821 2921 erat,
1876 2857 1942 2909 at
1973 2844 2345 2929 ingeniosus
2391 2856 2549 2921 erat,
2592 2921 2597 2926 .

493 2936 716 3001 doctus
763 2947 924 3013 erat,
979 2936 1163 3003 bonis
1208 2938 1360 3017 viris
1409 2948 1472 3004 et
1509 2938 1733 3003 studiis
1780 2938 2019 3001 amicus
2067 2947 2229 3014 erat,
2284 2960 2438 3023 ergo
2479 2937 2549 3001 in

490 3028 744 3093 civitate
796 3029 1038 3114 primus
1091 3031 1264 3095 erat!
1353 3032 1533 3097 item:
1591 3037 1768 3095 ‘nam
1810 3052 1957 3095 cum
1989 3031 2177 3107 istos,
2229 3039 2305 3094 ut
2338 3030 2551 3097 absol-

491 3132 672 3199 vant,
723 3144 944 3209 rogas,
999 3134 1071 3188 ut
1111 3125 1435 3212 periurent
1475 3148 1665 3210 rogas
1678 3173 1696 3201 ,
1748 3136 1823 3189 ut
1864 3118 2394 3189 existimationem
2435 3148 2550 3189 ne-

491 3214 750 3302 glegant
760 3264 778 3293 ,
831 3240 1021 3304 rogas
1041 3267 1059 3297 ,
1113 3229 1186 3283 ut
1227 3218 1406 3305 leges
1464 3216 1712 3305 [populi
1760 3215 2065 3303 Romani]
2114 3226 2258 3282 tuae
2302 3217 2550 3283 libidini

488 3307 862 3395 largiantur,
899 3312 1130 3399 rogas?

387 3396 458 3513 ἐξ
613 3400 988 3490 Complexio
1023 3417 1141 3485 est,
1179 3428 1342 3490 quae
1369 3414 1702 3489 utramque
1729 3404 2165 3490 complectitur
2192 3407 2549 3475 exornatio-

489 3520 683 3576 nem,
703 3508 768 3562 et
800 3499 992 3578 hanc,
1031 3508 1096 3564 et
1129 3521 1321 3583 quam
1355 3510 1502 3565 ante
1539 3498 1976 3585 exposuimus,
2022 3510 2095 3565 ut
2128 3510 2195 3566 et
2224 3512 2551 3588 repetatur

487 3591 660 3658 idem
701 3592 968 3658 verbum
1021 3594 1272 3679 saepius
1310 3604 1374 3658 et
1410 3593 1630 3659 erebro
1675 3594 1758 3659 ad
1798 3594 1969 3659 idem
2011 3606 2405 3681 postremum
2444 3616 2549 3659 re·-

488 3695 836 3763 vertamur,
890 3686 1012 3751 hoc
1054 3686 1273 3752 modo:
1329 3686 1469 3770 ‘qui
1512 3697 1687 3765 sunt,
1740 3688 1851 3771 qui
1900 3688 2163 3754 foedera
2204 3709 2395 3774 saepe
2436 3682 2549 3751 ru-‘-

487 3780 755 3865 petunt?
815 3778 1410 3865 Karthaginienses.
1498 3781 1609 3866 qui
1644 3792 1819 3859 sunt,
1872 3780 1983 3865 qui
2018 3780 2269 3845 crudele
2302 3778 2541 3843 bellum

491 3873 864 3957 gesserunt?
915 3872 1511 3959 Karthaginienses.
1600 3874 1711 3959 qui
1752 3885 1929 3952 sunt,
1984 3874 2093 3957 qui
2132 3872 2388 3938 Italiam
2432 3872 2547 3939 de-

489 3962 960 4031 formaverunt?
1009 3966 1605 4053 Karthaginienses.
1694 3968 1803 4051 qui
1846 3977 2022 4045 sunt,
2077 3966 2186 4051 qui
2218 3966 2544 4053 postulant

487 4054 776 4141 ignosci?
826 4058 1420 4143 Karthaginienses.
1509 4062 1719 4131 videte
1754 4083 1937 4148 ergo,
1982 4082 2175 4145 quam
2208 4059 2545 4127 conveniat
