2784 4575
714 270 818 326 DE
858 266 1225 325 ORATORE
1260 268 1307 323 1.
1344 267 1655 323 262-265.
1696 268 1772 321 11.
1809 269 1979 323 1-3.
2289 252 2377 319 59

837 682 937 749 M.
982 680 1313 749 TULLII
1358 675 1856 746 CICERONIS

453 786 585 852 DE
630 783 1081 851 ORATORE
1125 782 1259 847 AD
1305 780 1536 865 QUIN
1537 781 1744 849 TUM
1781 780 2236 847 FRATREM

952 949 1225 1006 LIBER
1260 946 1757 1007 SECUNDUS.

320 1202 325 1208 .
436 1143 687 1231 Magna
718 1142 903 1209 nobis
937 1140 1181 1227 pueris,
1218 1138 1458 1223 Quinte
1492 1140 1716 1217 frater,
1753 1138 1810 1205 si
1845 1138 2149 1204 memoria
2181 1148 2382 1218 tenes,
2418 1137 2451 1248 {-

318 1237 533 1325 opinio
594 1235 715 1304 fuit
770 1236 855 1301 L.
922 1233 1235 1301 Crassum
1290 1256 1422 1300 non
1481 1234 1628 1320 plus
1691 1232 1980 1319 attigisse
2039 1232 2381 1311 doctrinae,

320 1354 513 1415 quam
565 1340 870 1415 quantum
920 1328 1127 1415 prima
1176 1328 1289 1393 illa
1337 1327 1564 1415 puerili
1607 1325 1998 1394 institutione
2040 1327 2381 1413 potuisset3

318 1424 417 1491 M.
473 1436 685 1491 autem
736 1424 1090 1508 Antonium
1140 1422 1400 1488 omnino
1464 1420 1671 1487 omnis
1734 1422 2104 1488 eruditionis
2157 1441 2384 1509 exper-

320 1530 451 1585 tem
503 1528 693 1602 atque
742 1518 1035 1604 ignarum
1088 1516 1319 1595 fuisse3
1380 1526 1686 1599 erantque
1737 1514 1920 1579 multi
1945 1515 2108 1599 qui,
2163 1538 2384 1601 quam-

320 1634 513 1696 quam
555 1633 687 1677 non
718 1610 813 1675 ita
856 1632 927 1675 se
960 1630 1098 1675 rem
1144 1610 1380 1676 habere
1429 1608 1909 1686 arbitrarentur,
1963 1618 2204 1688 tamen,
2257 1630 2382 1693 quo

318 1705 568 1782 facilius
615 1727 733 1771 nos
776 1704 1073 1771 incensos
1122 1704 1331 1771 studio
1384 1702 1672 1769 discendi
1705 1726 1750 1767 a
1781 1703 2068 1769 doctrina
2109 1704 2386 1768 deterre-

318 1809 489 1877 rent,
533 1799 805 1865 libenter
836 1798 935 1877 id,
980 1798 1153 1882 quod
1187 1797 1348 1876 dixi,
1393 1799 1475 1863 de
1508 1798 1634 1862 illis
1671 1796 2024 1863 oratoribus
2058 1794 2386 1883 praediea-

320 1903 491 1972 rent,
526 1901 623 1970 ut,
663 1892 719 1957 si
753 1891 1041 1957 homines
1077 1914 1208 1956 non
1242 1891 1474 1956 eruditi
1488 1913 1826 1957 «summam
1859 1900 2077 1955 essent
2107 1890 2386 1977 pruden-

320 1986 475 2054 tiam
526 1996 717 2071 atque
774 1984 1211 2051 incredibilem
1271 1984 1700 2069 eloquentiam
1760 1983 2114 2061 consecuti,
2176 1981 2383 2049 inanis

322 2080 526 2146 omnis
580 2090 798 2146 noster
853 2100 995 2145 esse
1040 2077 1223 2145 labor
1265 2088 1331 2143 et
1374 2078 1640 2143 stultum
1682 2077 1750 2143 in
1793 2077 1979 2144 nobis
2023 2075 2384 2142 erudiendis

319 2173 519 2260 patris
552 2174 784 2252 nostri,
829 2172 1053 2259 optimi
1086 2194 1163 2237 ac
1195 2171 1676 2261 prudentissimi
1708 2170 1858 2249 viri,
1896 2170 2177 2238 studium
2211 2170 2388 2235 vide-

320 2278 521 2338 retur:
576 2289 737 2351 quos
783 2277 946 2346 tum,
1000 2276 1073 2332 ut
1112 2268 1327 2358 pueri,
1378 2268 1658 2334 refiitare
1704 2266 2070 2333 domesticis
2117 2264 2384 2332 testibus
2420 2293 2446 2332 2

320 2370 501 2445 patre
544 2371 608 2424 et
654 2358 733 2426 C.
777 2361 1113 2428 Aculeone
1162 2361 1520 2448 propinquo
1564 2373 1784 2428 nostro
1837 2371 1902 2426 et
1943 2361 2028 2426 L.
2076 2358 2387 2425 Cicerone

320 2462 547 2540 patruo
586 2453 967 2532 solebamus,
1003 2455 1175 2538 quod
1211 2456 1291 2518 de
1329 2453 1569 2521 Crasso
1604 2465 1786 2540 pater
1822 2464 1888 2520 et
1919 2452 2193 2532 Aculeo,
2229 2475 2387 2537 quo-

324 2569 469 2612 cum
503 2557 640 2612 erat
672 2555 896 2611 nostra
926 2556 1293 2624 matertera,
1330 2569 1524 2631 quem
1560 2545 1838 2614 Crassus
1877 2546 2098 2612 dilexit
2133 2567 2218 2612 ex
2251 2568 2388 2611 om-

322 2639 511 2705 nibus
561 2639 933 2726 plurimum,
986 2650 1050 2704 et
1092 2650 1357 2726 patruus
1370 2688 1390 2717 ,
1447 2641 1554 2723 qui
1607 2661 1754 2704 cum
1795 2641 2082 2705 Antonio
2126 2639 2196 2704 in
2231 2637 2390 2704 Cili-

325 2734 489 2798 ciam
514 2733 839 2820 profectus
873 2755 1005 2798 una
1027 2733 1409 2811 decesserat,
1446 2734 1648 2798 multa
1672 2733 1858 2798 nobis
1895 2734 1974 2798 de
2010 2732 2148 2798 eius
2175 2732 2388 2799 studio

325 2828 734 2913 doctrinaque
770 2849 963 2913 saepe
996 2827 1305 2906 narravit3
1350 2847 1621 2911 cumque
1655 2849 1774 2894 nos
1811 2849 1960 2892 cum
1993 2825 2387 2894 consobrinis

323 2920 588 3002 nostris,
632 2920 983 2988 Aculeonis
1018 2921 1197 2999 filiis,
1252 2931 1318 2985 et
1352 2944 1432 2987 ea
1475 2922 1893 3000 disceremus,
1947 2943 2110 3005 quae
2147 2919 2388 2988 Crasso

323 3016 665 3107 placerent,
702 3025 769 3081 et
802 3016 883 3082 ab
912 3015 1003 3082 eis
1034 3015 1419 3108 doctoribus,
1455 3016 1685 3101 quibus
1712 3015 1819 3082 1116
1844 3025 2147 3095 uteretur,
2183 3015 2392 3081 erudi-

324 3133 563 3189 remur,
626 3109 821 3176 etiam
876 3110 1034 3192 illud
1088 3101 1281 3196 saepe
1340 3110 1801 3188 intelleximus,
1867 3107 2043 3196 [cum
2101 3131 2389 3176 essemus

326 3204 462 3270 eius
506 3201 731 3290 modi‚]
771 3189 943 3288 quod
993 3204 1096 3270 vel
1136 3204 1319 3292 pueri
1372 3205 1606 3271 sentire
1656 3215 2051 3290 poteramus,
2104 3203 2284 3270 illum
2327 3213 2394 3269 et

328 3285 577 3362 Graece
616 3297 708 3362 sic
740 3298 947 3382 loqui,
990 3299 1233 3364 nullam
1267 3309 1341 3364 ut
1370 3322 1566 3366 nosse
1603 3299 1792 3364 aliam
1823 3298 2110 3388 linguam
2145 3300 2392 3364 videre-

329 3401 452 3467 tur,
488 3399 553 3453 et
587 3390 949 3457 doctoribus
976 3393 1211 3458 nostris
1248 3415 1326 3458 ea
1357 3416 1596 3480 ponere
1630 3393 1698 3459 in
1730 3394 2161 3480 percontando
2190 3413 2390 3477 eaque

329 3481 544 3568 ipsum
578 3481 750 3546 omni
783 3483 853 3548 in
888 3507 1178 3550 sermone
1213 3495 1512 3566 tractare,
1559 3497 1634 3551 ut
1663 3487 1821 3552 1111111
1857 3509 2002 3552 esse
2037 3487 2100 3552 61
2131 3507 2388 3564 novum,

330 3574 489 3640 nihil
511 3574 875 3640 inauditum
908 3577 1245 3644 videretur.
1334 3580 1415 3644 de
1449 3580 1735 3646 Antonio
1771 3603 1952 3658 vero,
2007 3600 2390 3664 quamquam
2423 3603 2450 3644 s

330 3691 525 3756 saepe
570 3692 652 3733 ex
693 3667 1151 3758 humanissimo
1180 3671 1458 3738 1101111116
1508 3685 1736 3760 patruo
1787 3683 2008 3740 nostro
2061 3693 2392 3758 accepera—

331 3786 505 3842 mus,
568 3785 760 3848 quem
810 3764 893 3828 ad
944 3765 1204 3831 modum
1252 3766 1361 3831 ille
1412 3767 1518 3832 vel
1567 3767 1846 3834 Athenis
1897 3767 2002 3832 vel
2050 3766 2268 3833 Rhodi
2319 3789 2390 3832 se

332 3857 845 3923 doctissimorum
878 3857 1206 3924 hominum
1232 3860 1630 3926 sermonibus
1667 3860 1968 3938 dedisset,
2005 3871 2216 3926 tamen
2250 3859 2389 3946 ipse

331 3948 875 4030 adulescentulus,
931 3964 1236 4036 quantum
1269 3953 1438 4020 illius
1474 3954 1748 4020 ineuntis
1796 3954 2019 4021 aetatis
2063 3977 2244 4021 meae
2276 3978 2390 4042 pa-

334 4036 605 4108 tiebatur
657 4045 890 4131 pudor,
943 4045 1147 4113 multa
1198 4069 1277 4114 ex
1327 4069 1406 4114 eo
1461 4071 1650 4138 saepe
1706 4049 2010 4135 quaesivi.
2097 4071 2226 4118 non
2269 4049 2390 4116 erit
