2784 4575
499 273 585 339 80
1114 279 1194 335 M.
1230 277 1504 336 TULLII
1540 276 1938 335 CICERONIS

504 404 871 492 deligend03
923 401 1180 479 deinde,
1234 422 1427 485 quem
1461 399 1784 489 probavit,
1826 400 1895 464 in
1929 422 2037 479 eo,
2081 422 2247 485 quae
2281 400 2566 469 maxime

500 499 837 576 excellent,
873 518 952 563 ea
986 494 1469 582 diligentissime
1501 504 1938 582 persequatur.
2016 493 2172 579 quid
2205 493 2375 559 enim
2409 515 2566 561 cau-

502 615 610 660 sae
645 589 917 658 censetis
960 612 1136 667 esse,
1188 610 1301 654 cur
1335 599 1576 655 aetates
1629 588 1967 654 extulerint
2015 588 2307 674 singulae
2356 612 2565 676 prope

500 709 739 774 genera
790 682 1077 750 dicendi?
1130 682 1303 767 quod
1351 705 1482 749 non
1517 693 1649 748 tam
1680 681 1869 747 facile
1901 682 1971 746 in
2003 682 2238 748 nostris
2294 683 2565 749 oratori-

495 783 617 847 bus
651 800 991 867 possumus
1027 777 1334 854 iudicare,
1375 776 1541 859 -quia
1574 774 1835 861 scripta,
1874 797 1955 840 ex
1991 775 2218 859 quibus
2251 773 2567 841 iudicium

498 875 634 939 fieri
665 884 915 961 posset,
967 895 1098 938 non
1132 871 1333 936 multa
1367 893 1522 936 sane
1554 869 1971 953 reliquerunt,
2023 892 2216 953 quam
2247 870 2316 935 in
2353 868 2565 936 Grae-

502 971 622 1043 cis,
673 989 756 1033 ex
809 988 1077 1049 quorum
1129 964 1410 1050 seriptis,
1465 964 1767 1047 cuiusque
1820 963 2046 1029 aetatis
2090 985 2254 1047 quae
2306 963 2566 1028 dicendi

406 1091 458 1127 m
502 1063 659 1127 ratio
722 1059 1142 1143 voluntasque
1193 1058 1413 1135 fuerit,
1466 1056 1750 1143 intellegi
1797 1068 2030 1144 potest.
2135 1056 2563 1140 antiquissimi

506 1159 634 1219 ihre
671 1164 848 1231 sunt,
902 1175 1169 1237 quorum
1204 1150 1462 1236 quidem
1498 1149 1735 1237 scripta
1767 1161 2089 1228 constent,
2139 1150 2421 1216 Pericles
2461 1162 2563 1217 at-

506 1271 627 1331 sffle
677 1246 1050 1313 Alcibiades
1104 1258 1168 1311 et
1220 1246 1444 1311 eadem
1506 1255 1714 1310 aetate
1765 1244 2203 1330 Thucydides,
2265 1243 2562 1323 subtiles,

504 1339 697 1419 acuti,
743 1340 999 1419 breves,
1046 1339 1373 1406 sententiis
1409 1339 1616 1425 magis
1653 1360 1845 1423 quam
1876 1338 2090 1404 verbis
2126 1337 2519 1403 abundantes
2540 1364 2562 1404 ε

502 1459 629 1500 nun
681 1435 997 1521 potuisset
1046 1432 1359 1511 accidere,
1413 1443 1487 1497 ut
1537 1455 1736 1498 unum
1785 1453 1990 1518 genus
2035 1441 2209 1498 esset
2248 1430 2558 1509 omnium,

502 1531 626 1595 nisi
666 1528 941 1613 aliquem
995 1527 1117 1593 sibi
1157 1537 1584 1614 proponerent
1627 1527 1712 1592 ad
1753 1526 2146 1591 imitandum.
2233 1527 2562 1591 consecuti

506 1633 651 1687 sunt
702 1623 821 1688 hos
878 1620 1141 1700 Critias,
1205 1620 1669 1697 Theramenes,
1732 1619 2002 1703 Lysias:
2061 1619 2264 1685 multa
2312 1618 2559 1703 Lysiae

506 1719 738 1805 scripta
781 1726 930 1783 sunt
936 1740 958 1795 3
999 1738 1131 1780 non
1146 1714 1322 1779 nulla
1350 1711 1619 1792 Critiae3
1673 1713 1754 1778 de
1788 1712 2186 1778 Theramene
2230 1712 2556 1790 audimus3

506 1834 725 1877 amnes
778 1809 970 1877 etiam
1021 1820 1157 1873 tum
1206 1807 1565 1873 retinebant
1613 1806 1795 1871 illum
1840 1805 2076 1872 Pericli
2129 1827 2350 1872 sucum
2357 1854 2378 1885 ,
2440 1807 2562 1872 sed

406 1935 430 1971 ξι
506 1917 683 1971 urant
716 1904 906 1991 paulo
941 1902 1230 1968 uberiore
1264 1901 1392 1965 filo.
1458 1922 1606 1966 ecce
1642 1901 1756 1966 tibi
1791 1910 1891 1967 est
1925 1909 2181 1966 exortus
2215 1900 2557 1978 Isocrates,

510 1999 837 2084 [magister
890 1996 1157 2061 istorum
1207 1993 1518 2081 omnium]
1575 1994 1752 2060 cuius
1805 2016 1842 2060 e
1894 1993 2046 2060 ludo
2100 2004 2420 2079 tamquam
2471 2016 2558 2059 ex

502 2115 666 2175 equo
699 2091 978 2156 Troiano
1012 2088 1171 2153 meri
1202 2088 1521 2175 principes
1557 2089 1847 2155 exierunt
1852 2113 1873 2167 3
1919 2090 2036 2153 sed
2068 2111 2288 2155 eorum
2319 2088 2556 2175 partim

402 2207 446 2251 2:
502 2190 566 2247 m
602 2207 862 2271 pompa,
906 2182 1136 2268 partim
1170 2183 1238 2248 in
1274 2183 1408 2248 acie
1441 2183 1738 2248 inlustres
1783 2204 1928 2249 esse
1961 2182 2323 2263 voluerunt3
2381 2183 2559 2267 atqui

506 2295 566 2343 et„
600 2277 716 2355 illi,
754 2276 1181 2364 Theopompi,
1216 2276 1493 2365 Ephori,
1527 2276 1812 2355 Philisti,
1856 2278 2213 2344 Naucratae
2246 2276 2553 2362 multique

504 2371 606 2435 alii
648 2371 889 2438 naturis
936 2372 1261 2449 differunt,
1317 2372 1642 2438 voluntate
1694 2384 1905 2437 autem
1958 2371 2195 2438 similes
2234 2383 2384 2438 sunt
2429 2368 2549 2459 [et]

502 2467 660 2531 inter
696 2488 837 2531 sese
870 2462 1246 2553 [magistri];
1285 2477 1350 2532 et
1382 2465 1472 2543 ei,
1507 2466 1616 2550 qui
1652 2489 1722 2531 se
1757 2466 1841 2530 ad
1874 2487 2100 2532 causas
2138 2465 2554 2542 contulerunt,

502 2575 570 2623 ut
606 2560 1109 2638 Demosthenes,
1154 2559 1550 2646 Hyperides,
1584 2559 1957 2646 LyeurguS,
1993 2558 2375 2636 Aeschines,
2426 2557 2557 2622 Di-

501 2654 769 2720 narchus
815 2653 1046 2737 aliique
1092 2654 1478 2739 complures,
1533 2653 1655 2718 etsi
1694 2653 1859 2719 inter
1903 2676 1972 2719 se
2016 2677 2202 2740 pares
2244 2675 2374 2718 non
2413 2653 2558 2719 fue-

502 2760 671 2825 runt,
736 2759 949 2813 tamen
1001 2770 1221 2813 omnes
1276 2758 1426 2812 sunt
1473 2745 1542 2811 in
1593 2748 1821 2813 eodem
1869 2748 2153 2814 veritatis
2211 2747 2553 2813 imitandae
2588 2814 2595 2817 ,

502 2864 731 2924 genere
764 2841 1028 2918 versati,
1066 2862 1337 2924 quorum
1371 2840 1672 2925 quamdiu
1705 2841 1941 2906 mansit
1971 2841 2266 2919 imitatio,
2313 2842 2554 2907 tamdiu

406 2964 458 3000 aa
502 2957 701 3020 genus
736 2935 895 3000 illud
931 2934 1182 3000 dicendi
1218 2934 1619 3018 studiumque
1653 2934 1839 3012 vixit3
1876 2947 2289 3020 posteaquam
2316 2934 2555 3000 exstin-

502 3028 618 3092 ctis
661 3028 761 3094 his
807 3029 1013 3096 omnis
1060 3050 1280 3093 eorum
1330 3028 1636 3093 memoria
1685 3027 1923 3094 sensim
1967 3031 2303 3095 obscurata
2345 3040 2444 3094 est
2490 3040 2555 3094 et

502 3123 781 3201 evanuit,
845 3123 970 3187 alia
1021 3123 1334 3206 quaedam
1399 3121 1649 3187 dicendi
1707 3122 1997 3190 molliora
2057 3145 2132 3189 ac
2189 3122 2556 3189 remissiora

502 3236 733 3300 genera
774 3214 1133 3301 viguerunt.
1220 3215 1369 3280 inde
1403 3215 1870 3294 Demochares,
1925 3239 2114 3300 quem
2158 3217 2332 3282 aiunt
2374 3237 2555 3281 soro-

501 3310 586 3372 ris
624 3307 818 3373 filium
860 3307 1060 3374 fuisse
1095 3309 1522 3377 Demostheni
1533 3335 1550 3386 3
1608 3320 1744 3374 tum
1775 3309 2128 3376 Phalereus
2170 3310 2278 3376 ille
2311 3310 2555 3374 Deme—

502 3404 654 3466 trius
689 3401 972 3467 omnium
1002 3401 1271 3469 istorum
1302 3425 1448 3467 mea
1483 3404 1798 3469 sententia
1828 3403 2274 3491 politissimus,
2321 3402 2554 3487 aliique

502 3496 723 3560 hurum
756 3494 993 3561 similes
1030 3496 1407 3561 exstiterunt
1414 3521 1434 3574 3
1473 3518 1635 3581 quae
1673 3496 1729 3562 si
1763 3497 2050 3564 volemus
2084 3519 2285 3582 usque
2314 3497 2397 3560 ad
2431 3496 2556 3562 hoc

502 3608 744 3676 tempus
786 3589 1113 3677 persequi,
1164 3589 1638 3677 intellegemus,
1692 3601 1766 3656 ut
1806 3592 1996 3658 hodie
2030 3592 2556 3658 Alabandensem

498 3684 673 3749 illum
722 3682 1087 3748 Meneclem
1140 3693 1206 3748 et
1256 3683 1392 3749 eius
1431 3685 1708 3751 >fratrem
1757 3684 2153 3763 Hieroclem,
2216 3707 2375 3770 quos
2429 3705 2554 3770 ego

502 3776 737 3854 audivi,
794 3785 927 3842 tota
976 3776 1257 3843 imitatur
1309 3779 1502 3856 Asia,
1555 3779 1648 3844 sic
1701 3802 1951 3866 semper
2002 3778 2203 3846 fuisse
2256 3778 2552 3862 aliquem,

434 3900 454 3936 [ε
498 3872 674 3935 cuius
709 3892 782 3935 se
826 3869 1047 3936 similis
1091 3870 1376 3957 plerique
1413 3894 1556 3938 esse
1601 3873 1855 3939 vellent.
1943 3874 2110 3938 hanc
2149 3872 2342 3960 igitur
2375 3869 2556 3936 simi-

498 3962 825 4029 litudinem
882 3965 992 4049 qui
1049 3964 1398 4031 imitatione
1459 3967 1724 4052 adsequi
1783 3968 1980 4046 volet,
2046 3991 2192 4033 cum
2244 3964 2556 4034 exercita-

498 4055 770 4122 sonibus
834 4059 1068 4124 crebris
1132 4071 1321 4144 atque
1380 4062 1630 4148 magnis
1685 4076 1820 4128 tum
1880 4063 2213 4129 scribendo
2273 4060 2554 4127 maxime
