2784 4575
464 302 591 368 168
1080 308 1159 364 M.
1196 310 1468 367 TULLII
1505 306 1908 365 CICERONIS

462 436 623 505 illud
654 435 921 501 alterum
956 454 1189 521 genus,
1234 433 1408 517 quod
1441 443 1541 499 est
1573 430 1994 519 temporibus,
2029 430 2214 510 locis,
2249 431 2378 498 reis
2417 432 2534 499 de-

460 530 741 608 finitum,
792 527 1109 606 obtinent,
1160 538 1351 613 atque
1392 526 1523 593 id
1503 548 1718 613 ipsum
1763 524 1998 591 lacinia
2025 562 2117 574 —
2148 546 2320 591 nunc
2355 527 2532 593 enim

464 624 637 714 apud
668 622 1037 701 Philonem,
1084 643 1275 707 quem
1306 619 1375 687 in
1409 619 1766 687 Academia
1807 620 2026 707 vigere
2061 621 2276 699 audio,
2331 622 2530 689 etiam

462 720 691 786 harum
730 718 861 783 iam
912 737 1245 783 causarum
1296 714 1576 801 cognitio
1627 713 2118 825 exercitatioque
2169 715 2532 781 celebrauit

462 850 553 865 -—··
607 814 874 879 alterum
936 832 1087 877 vero
1148 809 1586 877 tantummodo
1637 809 1705 875 in
1753 809 1962 897 prima
2021 820 2156 875 arte
2215 810 2534 877 tradenda

460 907 794 975 nominant
826 916 893 971 et
925 903 1191 971 oratoris
1236 926 1383 971 esse
1427 903 1672 983 dicunt3
1727 904 1843 971 sed
1883 925 2092 988 neque
2133 902 2265 969 vim
2315 925 2535 989 neque

463 1012 757 1069 naturam
790 1000 927 1067 eius
962 1019 1081 1065 nec
1112 998 1311 1085 partis
1354 1019 1477 1064 nec
1517 1020 1757 1085 genera
1796 1009 2182 1085 proponunt,
2234 1009 2308 1066 ut
2340 1021 2535 1085 prae-

463 1095 637 1165 teriri
668 1094 925 1162 omnino
952 1091 1142 1159 fuerit
1170 1092 1367 1157 satius
1397 1114 1588 1176 quam
1616 1102 2058 1179 attemptatum
2081 1092 2318 1171 deseri3
2355 1114 2534 1157 nunc

464 1190 637 1258 enim
666 1188 883 1299 inopia
912 1185 1177 1253 reticere
1208 1186 1684 1271 intelleguntur,
1719 1197 1856 1251 tum
1879 1186 2112 1251 iudicio
2137 1185 2532 1253 viderentur.

360 1284 430 1338 99
464 1282 672 1353 omnis
707 1282 903 1369 igitur
934 1303 1039 1345 res
1072 1279 1341 1347 eandem
1384 1280 1582 1345 habet
1629 1290 1923 1344 naturam
1965 1278 2357 1364 ambigendi,
2415 1277 2534 1365 [de

406 1357 595 1463 ¹qua
626 1374 845 1460 quaeri
888 1384 954 1439 et
996 1373 1335 1460 disceptari
1368 1370 1631 1481 potest3]
1687 1372 1824 1439 sive
1857 1372 1924 1437 in
1957 1372 2216 1437 infinitis
2271 1374 2536 1437 consul-

468 1470 812 1537 tationibus
848 1468 1233 1555 disceptatur
1275 1468 1412 1533 sive
1445 1467 1514 1531 in
1549 1467 1640 1532 eis
1677 1466 1916 1544 causis,
1970 1488 2133 1551 quae
2165 1467 2236 1531 in
2269 1463 2532 1533 civitate

468 1572 533 1631 et
566 1562 807 1629 forensi
850 1560 1303 1647 disceptatione
1348 1572 1712 1639 versantur3
1764 1581 1972 1644 neque
2015 1571 2118 1628 est
2147 1559 2306 1636 ulla,
2361 1580 2532 1644 quae

466 1680 597 1725 non
632 1666 743 1723 aut
784 1655 867 1721 ad
908 1654 1337 1742 cognoscendi
1380 1665 1492 1719 aut
1525 1655 1609 1719 ad
1643 1654 1875 1741 agendi
1909 1654 2040 1719 vim
2087 1652 2534 1763 rationemque

356 1784 436 1825 112
468 1752 806 1830 referatur3
850 1772 999 1813 nam
1034 1760 1145 1813 aut
1175 1748 1319 1835 ipsa
1352 1747 1630 1835 cognitio
1662 1748 1755 1813 rei
1791 1748 2180 1833 scientiaque
2214 1747 2530 1833 perquiri-

466 1858 596 1925 tur,
658 1859 731 1913 ut
780 1845 981 1911 virtus
1046 1866 1309 1909 suamne
1368 1854 1628 1930 propter
1691 1843 2064 1929 dignitatem
2123 1866 2208 1907 an
2265 1854 2531 1929 propter

467 1942 747 2007 fructum
806 1938 1081 2021 aliquem
1142 1946 1502 2022 expetatur,
1565 1946 1677 2002 aut
1735 1936 1968 2024 agendi
2027 1937 2350 2003 consilium
2403 1958 2532 2001 ex-

353 2056 433 2099 ιιε
467 2033 751 2143 quiritur,
784 2042 861 2095 ut
892 2029 1055 2095 sitne
1092 2030 1363 2115 sapienti
1397 2028 1789 2117 capessenda
1819 2052 1926 2096 res
1958 2030 2232 2116 publica.
2299 2030 2530 2116 cogni-

466 2126 657 2192 tionis
710 2134 923 2189 autem
975 2134 1103 2188 tres
1156 2124 1355 2201 modi,
1421 2124 1806 2201 coniectura,
1863 2124 2143 2191 definitio
2195 2134 2284 2199 et,
2310 2134 2384 2189 ut
2431 2125 2534 2190 ita

468 2218 695 2294 dicam,
713 2216 1103 2282 consecutio:
1156 2240 1308 2283 nam
1342 2218 1495 2302 quid
1528 2218 1594 2282 in
1627 2240 1698 2283 re
1735 2217 1843 2297 sit,
1881 2218 2241 2286 coniectura
2276 2218 2530 2304 quaeri-

468 2322 590 2390 tur,
627 2321 701 2376 ut
732 2310 909 2388 illud,
947 2310 1108 2376 sitne
1141 2312 1209 2376 in
1239 2311 1517 2378 humano
1542 2334 1774 2398 genere
1811 2311 2121 2399 sapientia
2126 2338 2147 2391 ;
2184 2334 2378 2397 quam
2413 2335 2534 2378 au·-

468 2417 600 2472 tem
641 2404 773 2470 vim
823 2425 1109 2488 quaeque
1152 2427 1255 2472 res
1308 2404 1570 2484 habeat,
1624 2405 1904 2472 definitio
1957 2405 2258 2493 explicat,
2313 2415 2387 2472 ut
2467 2408 2530 2472 si

468 2509 822 2586 quaeratur,
860 2498 1011 2584 quid
1047 2498 1129 2566 sit
1164 2498 1501 2586 sapientia,
1555 2499 1918 2566 consecutio
1953 2511 2164 2564 autem
2198 2511 2528 2577 tractatur,

468 2615 613 2658 eum
664 2592 818 2678 quid
870 2614 1183 2678 quamque
1232 2615 1371 2658 rem
1425 2603 1750 2677 sequatur,
1805 2593 2177 2678 anquiritur,
2232 2603 2304 2658 ut
2345 2592 2530 2671 illud,

353 2713 433 2754 ιιι
470 2687 631 2754 sitne
666 2688 1003 2772 aliquando
1037 2687 1287 2753 mentiri
1322 2686 1474 2752 boni
1509 2685 1646 2753 viri.
1697 2687 1967 2752 redeunt
1997 2708 2218 2754 rursus
2255 2686 2340 2752 ad
2373 2708 2526 2752 con-

466 2781 771 2848 iecturam
825 2803 1091 2867 eamque
1143 2781 1211 2846 in
1262 2791 1559 2864 quattuor
1619 2804 1856 2867 genera
1907 2781 2310 2868 dispertiunt3
2372 2805 2530 2846 nam

468 2886 579 2940 aut
612 2876 766 2959 quid
800 2877 885 2942 sit
918 2875 1263 2960 quaeritur,
1318 2875 1442 2941 hoc
1493 2877 1711 2943 modo:
1764 2887 2072 2942 naturane
2106 2876 2187 2941 sit
2221 2876 2322 2942 ius
2357 2876 2524 2942 inter

365 2975 369 2980 ’
465 2969 755 3036 homines
790 2992 875 3034 an
906 2969 974 3034 in
1008 2968 1440 3055 opinionibus3
1493 2980 1628 3048 aut,
1684 2991 1846 3054 quae
1883 2970 1967 3034 sit
1999 2971 2180 3056 origo
2215 2969 2530 3052 cuiusque

462 3062 586 3141 rei,
640 3073 711 3127 ut
764 3063 937 3147 quod
982 3063 1065 3128 sit
1105 3061 1353 3128 initium
1403 3063 1621 3149 legum
1676 3075 1785 3128 aut
1832 3086 2044 3129 rerum
2096 3063 2486 3150 publicarum
2495 3087 2524 3138 3

466 3166 578 3222 aut
612 3177 807 3222 causa
841 3168 905 3222 et
936 3156 1128 3234 ratio,
1172 3167 1245 3222 ut
1280 3157 1338 3222 si
1372 3169 1735 3240 quaeratur,
1789 3179 1901 3224 cur
1935 3156 2278 3226 doctissimi
2307 3155 2526 3220 homi—

464 3272 580 3316 nes
619 3252 699 3316 de
730 3249 1023 3316 maximis
1074 3252 1267 3317 rebus
1322 3252 1698 3320 dissentiant
1705 3277 1726 3330 3
1781 3264 1890 3318 aut
1935 3254 2014 3318 de
2064 3249 2522 3327 immutatione,

463 3354 562 3424 ut,
601 3344 655 3410 si
688 3345 1070 3432 disputetur,
1124 3367 1277 3410 num
1310 3345 1566 3412 interire
1601 3346 1800 3412 virtus
1833 3346 1902 3412 in
1935 3347 2192 3412 homine
2226 3355 2334 3410 aut
2363 3367 2525 3408 num

351 3465 432 3508 115
464 3437 533 3504 in
566 3438 791 3503 vitium
824 3437 1030 3524 possit
1062 3449 1453 3505 convertere.
1541 3439 1924 3506 definitionis
1961 3450 2174 3506 autem
2209 3447 2358 3504 sunt
2391 3436 2532 3504 dis-

467 3530 853 3618 ceptationes
891 3543 1027 3612 aut,
1082 3555 1227 3598 cum
1263 3533 1608 3616 quaeritur,
1663 3533 1814 3618 quid
1846 3534 1914 3598 in
1949 3533 2267 3600 communi
2309 3543 2532 3598 mente

467 3624 648 3710 quasi
682 3625 1064 3713 impressum
1098 3626 1209 3704 sit,
1244 3638 1319 3692 ut
1382 3627 1440 3692 si
1473 3626 1850 3705 disseratur,
1883 3627 2030 3694 idne
2067 3627 2150 3694 sit
2182 3627 2314 3705 ius,
2353 3627 2532 3711 quod

464 3719 778 3784 maximae
810 3718 979 3806 parti
1012 3719 1097 3786 sit
1126 3719 1309 3798 utile3
1364 3731 1501 3799 aut,
1539 3743 1684 3786 eum
1723 3721 1875 3805 quid
1917 3721 2222 3805 cuiusque
2259 3719 2344 3786 sit
2376 3743 2534 3806 pro-

462 3816 672 3902 prium
708 3813 1080 3899 exquiritur,
1132 3825 1206 3880 ut
1240 3826 1459 3880 ornate
1496 3815 1703 3882 dicere
1753 3816 2158 3904 propriumne
2195 3814 2280 3880 sit
2314 3825 2536 3880 orato-

464 3909 555 3974 ris
600 3931 683 3972 an
734 3907 801 3972 id
845 3909 1033 3974 etiam
1088 3908 1313 3994 aliquis
1365 3920 1694 3996 praeterea
1742 3909 1972 3997 possit,
2027 3920 2164 3988 aut,
2219 3929 2367 3974 cnm
2417 3930 2531 3974 res

471 4000 863 4064 distribuitur
894 4003 961 4066 in
994 4001 1221 4088 partis,
1274 4014 1348 4067 ut
1423 4003 1478 4067 si
1517 4015 1876 4088 quaeratur,
1927 4014 2084 4088 quot
2125 4002 2254 4068 sint
2285 4023 2528 4088 genera

468 4109 695 4152 rerum.
744 4094 1265 4178 expetendarum,
1336 4107 1410 4160 ut
1473 4097 1677 4164 sintne
1739 4098 1884 4177 tria,
1947 4097 2226 4184 corporis
2237 4144 2256 4174 ,
2329 4095 2530 4162 animi
