2784 4575
533 663 557 699 Ε

602 215 681 276 14
1086 222 1514 279 CORNIFIOII
1546 220 2169 281 RHETORICORUM

597 360 661 411 set
697 346 1062 415 difficillima
1097 355 1224 411 est:
1280 368 1357 411 ea
1391 366 1644 430 quoque
1695 345 1880 411 nobis
1916 345 2037 411 erit
2068 345 2191 411 hoc
2224 345 2387 413 libro
2420 370 2653 434 prope-

597 444 849 507 nmdum
879 440 1194 519 absoluta;
1229 463 1496 527 parvam
1524 450 1769 527 partem
1795 440 1932 505 eius
1965 440 2035 505 in
2063 439 2318 505 tertium
2352 441 2651 509 volumen

597 537 1067 601 transferemus.
1541 546 1544 548 ’
2352 546 2358 551 ’

711 631 844 699 Ubi
897 631 977 697 de
1033 651 1150 697 sex
1200 630 1490 716 partibus
1544 628 1845 696 orationis
1897 626 2173 714 primum
2226 629 2500 697 scribere
2551 631 2650 695 in-

593 726 903 811 sepimus,
963 723 1060 811 [in
1091 724 1299 811 primo
1332 722 1526 811 libro]
1564 723 1761 790 locuti
1796 746 2017 789 sumus
2052 723 2133 788 de
2169 724 2457 802 cxci-dic,
2502 748 2649 789 nar-

589 823 860 899 ratione,
925 820 1236 885 divisione
1297 841 1417 884 nec
1475 818 1765 904 pluribus
1829 817 2069 895 verbis,
2132 839 2324 901 quam
2383 839 2647 885 necesse

590 915 734 992 suit,
787 935 907 979 nec
950 912 1158 979 minus
1205 913 1508 991 dilucide,
1563 935 1755 997 quam
1797 923 1861 977 te
1896 912 2060 978 velle
2105 912 2643 991 existimabamus,

589 1008 817 1075 deinde
855 1008 1187 1073 coniuncte
1234 1008 1314 1073 de
1350 1008 1825 1075 confirmatione
1861 1017 1926 1071 et
1960 1006 2389 1073 confutatione
2433 1008 2645 1073 dicen-

589 1107 742 1167 dum
776 1102 899 1168 fuit
906 1128 924 1181 3
970 1124 1100 1187 qua
1129 1125 1199 1167 re
1253 1124 1492 1188 genera
1535 1101 2053 1168 constitutionum
2088 1112 2154 1167 et
2196 1124 2413 1167 earum
2444 1104 2641 1188 partis

593 1197 980 1283 aperuimus,
1026 1220 1108 1262 ex
1152 1218 1279 1280 quo
1325 1196 1513 1261 simul
1558 1196 2038 1273 ostendebatur,
2092 1217 2217 1279 quo
2259 1196 2451 1262 modo
2494 1218 2643 1261 con-

589 1291 978 1357 stitutionem
1013 1301 1079 1356 et
1109 1301 1357 1377 partem
1391 1290 1857 1357 constitutionis
1892 1311 2088 1356 causa
2124 1290 2337 1377 posita
2368 1292 2641 1378 reperire

589 1396 931 1471 oporteren
987 1386 1216 1452 deinde
1262 1385 1622 1463 docuimus,
1675 1385 2123 1452 iudicationem
2167 1406 2355 1469 quem
2391 1386 2473 1450 ad
2506 1410 2642 1452 mo-

589 1483 740 1545 dum
768 1481 986 1565 quaeri
1025 1482 1409 1558 conveniret,
1451 1477 1607 1567 [qua
1638 1481 1900 1548 inventa
1933 1481 2300 1558 curandum,
2337 1490 2410 1545 ut
2436 1483 2639 1547 omnis

589 1575 745 1641 ratio
808 1575 998 1641 totius
1063 1574 1363 1641 orationis
1420 1576 1505 1639 ad
1566 1597 1709 1643 eam
1760 1574 2121 1639 conferatur
2132 1571 2181 1659 3]
2242 1586 2470 1661 postea
2529 1577 2641 1640 ad-

585 1668 942 1735 monuimus
996 1691 1140 1735 esse
1186 1690 1414 1735 causas
1464 1666 1841 1754 [conpluris]
1856 1716 1873 1744 ,
1926 1669 1995 1733 in
2029 1690 2188 1753 quas
2232 1668 2446 1755 plures
2490 1691 2641 1736 con-

589 1763 941 1830 stitutiones
993 1774 1104 1827 aut
1143 1774 1359 1848 partes
1413 1762 1932 1830 constitutionum
1988 1763 2636 1831 adcommodarentur.

586 1859 897 1940 reliquum
947 1856 1280 1922 videbatur
1333 1879 1506 1933 esse,
1569 1867 1643 1921 ut
1693 1857 2200 1934 ostenderemus,
2263 1879 2428 1941 quae
2478 1860 2639 1926 ratio

585 1960 806 2035 ffflsset
838 1950 1218 2015 inventionis
1256 1950 1340 2014 ad
1371 1972 1567 2015 unam
1611 1972 1926 2034 quamque
1980 1952 2494 2017 constitutionem
2528 1966 2640 2019 aut

586 2050 830 2127 partem
865 2042 1329 2108 constitutionis
1367 2043 1833 2108 adcommodati
1846 2092 1862 2119 ‚
1900 2054 1967 2109 et
2003 2040 2212 2130 [item]
2253 2066 2411 2127 quas
2448 2069 2639 2132 argu-

585 2134 1032 2213 mentationes,
1070 2157 1228 2219 quas
1267 2134 1501 2201 Graeci
1536 2133 2012 2224 ἐπιχειρήματα
2048 2138 2396 2224 appellant,
2436 2142 2636 2223 sequi,

589 2228 789 2312 qualis
834 2230 1032 2295 vitare
1059 2240 1401 2318 oporteret3
1431 2252 1699 2315 quorum
1714 2242 2052 2316 utrumque
2068 2233 2356 2319 pertinet
2378 2234 2462 2300 ad
2488 2255 2640 2301 con-

585 2324 1002 2391 firmationem
1053 2336 1118 2391 et
1169 2327 1256 2390 ad
1293 2326 1815 2405 confutationem3
1871 2327 2099 2392 deinde
2150 2329 2233 2392 ad
2284 2341 2639 2395 extremum

589 2416 999 2506 [tl-acuimus}
1027 2419 1206 2486 cuius
1225 2421 1399 2494 modi
1426 2421 1935 2490 conclusionibus
1962 2422 2311 2488 orationum
2332 2423 2426 2488 uti
2450 2446 2640 2510 opor-

585 2523 760 2578 teret.
843 2509 980 2599 [qui
1039 2512 1218 2578 locus
1281 2525 1417 2578 erat
1450 2513 1775 2601 proximus
1838 2516 1919 2580 de
1982 2538 2096 2580 sex
2146 2516 2432 2602 partibus
2495 2539 2641 2582 orae

585 2604 824 2694 tionis]

701 2702 985 2768 Primum
1019 2726 1173 2790 ergo
1209 2724 1587 2786 quaeremus
1600 2751 1617 2780 ,
1664 2724 1854 2786 quem
1890 2703 1973 2769 ad
2015 2703 2275 2769 modum
2320 2725 2639 2788 quamque

581 2819 837 2860 causam
873 2808 1143 2863 tractare
1179 2797 1547 2875 conveniat,
1603 2807 1669 2863 et
1701 2797 1999 2866 nimirum
2044 2819 2214 2877 eam,
2269 2819 2431 2882 quae
2469 2799 2641 2863 diffi-

581 2888 813 2952 cillima
847 2899 973 2966 est,
1009 2888 1413 2975 potissimum
1447 2890 1943 2957 consideremus.

701 2981 782 3044 In
815 3001 1012 3046 causa
1043 2983 1449 3048 coniecturali
1490 2984 1767 3050 narratio
1822 2985 2203 3051 accusatoris
2250 2986 2638 3073 suspitiones

581 3072 939 3138 interiectas
994 3085 1058 3139 et
1109 3075 1429 3162 dispersas
1483 3079 1721 3145 habere
1784 3080 2001 3156 debet,
2064 3090 2139 3144 ut
2188 3079 2347 3144 nihil
2398 3090 2637 3159 actum,

581 3166 736 3230 nihil
771 3167 1048 3246 dictum,
1073 3193 1387 3254 nusquam
1421 3183 1684 3239 ventum
1718 3184 1829 3239 aut
1864 3174 2132 3251 abitum,
2168 3173 2326 3238 nihil
2361 3175 2640 3258 denique

581 3264 821 3326 factum
857 3261 990 3328 sine
1025 3284 1218 3330 causa
1249 3277 1542 3351 putetur3
1580 3268 1933 3334 defensoris
1968 3268 2242 3333 narratio
2281 3267 2640 3354 simplicem

585 3371 649 3420 et
681 3356 1017 3423 dilucidam
1045 3360 1507 3446 expositionem
1542 3363 1733 3428 debet
1758 3363 1993 3429 habere
2030 3384 2177 3429 cum
2202 3362 2641 3429 attenuatione

581 3450 966 3538 suspitionis,
1053 3454 1241 3521 huius
1285 3455 1751 3523 constitutionis
1804 3456 1965 3522 ratio
2008 3456 2077 3520 in
2123 3479 2238 3522 sex
2287 3456 2485 3542 partis
2534 3471 2644 3523 est

581 3545 938 3613 distributa:
975 3549 1328 3635 probabile,
1365 3549 1807 3628 conlationem,
1846 3551 2127 3636 signum,
2166 3561 2639 3636 argumentum,

581 3640 1116 3721 consecutionem,
1179 3643 1720 3729 approbationem.
1826 3643 2052 3710 horum
2102 3665 2301 3709 unum
2351 3642 2641 3726 quidque

581 3734 729 3815 quid
762 3735 996 3813 valeat,
1035 3737 1410 3822 aperiemus.

697 3827 1034 3895 Probabile
1079 3840 1204 3906 est,
1256 3851 1372 3915 per
1416 3828 1589 3913 quod
1628 3831 1931 3915 probatur
1983 3831 2319 3916 expedisse
2362 3852 2641 3917 peccare

581 3933 645 3980 ut
677 3921 755 3984 ab
801 3920 989 3985 simili
1033 3921 1417 4006 turpitudine
1460 3921 1783 3988 hominem
1826 3945 2171 4008 numquam
2214 3923 2473 3990 afuisse.
2565 3926 2647 3992 id
2666 3982 2694 4004 ,

581 4012 872 4081 dividitur
907 4014 975 4077 in
1009 4035 1268 4079 causam
1302 4025 1366 4080 et
1398 4015 1465 4081 in
1500 4017 1717 4081 vitam.
