2784 4575
485 287 616 353 212
1098 293 1177 348 Μ.
1213 290 1488 350 TULLII
1524 285 1927 346 CICERONIS

484 435 808 504 tamquam
843 439 1004 503 opus
1043 415 1298 498 aliquod
1330 412 1606 479 Daedali
1649 423 1714 476 et
1753 409 2067 501 Livianae
2120 407 2377 474 fabulae
2419 429 2545 472 non

390 545 444 584 ’τε
490 515 643 581 satis
671 514 922 598 dignae
968 531 1130 595 quae
1177 509 1406 573 iterum
1456 509 1769 593 legantur.
1834 495 2051 595 (atqui
2102 502 2207 568 hic
2254 495 2544 588 [Livius]

485 610 728 696 primus
782 605 1067 672 fabulam
1113 599 1190 668 C.
1240 598 1512 667 Claudio
1558 599 1761 666 Caeci
1804 599 1935 665 filio
1981 608 2046 664 et
2088 598 2187 663 M.
2223 595 2553 661 Tuditano

487 702 854 770 consulibus
883 698 1098 765 docuit
1133 719 1298 761 anno
1333 696 1476 780 ipso
1512 705 1677 772 ante,
1716 717 1907 778 quam
1932 706 2120 760 natus
2150 704 2249 758 est
2271 692 2557 769 Ennius,

486 808 636 885 post
666 797 941 860 Romam
987 789 1306 856 conditam
1349 797 1563 852 autem
1614 787 2084 872 quartodecimo
2131 797 2196 850 et
2226 787 2559 872 quingen-

487 890 715 956 tesimo
778 899 852 952 ut
885 886 988 950 hic
1024 885 1129 961 ait,
1167 905 1358 966 quem
1391 904 1511 946 nos
1550 880 1888 964 sequimur,
1922 917 2012 928 -
2046 890 2146 944 est
2180 879 2352 944 enim
2384 880 2561 944 inter

491 985 686 1070 script
759 1004 828 1047 es
884 981 964 1044 de
1015 999 1276 1043 numero
1339 997 1647 1040 annorum
1709 974 2139 1046 controversia
2186 1009 2278 1021 —
2308 972 2559 1035 Accius

491 1090 703 1144 autem
756 1099 795 1140 a
839 1073 924 1154 Q.
968 1072 1260 1136 Maximo
1314 1069 1605 1152 quintum
1654 1067 1915 1134 consule
1969 1074 2224 1152 captum
2268 1065 2562 1128 Tarento

492 1169 746 1256 scripsit
779 1162 1043 1232 Livium
1098 1164 1278 1228 annis
1313 1186 1436 1226 xxx
1467 1173 1645 1250 post,
1697 1183 1889 1246 quam
1933 1182 2078 1224 eum
2122 1157 2407 1223 fabulam
2433 1155 2563 1224 ³60-

492 1265 699 1328 cuisse
736 1273 800 1326 et
833 1259 1092 1324 Atticus
1139 1257 1359 1322 scribit
1393 1267 1457 1321 et
1484 1261 1608 1321 ‘nos
1644 1255 1712 1319 in
1756 1253 2029 1338 antiquis
2090 1251 2563 1317 commentariis

397 1388 449 1428 73
491 1355 878 1432 invenimus3
946 1351 1239 1416 docuisse
1304 1361 1515 1415 autem
1576 1348 1859 1414 fabulam
1920 1347 2103 1412 annis
2155 1356 2307 1433 post
2357 1369 2422 1408 Χι
2474 1341 2557 1409 C.

495 1448 796 1518 Cornelio
813 1519 830 1536 ι
849 1445 934 1528 Q.
981 1445 1270 1510 Minucio
1323 1442 1690 1510 consulibus
1742 1440 1912 1507 ludis
1956 1439 2340 1518 Iuventatis,
2394 1461 2562 1522 quos

497 1543 816 1631 Salinator
863 1537 1141 1606 Senensi
1187 1538 1433 1625 proelio
1486 1546 1777 1603 voverat=
1829 1534 1899 1600 in
1950 1556 2075 1619 quo
2121 1543 2337 1598 tantus
2384 1555 2565 1598 error

497 1637 686 1702 Accii
744 1637 893 1714 fuit,
955 1647 1028 1700 ut
1079 1625 1180 1702 his
1237 1635 1603 1702 consulibus
1656 1657 1739 1699 xx.
1789 1655 1989 1698 annos
2052 1642 2241 1696 natus
2296 1631 2553 1696 Ennius

500 1731 718 1808 fuerit3
773 1731 875 1795 cui
911 1731 967 1795 si
1003 1729 1281 1814 aequalis
1319 1730 1512 1794 fuerit
1542 1729 1793 1806 Livius,
1828 1728 2034 1792 minor
2069 1725 2191 1790 fuit
2228 1725 2561 1808 aliquanto

498 1824 584 1902 is,
632 1825 740 1908 qui
782 1825 1024 1911 primus
1071 1824 1354 1888 fabulam
1401 1823 1603 1899 dedit,
1650 1843 1841 1904 quam
1876 1821 1961 1897 ei,
2009 1819 2117 1902 qui
2161 1819 2395 1884 multas
2436 1819 2556 1884 do-

389 1921 458 1972 19
499 1927 759 1983 cuerant
793 1928 940 1981 ante
975 1916 1094 1981 hos
1131 1916 1454 1993 consules,
1492 1916 1860 1995 etPlautus
1899 1924 1963 2005 et
1996 1912 2298 1978 Naevius.
2384 1911 2560 1975 haec

399 1992 451 2031 ⁷⁴²
498 2011 554 2075 si
597 2010 806 2073 minus
852 2019 1002 2094 apta
1035 2009 1328 2079 videntur
1373 2009 1521 2072 huic
1557 2008 1861 2085 sermoni,
1905 2009 2137 2084 Brute,
2181 2006 2395 2070 Attico
2432 2005 2560 2068 ad-

499 2102 712 2187 signa,
765 2100 876 2182 qui
926 2122 1030 2171 me
1078 2100 1495 2166 inflammavit
1548 2103 1759 2169 studio
1810 2101 2169 2166 inlustrium
2218 2099 2553 2162 hominum

490 2204 731 2258 aetates
769 2203 833 2257 et
867 2205 1154 2280 tempora
1187 2195 1653 2280 persequendi.’
1743 2203 1892 2285 ‘ego
1927 2198 2107 2264 vero'
2150 2197 2349 2282 inquit
2378 2195 2567 2260 Bru-

489 2297 594 2351 tus
633 2292 726 2351 ‘et
761 2285 1041 2352 delector
1073 2286 1200 2352 ista
1242 2287 1427 2371 quasi
1468 2291 1794 2357 notatione
1847 2304 2203 2379 temporum
2234 2304 2300 2358 et
2344 2296 2427 2359 ad
2458 2293 2563 2371 id,

490 2380 664 2463 quod
705 2380 1064 2459 instituisti,
1119 2391 1441 2449 oratorum
1491 2407 1729 2471 genera
1772 2385 2163 2473 distinguere
2216 2389 2565 2466 aetatibuS,

393 2500 444 2540 ⁷5
470 2474 680 2540 ¹istam
714 2474 1104 2561 diligentiam
1139 2500 1282 2543 esse
1319 2478 1869 2545 adcommodatam
1898 2480 2095 2567 puto!
2170 2482 2417 2561 ‘recte,'
2452 2482 2563 2545 in-

489 2590 682 2653 quam
719 2570 968 2648 ‘Brute,
1021 2571 1369 2659 intellegis3
1410 2584 1597 2657 atque
1632 2574 1875 2639 utinam
1913 2585 2236 2640 exstarent
2268 2576 2379 2642 illa
2414 2599 2565 2642 car-

487 2662 688 2741 mina,
743 2685 906 2748 quae
958 2666 1174 2730 multis
1233 2666 1458 2731 saeclis
1514 2676 1659 2733 ante
1696 2691 1878 2732 suam
1921 2680 2192 2734 aetatem
2232 2670 2301 2735 in
2346 2672 2565 2758 epulis

487 2780 630 2821 esse
685 2757 986 2823 cantitata
1035 2782 1074 2823 a
1119 2760 1384 2845 singulis
1441 2761 1725 2827 convivis
1772 2761 1851 2826 de
1904 2762 2215 2828 clarorum
2268 2764 2561 2830 virorum

486 2848 781 2915 laudibus
842 2851 912 2915 in
965 2850 1342 2939 Originibus
1404 2854 1711 2943 scriptum
1768 2856 2023 2939 reliquit
2076 2854 2269 2923 Catol
2333 2869 2563 2925 tamen

484 2941 683 3019 illius,
745 2964 936 3027 quem
986 2944 1055 3008 in
1116 2946 1365 3012 vatibus
1432 2958 1497 3012 et
1544 2950 1786 3014 Faunis
1850 2951 2223 3015 adnumerat
2272 2952 2561 3031 Ennius,

389 3058 442 3097 τε
484 3034 721 3100 bellum
762 3036 1078 3102 Punicum
1122 3039 1306 3120 quasi
1347 3039 1643 3125 Myronis
1698 3066 1858 3130 opus
1904 3044 2194 3111 delectat.
2283 3045 2365 3110 sit
2406 3046 2569 3109 En·—

482 3127 626 3192 nius
664 3152 847 3212 sane,
883 3140 954 3194 ut
987 3141 1089 3194 est
1123 3142 1320 3210 certe,
1354 3135 1723 3220 perfectior3
1763 3136 1870 3221 qui
1907 3136 1963 3201 si
1995 3137 2203 3216 illum,
2239 3150 2311 3203 ιιι
2346 3138 2565 3203 simu-

480 3220 601 3297 lat,
654 3232 1113 3299 contemneret,
1165 3246 1297 3288 non
1349 3226 1562 3291 omnia
1607 3226 1773 3293 bella
1823 3252 2211 3315 persequens
2263 3231 2557 3318 primum

481 3311 638 3377 illud
679 3314 995 3379 Punicum
1049 3316 1422 3381 acerrimum
1474 3318 1713 3385 bellum
1763 3322 2141 3405 reliquisset.
2230 3324 2346 3390 sed
2398 3324 2561 3411 ipse*

482 3405 662 3484 dicit,
717 3428 831 3472 cur
871 3406 939 3471 id
990 3408 1212 3473 faciat:
1270 3410 1663 3497 ‘scripsere,’
1714 3412 1918 3497 inquit
1971 3417 2107 3481 ‘alii
2146 3440 2285 3482 rem
2338 3418 2559 3483 vorsi-

480 3498 644 3576 bus,’
674 3510 739 3565 et
764 3499 1079 3565 luculente
1107 3502 1362 3585 quidem
1394 3504 1800 3591 scripserunt,
1838 3508 2085 3574 etiamsi
2110 3510 2319 3575 minus
2350 3531 2557 3594 quam

481 3598 552 3655 tu
583 3591 806 3676 polite3
862 3614 982 3657 nec
1018 3616 1170 3661 vero
1206 3595 1320 3660 tibi
1355 3596 1537 3663 aliter
1570 3599 1771 3665 videri
1806 3600 2021 3680 debet,
2076 3602 2183 3686 qui
2220 3626 2259 3667 a
2290 3604 2357 3669 N
2356 3603 2561 3668 aevia

481 3681 586 3747 vel
621 3685 948 3769 sumpsisti
981 3686 1209 3767 multa,
1246 3688 1302 3753 si
1335 3682 1585 3770 fateris,
1620 3692 1751 3771 vel,
1800 3693 1855 3757 si
1889 3707 2119 3781 negas,
2158 3696 2555 3783 surripuisti-

385 3798 437 3837 τι
499 3774 548 3850 f
604 3773 772 3841 Cum
815 3776 939 3842 hoc
976 3777 1224 3846 Catone
1267 3782 1639 3867 grandiores
1692 3795 1847 3850 natu
1889 3787 2145 3852 fuerunt
2181 3786 2259 3855 C.
2296 3788 2552 3857 Flami-

479 3864 653 3942 nius,
693 3866 770 3931 C.
807 3870 1045 3949 Varr0,
1084 3872 1168 3954 Q.
1203 3874 1559 3954 Maximus,
1598 3877 1682 3959 Q„
1716 3878 2042 3958 Metellus,
2074 3880 2155 3945 P.
2190 3881 2474 3947 Lentulu
2510 3917 2512 3919 ·

477 3955 559 4057 .P‘
587 3954 922 4052 ¹Crassus,
987 3950 1095 4045 qui
1155 3986 1300 4029 cum
1363 3970 1687 4053 superiore
1740 3971 2047 4057 Africano
2106 3974 2329 4038 consul
2390 3974 2502 4038 fui·
2548 4026 2565 4033 -

479 4063 691 4125 ipsum
739 4046 1104 4133 Scipionem
1149 4058 1507 4145 accepimus
1552 4085 1682 4129 non
1721 4063 2027 4129 infantem
2079 4065 2277 4131 fuisse
2288 4090 2308 4143 ς
2361 4065 2549 4129 filius
