2784 4575
862 292 967 347 DE
1004 290 1369 348 ORATORE
1405 293 1480 347 11.
1515 292 1755 349 40-49,
2255 284 2343 349 69

280 426 494 482 menta
528 414 779 481 dicendi
814 426 1166 493 sumuntur,
1201 414 1418 481 licebit
1443 416 1634 481 etiam
1658 415 2086 482 laudationem
2112 440 2340 484 ornare

280 532 484 595 neque
534 510 645 575 illa
696 510 1007 576 elementa
1070 508 1459 588 desiderare,
1522 532 1684 595 quae
1735 521 1807 576 ut
1857 533 2045 577 nemo
2105 513 2334 591 tradat,

282 604 422 688 quis
458 615 557 670 est
588 604 697 688 qui
730 602 1000 683 nesciat,
1056 624 1218 688 quae
1255 603 1383 667 sint
1415 604 1484 668 in
1516 604 1772 671 homine
1815 604 2172 670 laudanda?
2219 628 2340 691 po·-

282 698 403 763 sita
436 697 605 762 enim
636 697 705 762 in
733 697 841 763 ‘eis
884 709 1029 763 sunt
1076 697 1297 775 rebus,
1352 718 1512 782 quas
1551 695 1829 763 Crassus
1873 698 1941 762 in
1983 697 2152 762 illius
2198 721 2342 763 ora-

282 790 470 857 tionis
508 812 689 869 suae,
743 812 935 875 quam
970 800 1192 856 contra
1234 790 1569 877 conlegam
1605 812 1832 857 censor
1864 789 2114 869 habuit,
2164 790 2340 877 prin-

280 884 442 971 cipio
480 884 668 949 dixit.
722 906 903 993 quae·
920 895 1149 950 natura
1183 894 1293 949 aut
1325 884 1581 950 fortuna
1615 885 1912 950 darentur
1953 884 2336 963 hominibus,

277 976 347 1042 in
378 977 472 1043 eis
505 978 698 1043 rebus
736 1000 806 1043 se
840 977 1011 1043 vinci
1060 1000 1256 1065 posse
1300 979 1511 1045 animo
1557 1000 1758 1063 aequo
1800 978 1962 1065 pati3
2017 994 2178 1062 quae
2213 977 2338 1065 ipsi

282 1070 403 1135 sibi
454 1070 743 1137 homines
794 1093 1021 1157 parare
1068 1084 1364 1181 possent,
1417 1072 1487 1136 in
1529 1072 1622 1137 eis
1673 1072 1864 1138 rebus
1921 1093 1993 1136 se
2034 1070 2168 1157 pati
2209 1094 2338 1136 non

278 1186 471 1250 posse
506 1164 704 1242 vinci3
740 1168 945 1251 itaque
979 1166 1089 1248 qui
1122 1166 1409 1232 laudabit
1441 1164 1832 1251 quempiam,
1867 1163 2192 1251 intelleget
2227 1186 2337 1230 ex-

278 1258 577 1344 ponenda
620 1257 742 1324 sibi
786 1280 931 1323 esse
983 1259 1277 1325 fortunae
1319 1260 1518 1338 bona,
1571 1281 1650 1324 ea
1693 1268 1842 1323 sunt
1891 1257 2173 1345 generis,
2223 1280 2337 1346 pe-

280 1350 521 1430 cuniae,
556 1351 1074 1438 propinquorum,
1112 1353 1478 1431 amicorum,
1515 1374 1737 1438 opum,
1772 1352 2171 1429 valetudinis,
2207 1353 2339 1417 for-

278 1466 451 1522 mae,
505 1445 760 1523 virium,
796 1444 1037 1532 ingenii
1070 1456 1135 1511 et
1170 1457 1522 1513 ceterarum
1552 1468 1792 1525 rerum,
1848 1468 2010 1530 quae
2045 1456 2195 1511 sunt
2224 1458 2338 1511 aut

281 1539 562 1626 corporis
599 1550 711 1604 aut
744 1550 1112 1619 extraneae3
1158 1540 1196 1577 ⁴⁸
1230 1540 1265 1577 ⁴⁸
1301 1540 1339 1577 ⁴⁸
1374 1542 1433 1607 si
1465 1540 1784 1619 habuerit,
1818 1541 1981 1605 bene
2014 1540 2206 1605 rebus
2243 1540 2335 1606 eis

278 1654 495 1710 usum3
550 1632 606 1697 si
648 1654 779 1698 non
822 1632 1143 1712 habuerit,
1198 1634 1519 1722 sapienter
1563 1633 1872 1711 caruisse3
1927 1632 1984 1698 si
2036 1633 2334 1711 amiserit,

277 1727 603 1791 moderate
638 1725 889 1805 tulisse3
929 1725 1177 1806 deinde,
1214 1728 1368 1812 quid
1405 1727 1723 1814 sapienter
1753 1726 1808 1792 is
1821 1774 1840 1804 ,
1878 1747 2069 1810 quem
2099 1726 2334 1803 laudet,

278 1819 431 1903 quid
466 1818 837 1898 liberaliter,
875 1819 1029 1905 quid
1061 1820 1335 1899 fortiter,
1374 1821 1528 1906 quid
1561 1821 1754 1899 iuste,
1793 1820 1947 1903 quid
1976 1819 2334 1905 magnifice,

276 1912 431 1995 quid
461 1912 595 1999 pie,
634 1912 787 1997 quid
818 1924 1027 1999 grate,
1064 1914 1218 1998 quid
1251 1913 1639 1993 humaniter,
1695 1912 1847 1997 quid
1882 1913 2154 1998 denique
2189 1934 2336 1977 cum

276 2004 488 2091 aliqua
522 2007 752 2072 virtute
798 2018 909 2073 aut
958 2007 1183 2073 fecerit
1232 2018 1341 2073 aut
1384 2007 1624 2073 tulerit:
1678 2007 1836 2072 haec
1871 2016 1938 2071 et
1970 2028 2135 2091 quae
2187 2016 2337 2073 sunt

274 2099 411 2166 eius
448 2101 701 2187 generis
736 2101 931 2167 facile·
956 2100 1217 2180 videbit,
1254 2101 1363 2185 qui
1397 2101 1572 2167 volet
1603 2100 1892 2180 laudare,
1928 2110 1995 2165 et
2027 2101 2136 2185 qui
2169 2101 2335 2166 vitu-

274 2218 524 2280 perare,
578 2196 929 2263 contraria.’
1021 2202 1161 2262 ‘cur
1202 2196 1397 2284 igitur
1440 2195 1690 2262 dubitas
1701 2194 1742 2276 ,’
1793 2194 1999 2280 inquit
2043 2194 2332 2275 Catulus,

278 2287 516 2353 ‘facere
550 2289 675 2355 hoc
708 2291 963 2357 tertium
1004 2313 1239 2377 genus,
1296 2291 1596 2376 quoniam
1646 2291 1815 2356 inest
1846 2290 1915 2355 in
1957 2290 2201 2357 ratione
2233 2312 2336 2356 re-

274 2381 455 2446 rum?
487 2403 619 2446 non
652 2383 850 2463 enim,
890 2385 946 2448 si
980 2395 1081 2450 est
1113 2385 1385 2463 facilius,
1423 2407 1500 2451 eo
1535 2386 1616 2450 de
1649 2405 1914 2450 numero
1951 2405 2202 2468 quoque
2236 2393 2338 2448 est

276 2474 783 2561 excerpendum.'
873 2476 1053 2560 ‘quia
1082 2477 1283 2554 nolo,’
1318 2477 1550 2560 inquit,
1598 2477 1864 2553 ‘omnia,
1903 2497 2064 2559 quae
2099 2475 2336 2540 cadunt

276 2566 614 2653 aliquando
648 2567 717 2631 in
751 2578 1095 2646 oratorem,
1152 2570 1444 2652 quamvis
1482 2569 1716 2655 exigua
1759 2568 1912 2646 sint,
1968 2591 2046 2634 ea
2081 2567 2174 2634 sic
2207 2576 2334 2631 tra—

276 2671 475 2740 ctare,
510 2661 696 2745 quasi
726 2661 885 2726 nihil
918 2662 1125 2747 possit
1158 2662 1283 2726 dici
1320 2663 1458 2728 sine
1491 2661 1846 2748 praeceptis
1885 2662 2046 2739 suis3
2081 2683 2233 2725 nam
2267 2671 2332 2726 et

275 2753 705 2819 testimonium
740 2776 931 2842 saepe
968 2755 1307 2821 dicendum
1341 2765 1444 2822 est
1477 2776 1552 2821 ac
1586 2778 1715 2820 non
1757 2775 2105 2838 numquam
2140 2755 2331 2818 etiam

275 2848 665 2928 adcuratius,
719 2859 792 2914 ιιι
840 2847 998 2913 mihi
1050 2848 1240 2914 etiam
1290 2871 1556 2915 necesse
1609 2848 1790 2914 fuit
1769 2873 1838 2914 m
1883 2847 2036 2914 Sex.
2073 2847 2332 2926 Titium,

276 2941 647 3008 seditiosum
690 2941 895 3007 civem
938 2952 1005 3007 et
1048 2941 1507 3020 turbulentum3
1563 2940 1936 3029 explicavi
1917 2965 1985 3006 ιιι
2029 2965 2104 3008 eo
2157 2941 2335 3007 testi-

272 3036 487 3108 monio
523 3036 791 3104 dicendo
827 3037 1042 3103 omnia
1074 3037 1341 3103 consilia
1374 3038 1743 3104 consulatus
1777 3036 1932 3115 mei,
1979 3037 2206 3121 quibus
2243 3037 2336 3101 illi

272 3129 525 3197 tribuno
558 3130 765 3218 plebis
800 3154 917 3218 pro
950 3153 1023 3198 re
1064 3132 1321 3218 publica
1352 3131 1760 3210 restitissem,
1815 3152 2102 3216 quaeque
2137 3131 2220 3196 ab
2255 3153 2332 3198 eo

274 3235 495 3290 contra
524 3245 661 3290 rem
693 3224 1016 3311 publicam
1049 3226 1221 3290 facta
1257 3225 1611 3304 arbitrarer,
1648 3224 1916 3312 exposui
1923 3249 1943 3304 3
1982 3225 2090 3290 diu
2122 3235 2334 3291 reten-

273 3327 379 3381 tus
417 3339 586 3394 sum,
621 3316 821 3382 multa
854 3318 1096 3398 audivi,
1140 3319 1342 3384 multa
1373 3319 1695 3406 respondi.
1781 3340 1937 3384 num
1969 3317 2163 3406 igitur
2196 3318 2334 3404 pla-

276 3419 405 3486 cet,
442 3431 588 3474 cum
621 3409 701 3475 de
737 3410 1096 3495 eloquentia
1127 3413 1503 3499 praecipias,
1543 3411 1780 3496 aliquid
1813 3413 2005 3478 etiam
2040 3413 2120 3476 de
2155 3410 2334 3475 testi-

2379 1286 2436 1328 4ss

2377 2222 2430 2263 4⁷

2373 2680 2429 2722 48

273 3501 504 3567 moniis
541 3502 823 3568 dicendis
852 3505 1032 3604 quasi
1059 3505 1127 3570 in
1161 3516 1294 3570 arte
1319 3507 1633 3572 tradere?
1689 3506 1874 3570 ‘nihil
1909 3504 2092 3571 sane'
2128 3502 2332 3588 inquit
2366 3501 2438 3556 12

277 3593 548 3662 Catulus
603 3601 894 3663 ‘neccsse
947 3597 1085 3664 est?
1200 3599 1384 3682 ‘quid
1437 3599 1523 3677 si,
1585 3600 1758 3684 quod
1809 3620 2002 3684 saepe
2065 3595 2327 3662 summis

274 3689 427 3756 viris
473 3688 730 3768 accidit,
787 3692 1089 3756 mandata
1132 3691 1261 3757 sint
1310 3693 1686 3779 exponenda
1727 3701 1838 3756 aut
1870 3691 1938 3756 in
1981 3701 2206 3757 senatu
2249 3691 2331 3754 ab

274 3783 654 3871 imperatore
690 3794 801 3849 aut
833 3785 917 3849 ad
948 3785 1392 3872 imperatorem
1437 3795 1546 3850 aut
1581 3785 1664 3850 ad
1695 3807 1914 3872 regem
1949 3793 2059 3848 aut
2091 3783 2173 3848 ad
2214 3803 2330 3870 po-

272 3876 495 3963 pulum
538 3877 813 3964 aliquem
857 3903 897 3944 a
939 3889 1191 3959 senatu,
1242 3902 1398 3945 num
1442 3879 1592 3964 quia
1633 3899 1867 3966 genere
1919 3876 2218 3955 orationis
2262 3877 2330 3942 in

274 3971 412 4037 eius
457 3975 645 4041 modi
675 3975 883 4041 causis
932 3974 1321 4042 adcuratiore
1374 3985 1477 4041 est
1514 3974 1848 4054 utendum,
1902 3971 2136 4039 idcirco
2175 3993 2325 4058 pars

272 4065 468 4133 etiam
519 4066 677 4134 haec
738 4092 1071 4138 causarum
1129 4069 1523 4136 numeranda
1572 4068 1830 4134 ·videtur
1890 4077 2000 4134 aut
2055 4065 2326 4156 propriis
