2784 4575
144 4094 152 4097 <
223 4056 553 4145 quidpiam
589 4059 994 4147 disceptatur,
1032 4061 1249 4146 quaeri
1284 4084 1367 4129 ex
1400 4072 1666 4148 utraque
1701 4074 1880 4149 parte
1916 4063 2137 4131 deceat
2171 4084 2282 4128 ve-

513 269 622 326 DE
658 257 972 327 PARTIT.
1009 265 1411 326 ORATORIA
1442 267 1650 326 DIAL.
1685 265 1996 327 120-129.
2128 257 2284 326 ·371

185 403 575 476 ¹‘accusator
590 390 1030 458 essedefiniat
1063 413 1317 456 omnem
1349 389 1566 457 iudicii
1589 392 2015 479 corruptelam
2043 395 2124 460 ab
2147 417 2279 476 reo,

212 491 525 574 defensor
560 488 774 559 autem
802 499 938 567 non
982 505 1262 562 omnem,
1313 486 1433 552 ,sed
1483 494 1730 550 tantum
1778 487 1970 568 modo
2023 507 2283 556 accusaf-

214 583 380 651 toris
416 579 839 667 corruptelam
882 579 965 645 ab
997 600 1138 658 reo,
1193 576 1277 644 sit
1310 595 1466 665 ergo
1501 578 1660 645 haec
1713 579 2032 646 contentio
2079 581 2286 669 prima

191 678 591 762 ,vel-borum,
642 675 711 740 in
727 695 904 758 qua,
958 671 1210 740 etiamsi
1258 673 1519 762 propius
1572 673 1833 740 accedat
1885 675 1969 740 ad
2017 696 2285 744 consue-

188 772 507 838 ·tudinem
540 776 944 853 mentemque
980 764 1289 853 sermonis
1327 767 1682 834 defensoris
1719 767 2032 849 definitio,
2069 781 2284 838 tamen

212 877 557 933 accusator
626 863 942 932 sententia
1000 860 1164 950 legis
1188 861 1464 941 ‘nititur3
1531 872 1729 950 negat
1793 862 1964 929 enim
2029 865 2283 952 probari
2311 890 2394 939 125*

211 971 517 1048 oportere
551 978 693 1036 cos,
749 957 859 1042 qui
890 955 1070 1043 leges
1124 956 1520 1044 scripserint,
1573 979 1656 1023 ne
1689 967 1904 1022 ratum·
1948 956 2285 1026 haberetur

210 1051 556 1131 iudicium,
607 1051 667 1116 si
702 1061 906 1117 totum
940 1054 1305 1137 corruptum
1342 1050 1452 1130 sit,
1509 1051 1565 1116 si
1596 1071 1762 1116 unus
1800 1061 2128 1118 accusator
2160 1075 2286 1120 non

212 1155 559 1236 corruptus
596 1146 710 1225 sit,
760 1159 893 1212 non
924 1144 1316 1225 rescindere}
1366 1144 1588 1211 nititur
1623 1145 1958 1231 aequitate,
1993 1141 2284 1226 utilitate,

210 1265 261 1308 e
298 1263 425 1326 qua
460 1239 809 1307 scribenda
824 1240 934 1308 lex
968 1239 1080 1320 sit,
1116 1260 1404 1326 quaeque
1441 1249 1578 1306 tum
1611 1241 2186 1328 'complecterentur
2218 1242 2287 1309 in

212 1335 472 1402 iudiciis
528 1333 834 1422 corruptis
848 1382 867 1413 ,
927 1356 1007 1400 ea
1054 1334 1251 1400 verbo
1318 1355 1448 1400 uno
1507 1335 2060 1422 praevaricationis
2115 1359 2286 1404 com-

212 1429 639 1516 prehendisse
667 1469 672 1472 -
698 1427 850 1494 dicit
854 1453 879 1510 3
932 1428 1232 1498 defensor
1290 1439 1507 1494 autem
1560 1439 1828 1496 testatur
1879 1431 2284 1498 consuetudi·
2337 1456 2418 1498 126

212 1545 375 1588 :nem
428 1522 737 1590 sermonis
789 1521 1093 1608 verbique
1154 1523 1286 1589 vim
1338 1547 1422 1590 ex
1477 1525 1788 1592 contrario
1829 1525 2062 1613 repetit
2101 1527 2286 1612 quasi

192 1637 533 1684 ·converso
596 1621 995 1696 accusatore,
1058 1617 1161 1682 cui
1222 1617 1608 1699 contrarium
1659 1630 1759 1685 est
1807 1625 2042 1685 nomen
2101 1641 2287 1706 prae-

195 1711 591 1778 varicatoris
602 1735 623 1789 3
676 1732 757 1777 ex
808 1711 1371 1795 consequentibus,
1425 1713 1598 1798 quod
1632 1735 1710 1779 ea
1741 1712 1950 1780 littera
1983 1713 2064 1779 de
2098 1731 2284 1780 accu-

214 1808 436 1872 -satore
472 1805 675 1872 soleat
703 1805 845 1872 dari
874 1805 1097 1886 iudici3
1149 1823 1233 1872 ex
1264 1807 1522 1874 nomine
1555 1805 1726 1894 ipsc,
1763 1807 1936 1892 quod
1971 1807 2284 1895 significat

212 1923 399 1980 eum,
454 1900 563 1985 qui
594 1899 663 1966 in
697 1900 1027 1967 contrariis
1082 1901 1291 1967 causis
1328 1901 1513 1987 quasi
1546 1925 1698 1968 vare
1729 1902 1976 1990 positus
2013 1925 2157 1969 esse
2190 1903 2287 1969 vi-

218 1995 469 2061 deatur.
550 1995 665 2060 sed
698 1993 847 2060 huic
880 2003 1094 2060 tamen
1128 1994 1255 2082 ipsi
1288 1996 1784 2084 confugiendum
1821 2006 1921 2062 est
1953 1997 2038 2063 ad
2070 1995 2286 2082 aequi-

197 2089 372 2154 ·tatis
425 2087 635 2168 locos,
687 2088 771 2156 ad
824 2111 1037 2154 rerum
1088 2089 1506 2156 iudicatarum
1541 2089 1977 2158 auctoritatem
2010 2091 2322 2183 adfinem*

194 2183 504 2266 aliquam
552 2181 846 2269 periculi;
902 2203 1361 2269 communeque
1416 2184 1501 2249 sit
1552 2183 1675 2250 hoc
1725 2198 2179 2274 praeceptum,
2213 2197 2290 2252 ut

213 2298 373 2341 cum
404 2284 669 2360 uterque
706 2276 1017 2344 definierit
1042 2300 1234 2363 quam
1268 2276 1542 2345 maxime
1575 2279 1854 2367 pomerit
1887 2281 1969 2347 ad
2003 2301 2288 2349 commu-

219 2391 373 2436 nem
398 2398 403 2405 ·
428 2392 687 2436 sensum
726 2372 982 2456 vimque
1037 2372 1244 2452 verbi,
1298 2384 1436 2437 tum
1489 2372 1798 2440 similibus
1851 2374 2284 2462 exemplis-que

214 2488 473 2543 eorum,
510 2464 619 2549 qui
650 2466 741 2531 ita
772 2466 970 2532 locuti
1004 2466 1159 2545 sint,
1198 2488 1381 2532 suam
1415 2468 1844 2535 definitionem
1881 2467 2286 2533 sententiam-

216 2581 353 2643 que
390 2558 759 2625 confirmet.·
824 2570 1013 2645 atque
1068 2561 1422 2627 accusatori
1477 2562 1562 2627 sit
1593 2562 1661 2626 in
1694 2562 1818 2627 hoc
1867 2584 2104 2649 genere
2138 2583 2285 2626 cau-
2313 2586 2388 2627 12¹1

218 2674 443 2719 <sarum
475 2652 653 2718 locus
706 2652 815 2719 ille
850 2655 1229 2734 communis,
1283 2654 1543 2721 minime
1591 2678 1734 2723 esse
1792 2653 2284 2735 concedendum,

223 2757 300 2812 vut
340 2746 430 2826 is,
478 2746 588 2831 qui
623 2747 703 2813 de
746 2770 817 2813 re
852 2749 1253 2829 confiteatur,
1308 2749 1490 2816 verbi
1525 2772 1595 2816 se
1627 2748 2140 2837 interpretatione
2177 2750 2286 2815 de-

218 2840 473 2919 fendat3
510 2841 809 2908 defensor
846 2852 1058 2909 autem
1094 2854 1159 2909 et
1194 2868 1298 2924 ea,
1336 2866 1530 2929 quam
1561 2844 1926 2931 proprosui,
1971 2843 2286 2928 aequitate

222 2934 463 2999 nitatur
498 2946 589 3013 et,
648 2957 727 3001 ea
761 2956 907 3001 cnm
952 2958 1171 3003 secum
1221 2938 1444 3017 faciat,
1497 2952 1628 3003 non
1659 2961 1758 3017 re,
1813 2938 1932 3003 sed‘
1980 2938 2287 3024 deprava-

218 3028 399 3093 tione
455 3029 635 3095 verbi
689 3052 761 3095 se
813 3032 1028 3118 urgeri
1080 3043 1409 3116 queratur3
1464 3054 1589 3117 quo
1631 3032 1700 3097 in
1751 3034 1989 3119 genere*
2025 3053 2288 3118 percen-
2351 3046 2356 3051 “

221 3128 369 3189 sere
403 3122 637 3209 poterit
668 3125 1007 3211 plerosque
1038 3125 1404 3193 inveniendi
1435 3126 1610 3192 locos
1621 3151 1641 3205 ;
1692 3148 1843 3191 nam
1878 3136 1943 3191 et
1977 3124 2286 3191 similibus

221 3226 439 3281 utetur
492 3229 557 3282 et
611 3220 939 3287 contrariis
984 3231 1049 3286 et
1102 3220 1632 3304 consequentibus
1685 3240 2069 3304 quamquam
2117 3230 2289 3285 u'ter-

219 3327 352 3393 que
365 3357 381 3386 ,
421 3320 635 3374 tamen
666 3316 844 3389 reus,
888 3312 1013 3378 nisi
1047 3314 1235 3399 plane
1272 3314 1392 3380 erit·
1425 3314 1703 3380 absurda
1736 3334 1930 3378 causa
1937 3346 1956 3391 ,·
1992 3312 2288 3397 frequen-

236 3401 519 3470 tioribus.
608 3404 1032 3489 amplificandi
1067 3418 1280 3473 autem
1324 3429 1546 3486 causa,
1601 3430 1764 3492 quae
1817 3418 1928 3472 aut
1977 3426 2123 3471 cum
2176 3406 2287 3471 dc·
2312 3428 2393 3471 128

219 3494 596 3581 jgredientur
630 3518 671 3561 a
704 3518 919 3575 causa,
954 3497 1080 3562 dici
1108 3499 1333 3577 solent,
1372 3510 1480 3565 aut
1517 3519 1662 3565 cum
1689 3500 2090 3586 perorabunt,
2127 3498 2288 3565 haec

222 3588 331 3653 vel
386 3587 471 3653 ad
522 3588 737 3655 odium
789 3590 892 3657 vel
944 3591 1027 3655 ad
1067 3592 1566 3658 misericordiam
1607 3594 1712 3658 vel
1757 3593 1840 3659 ad
1881 3593 2054 3659 omni
2094 3593 2286 3659 modo

231 3682 473 3748 animos
509 3682 787 3749 iudicum
832 3672 1181 3751 movendos
1219 3708 1299 3752 ex
1334 3686 1456 3765 eis,
1495 3708 1657 3771 quae
1695 3697 1842 3753 sunt
1877 3698 2023 3754 ante
2055 3686 2286 3775 posita,

228 3786 586 3856 sumentur,
640 3777 699 3842 si
732 3779 920 3845 modo
954 3800 1167 3845 rerum
1200 3779 1570 3867 magnitudo
1606 3780 2013 3848 hominumve
2047 3791 2157 3847 aut
2189 3780 2289 3845 in-

231 3868 402 3934 vidia
436 3882 545 3936 aut
580 3871 857 3957 dignitas
892 3873 1259 3959 postulabit.

350 3962 428 4029 C.
482 3965 560 4031 F.
613 3966 845 4031 Habeo
896 3966 1049 4045 ista3
1114 3986 1288 4033 nunc
1336 3988 1442 4047 ea,
1503 3989 1694 4052 quae,
1759 3985 1906 4033 cum
1965 3966 2171 4053 quale·
2203 3966 2286 4033 ΕΠ
2317 3964 2398 4077 3279

1818 4166 1924 4217 24⁸
