2784 4575
347 959 411 1016 21

351 1031 407 1071 94

259 3216 320 3241 ⁸·
354 3238 409 3279 96

348 3988 400 4029 97

449 259 536 330 20
1067 267 1144 321 M.
1183 265 1456 324 TULLII
1492 265 1893 322 oIOERoms

449 393 782 460 videbatur
849 411 1054 474 neque
1117 389 1448 454 artificium
1517 389 1717 454 ullum
1778 411 1923 454 esse
1983 387 2235 456 dicendi
2304 411 2513 474 neque

449 507 832 571 quemquam
864 507 1085 570 posse,
1123 483 1248 548 nisi
1281 483 1392 568 qui
1422 483 1559 562 illa,
1613 505 1777 568 quae
1813 507 1852 548 a
1886 482 2269 549 doctissimis
2306 483 2513 548 homi-

447 580 637 646 nibus
688 579 757 643 in
806 577 1229 686 philosophia
1261 577 1645 654 dicerentur,
1700 587 2069 662 cognosset,
2122 588 2236 642 aut
2284 577 2513 642 callide

448 684 562 740 aut
611 673 865 772 copiose
919 671 1158 749 dicere3
1208 670 1278 736 in
1329 671 1559 755 quibus
1597 625 1993 736 Charmadas
2049 670 2349 737 solebat
2330 694 2513 759 mge-

447 767 624 833 nium
670 765 876 845 tuum,
925 763 1192 844 Crasse,
1246 765 1653 830 vehementer
1688 764 2015 830 admirari·
2068 786 2173 830 me
2209 764 2333 830 sibi
2364 788 2513 852 per-

449 861 752 928 facilem
732 886 800 926 1n
835 860 1178 939 audiendo,
1230 870 1295 926 te
1330 879 1801 947 perpugnacem
1834 859 1901 924 in
1937 859 2317 946 disputando
2362 883 2509 926 esse

449 956 678 1023 visum.
763 956 976 1039 itaque
1011 977 1134 1040 ego
1169 953 1291 1020 hac
1325 955 1551 1020 eadem
1603 953 1899 1041 opinione
1936 954 2243 1020 adductus
2279 953 2509 1064 scripsi

451 1051 638 1118 etiam
673 1050 832 1116 illud
858 1047 1184 1132 quodam
1165 1072 1232 1112 m
1257 1048 1493 1127 libello,
1531 1048 1641 1132 qui
1664 1071 1767 1112 me
1792 1047 2190 1134 imprudente
2218 1059 2282 1114 et
2304 1048 2505 1114 invito

449 1144 682 1210 excidit
717 1155 783 1209 et
814 1142 1104 1230 pervenit
1135 1141 1203 1206 in
1236 1165 1465 1207 manus
1502 1142 1849 1221 hominum,
1886 1142 2156 1208 disertos
2194 1164 2511 1228 cognosse

447 1261 550 1304 me
603 1237 972 1315 nonnullos,
1027 1236 1431 1321 eloquentem
1484 1236 1695 1302 adhuc
1745 1236 2092 1315 neminem,
2147 1237 2320 1321 quod
2362 1259 2511 1302 eum

449 1332 806 1398 statuebam
842 1331 1166 1409 disertum,
1203 1330 1311 1415 qui
1342 1341 1567 1417 posset
1600 1330 1754 1396 satis
1794 1343 1975 1398 acute
2010 1336 2200 1415 atque
2234 1330 2510 1398 dilucide

449 1426 622 1511 apud
671 1423 1006 1490 mediocris
1063 1424 1355 1492 homines
1409 1447 1493 1490 ex
1535 1425 1859 1491 communi
1902 1426 2178 1509 quadam
2210 1424 2511 1512 opinione

448 1519 778 1584 hominum
836 1518 1074 1597 dicere,
1149 1518 1552 1603 eloquentem
1611 1541 1794 1596 ver0,
1864 1519 1975 1603 qui
2033 1519 2385 1583 mirabilius
2446 1528 2511 1583 et

448 1613 952 1700 magnificentius
1007 1636 1238 1702 augere
1288 1623 1513 1700 posset
1564 1624 1755 1697 atque
1805 1635 2031 1679 ornare
2086 1635 2248 1697 quae
2293 1613 2507 1691 vellet,

449 1709 780 1792 omnisque
815 1707 1098 1773 omnium
1128 1729 1370 1785 rerum,
1409 1728 1570 1790 quae
1608 1708 1691 1772 ad
1726 1707 2065 1776 dicendum
2099 1707 2507 1795 pertinerent,

447 1802 642 1867 fontis
697 1800 907 1868 animo
961 1823 1038 1868 ac
1087 1802 1397 1868 memoria
1446 1801 1817 1868 contineret.
1904 1802 1974 1868 id
2016 1802 2071 1868 si
2114 1813 2213 1868 est
2248 1801 2509 1866 difficile

447 1896 662 1975 nobis,
715 1897 888 1980 quod
939 1906 1114 1974 ante,
1169 1918 1361 1979 quam
1406 1896 1490 1961 ad
1536 1896 1909 1962 discendum
1951 1896 2225 1982 ingressi
2262 1917 2505 1972 sumus,

449 1990 773 2056 obruimur
819 1989 1160 2056 ambitione
1195 2003 1260 2056 et
1293 1990 1465 2069 foro,
1520 1990 1605 2056 sit
1646 2001 1861 2056 tamen
1893 1991 1961 2055 in
1992 2014 2063 2056 re
2098 1991 2377 2077 positum
2412 2002 2507 2056 at-

383 2111 408 2150 5
453 2107 576 2167 que
633 2095 888 2150 natura:
959 2108 1082 2171 ego
1153 2085 1350 2163 enim,
1424 2096 1730 2169 quantum
1802 2108 2077 2172 auguror
2144 2083 2511 2150 coniectura

449 2188 807 2262 quantaque
839 2178 1099 2265 ingenia
1131 2177 1200 2243 in
1232 2178 1469 2244 nostris
1522 2178 1883 2245 hominibus
1920 2201 2065 2246 esse
2108 2177 2323 2257 video,
2376 2199 2509 2244 non

450 2271 718 2359 despero
771 2272 908 2340 fore
953 2271 1229 2357 aliquem
1282 2271 1649 2357 aliquando,
1704 2273 1811 2357 qui
1864 2284 1929 2338 et
1980 2271 2189 2339 studio
2244 2272 2505 2350 acriore,

450 2388 640 2449 quam
674 2390 792 2433 nos
839 2390 1057 2433 sumus
1103 2379 1292 2451 atque
1336 2366 1603 2444 fuimus,
1658 2377 1725 2433 et
1756 2367 1885 2433 otio
1922 2389 1998 2432 ac
2040 2366 2339 2433 facultate
2376 2367 2509 2431 dis-

449 2459 634 2525 cendi
683 2459 924 2525 maiore
975 2482 1050 2525 ac
1101 2460 1441 2528 maturiore
1476 2473 1543 2528 et
1574 2461 1791 2527 labore
1828 2472 2014 2545 atque
2048 2460 2364 2527 industria
2400 2484 2511 2525 su-

445 2554 722 2640 periore,
779 2574 926 2619 cum
978 2577 1048 2620 se
1103 2556 1187 2620 ad
1239 2555 1623 2621 audiendum
1672 2555 2015 2643 legendum
2071 2555 2509 2622 scribendum-

446 2670 568 2731 que
630 2647 901 2726 dederit,
965 2648 1232 2715 exsistat
1292 2649 1436 2715 talis
1496 2660 1735 2727 orator,
1808 2650 2059 2734 qualem
2120 2650 2508 2735 quaerimus,

447 2742 555 2825 qui
605 2742 741 2808 iure
794 2766 925 2807 non
978 2744 1186 2809 solum
1237 2743 1540 2821 disertus,
1606 2743 1721 2811 sed
1773 2745 1967 2809 etiam
2020 2745 2322 2829 eloquens
2378 2744 2504 2809 dici

443 2835 650 2921 possit
659 2861 678 2912 ;
733 2836 841 2919 qui
885 2847 1098 2903 tamen
1141 2858 1288 2904 mea
1340 2836 1653 2903 sententia
1705 2849 1815 2903 aut
1864 2838 1969 2903 hic
2010 2849 2112 2904 est
2143 2836 2271 2903 iam
2308 2836 2511 2904 Cras—

448 2952 558 2993 sus
595 2940 731 3007 aut,
789 2930 845 2995 si
879 2932 1021 3015 quis
1074 2932 1214 3017 pari
1265 2931 1457 2997 fuerit
1506 2931 1763 3017 ingenio
1814 2933 2119 3019 pluraque
2174 2954 2365 3017 quam
2400 2931 2511 2996 hic

446 3033 512 3086 et
547 3023 814 3089 audierit
849 3036 914 3090 et
945 3024 1242 3091 lectitarit
1276 3038 1342 3089 et
1375 3025 1726 3110 scripserit,
1778 3028 2039 3113 paulum
2081 3026 2231 3091 huic
2264 3024 2511 3108 aliquid

443 3127 626 3202 poter
625 3116 676 3181 it
711 3118 984 3183 addere?

567 3210 718 3275 Hoc
751 3210 892 3277 loco
931 3208 1252 3297 Sulpicius
1291 3212 1694 3299 ‘insperanti'
1738 3213 1945 3298 inquit
2027 3213 2211 3281 ‘mihi
2244 3223 2308 3279 et
2343 3210 2509 3279 Cot-

444 3315 577 3382 tae,
643 3304 759 3369 sed
810 3304 998 3370 valde
1051 3305 1296 3392 optanti
1356 3306 1606 3391 utrique
1659 3320 1943 3374 nostrum
1998 3309 2251 3386 cecidit,
2310 3318 2383 3371 ut
2432 3306 2506 3373 in

445 3398 639 3463 istum
673 3420 1060 3477 sermonem,
1100 3397 1368 3478 Crasse,
1423 3399 1898 3480 delaberemini3
1953 3402 2136 3468 nobis
2172 3402 2341 3467 enim
2376 3401 2509 3467 huc

443 3492 843 3558 venientibus
890 3493 1045 3559 satis
1098 3493 1445 3561 iucundum
1478 3496 1615 3561 fore
1650 3496 2009 3573 videbatur,
2064 3495 2151 3574 si,
2204 3517 2349 3560 cum
2384 3518 2505 3559 vos

445 3588 525 3652 de
557 3588 750 3655 rebus
787 3586 925 3653 aliis
959 3588 1394 3673 loqueremini,
1432 3601 1644 3659 tamen
1676 3613 1795 3656 nos
1822 3588 2059 3674 aliquid
2094 3612 2179 3655 ex
2212 3611 2506 3655 sermone

442 3693 656 3753 vestro
689 3682 997 3749 memoria
1039 3684 1303 3771 dignum
1345 3684 1637 3771 excipere
1678 3707 2044 3771 possemus3
2098 3694 2171 3749 ut
2202 3706 2355 3749 vero
2389 3706 2507 3769 pe-

442 3775 612 3840 nitus
665 3776 732 3841 in
787 3800 926 3842 eam
977 3776 1186 3864 ipsam
1239 3778 1433 3845 totius
1484 3778 1669 3843 huius
1720 3778 1819 3843 vel
1872 3777 2065 3844 studii
2107 3776 2213 3843 vel
2257 3776 2509 3843 artificii

443 3868 546 3933 vel
581 3869 898 3937 facultatis
936 3872 1427 3958 disputationem
1460 3894 1663 3959 paene
1697 3872 1983 3939 intimam
2018 3870 2339 3947 veniretis,
2393 3869 2508 3935 vix

445 3964 790 4045 optandum
843 3964 1026 4030 nobis
1080 3965 1431 4031 videbatur.
1523 3988 1643 4052 ego
1696 3966 1864 4031 enim
1874 4014 1894 4045 ,
1948 3965 2059 4049 qui
2108 3966 2192 4031 ab
2242 3963 2509 4029 ineunte

445 4063 650 4121 aetate
684 4056 982 4125 incensus
1037 4082 1246 4125 essem
1283 4059 1492 4125 studio
1527 4060 1855 4145 utriusque
1906 4071 2219 4139 vestrum,
2276 4055 2509 4123 Crassi

2744 14 2755 292 ἱ

2748 333 2754 522 ¹
