2784 4575
753 247 860 304 AD
899 247 960 304 o.
994 248 1463 306 HERENNIUM
1495 251 1629 306 1111.
1665 251 1913 307 29--32.v
2268 237 2353 305 75

293 385 648 460 temperare
658 371 708 450 3'
737 372 1064 464 demendis
1091 371 1314 436 litteris
1348 372 1470 438 sic:
1510 373 1595 438 ‘si
1610 372 1872 440 lenones
1900 376 2165 440 vitasset
2190 385 2352 443 tam-

293 491 486 554 quam
527 468 776 542 leones,
830 466 1000 530 vitae
1033 465 1401 530 tradidisset
1452 489 1551 544 se;
1564 465 1581 494 '
1637 468 2089 536 transferendis
2124 469 2349 536 litteris

295 565 415 630 sict
472 562 739 638 ‘videte,
792 559 1063 638 iudices,
1115 569 1329 624 utrum
1379 559 1622 624 homini
1672 583 1839 626 navo
1884 585 1965 626 an
2008 584 2173 627 vano
2218 585 2353 629 cre-

295 658 444 724 dere
479 655 712 722 malitis
721 653 772 734 ς’
823 651 1031 738 [itemz
1077 652 1254 718 ‘nolo
1289 675 1435 718 esse
1468 653 1785 731 laudator,
1828 678 1911 719 ne
1946 656 2163 720 videar
2198 656 2355 722 adu-

294 751 486 828 lator3
499 749 548 836 ⁹]
587 746 1048 814 commutandis
1085 746 1208 812 hoc
1241 746 1463 812 modo:
1508 747 1817 833 ‘deligere
1853 759 2127 835 oportet,
2164 770 2355 833 quem
2452 825 2457 828 ¹

295 843 454 911 velis
491 842 776 928 diligere.
778 840 795 868 ’
883 840 1043 904 haec
1079 849 1228 904 sunt
1263 839 1838 919 adnominationes,
1893 862 2054 926 quae
2088 841 2155 909 in
2188 841 2355 908 litte-

293 959 510 1005 rarum
541 936 722 1000 brevi
765 933 1254 1000 commutatione
1299 943 1413 998 aut
1449 933 1865 1020 productione
1910 946 2021 1000 aut
2052 936 2355 1002 transiec-

296 1031 470 1098 tione
507 1039 616 1094 aut
647 1028 858 1112 aliquo
901 1027 1090 1092 huius
1123 1026 1298 1092 modi
1342 1049 1577 1114 genere
1620 1039 1971 1096 versantur.
2061 1041 2209 1094 sunt
2244 1053 2355 1096 au-
2387 1029 2457 1082 22

301 1135 434 1188 tem
477 1123 664 1199 aliae,
717 1143 882 1206 quae
924 1144 1057 1187 non
1106 1121 1344 1186 habent
1393 1132 1527 1188 tam
1566 1123 1987 1210 propinquam
2040 1124 2109 1189 in
2142 1125 2353 1191 verbis
2396 1101 2459 1178 ⁸⁰·

297 1216 772 1284 similitudinem
814 1225 878 1282 et
930 1225 1144 1281 tamen
1195 1214 1536 1281 dissimiles
1588 1239 1719 1282 non
1772 1227 1947 1282 sunt:
2001 1217 2230 1300 quibus
2276 1218 2355 1284 de

295 1309 635 1398 generibus
668 1331 866 1372 unum
911 1318 1012 1372 est
1043 1307 1231 1372 huius
1266 1307 1470 1374 modi:
1525 1309 1707 1392 ‘quid
1740 1311 2019 1388 veniam,
2068 1311 2177 1394 qui
2214 1311 2353 1389 sim,

299 1403 456 1490 [qua
487 1425 558 1468 re
592 1399 903 1486 veniam,]
943 1423 1132 1486 quem
1165 1401 1556 1480 insimulem,
1603 1402 1705 1466 cui
1738 1404 2005 1488 prosim,
2044 1426 2207 1487 quae
2240 1427 2359 1492 po-

295 1497 556 1574 stulem,
609 1495 792 1562 brevi
842 1495 1284 1582 cognoscetis?
1371 1496 1672 1560 nam-hic
1715 1506 1816 1561 est
1856 1496 1924 1562 in
1976 1498 2357 1580 quibusdam

294 1593 507 1660 verbis
545 1589 860 1675 quaedam
894 1589 1235 1657 similitudo
1271 1613 1401 1656 non
1436 1601 1567 1654 tam
1603 1591 1949 1668 adfectata,
1985 1614 2177 1675 quam
2209 1593 2355 1657 illae

293 1685 676 1774 superiores,
715 1683 832 1749 sed
865 1694 1080 1750 tamen
1097 1683 1463 1748 adhibenda
1488 1706 1618 1749 non
1652 1706 2017 1770 numquam.
2090 1685 2357 1764 alterum

291 1775 498 1865 genus
535 1777 726 1843 huius
759 1777 962 1844 modi:
1009 1784 1027 1812 ‘
1040 1777 1264 1842 demus
1301 1799 1590 1864 operam,
1628 1777 1939 1860 Quirites,
1984 1801 2065 1843 ne
2102 1777 2357 1843 omnino

289 1885 508 1960 patres
557 1871 900 1957 conscripti
951 1871 1409 1958 circumscripti
1449 1872 1790 1957 putentur?
1880 1873 2039 1938 haec
2074 1872 2358 1938 adnomi-

292 1968 466 2032 natio
501 1965 708 2052 magis
745 1965 991 2032 accedit
1025 1966 1110 2030 ad
1143 1965 1622 2032 similitudinem
1658 1988 1849 2052 quam
1886 1966 2203 2052 superior,
2242 1965 2357 2030 sed

295 2061 502 2126 minus
541 2082 734 2143 quam
765 2059 912 2124 illae
949 2059 1337 2146 superiores,
1391 2071 1731 2147 propterea
1773 2061 1947 2144 quod
1986 2083 2117 2126 non
2153 2059 2358 2127 solum

297 2155 576 2232 additae,
631 2154 748 2219 sed
779 2174 908 2218 uno
961 2164 1245 2241 tempore
1282 2156 1577 2241 demptae
1614 2177 1864 2240 quoque
1898 2153 2143 2220 litterae
2190 2164 2355 2218 sunt.

299 2248 552 2314 tertium
585 2271 790 2335 genus
845 2258 972 2327 est,
1026 2248 1200 2331 quod
1248 2259 1541 2315 versatur
1591 2250 1658 2314 in
1696 2271 1960 2316 casuum
2012 2257 2359 2314 commuta-

299 2342 470 2410 tione
505 2354 614 2407 aut
643 2342 831 2407 unius
869 2352 980 2407 aut
1010 2341 1288 2428 plurium
1311 2344 1669 2409 nominum.
1706 2344 1893 2409 unius
1926 2342 2201 2409 nominis
2236 2342 2360 2405 hoc

297 2437 516 2503 modo:
583 2436 981 2501 ‘Alexander
1033 2437 1310 2504 Macedo
1365 2461 1614 2505 summo
1674 2437 1892 2503 labore
1946 2438 2225 2501 animum
2276 2434 2360 2499 ad
2400 2460 2452 2499 ει

297 2532 593 2595 virtutem
637 2554 678 2595 a
717 2531 989 2617 pueritia
1039 2532 1489 2609 conformavit3
1541 2531 1898 2597 Alexandri
1938 2531 2201 2595 virtutes
2244 2550 2359 2613 per

299 2626 518 2691 orbem
551 2636 756 2690 terrae
791 2646 936 2689 cum
970 2623 1161 2691 laude
1195 2636 1262 2690 et
1295 2625 1499 2711 gloria
1532 2625 1827 2710 volgatae
1864 2634 2013 2689 sunt
2019 2648 2037 2701 ;
2072 2622 2360 2687 Alexan-

301 2718 486 2785 drum
519 2739 739 2783 omnes
773 2718 1048 2785 maxime
1092 2729 1481 2797 metuerant,
1526 2716 1699 2781 idem
1739 2718 2081 2803 plurimum
2123 2713 2361 2779 dilexe-

299 2821 448 2875 runt
455 2835 475 2889 3
537 2809 909 2877 Alexandro
965 2812 1020 2876 si
1073 2812 1206 2877 vita
1259 2813 1411 2877 data
1462 2810 1712 2897 longior
1764 2820 1961 2887 esset,
2026 2807 2361 2878 Oceanum

299 2926 528 2969 manus
567 2904 1000 2971 Macedonum
1051 2903 1551 2971 transvolasse&
1640 2904 1813 2969 varie
1856 2903 1961 2967 hic
2009 2924 2207 2967 unum
2246 2923 2363 2966 no·-

298 3020 447 3063 men
495 2998 564 3065 in
607 2999 1096 3066 commutatione
1141 3022 1408 3067 casuum
1452 3000 1807 3065 volutatum
1852 3008 1976 3075 est3
2030 2996 2215 3083 plura
2247 3018 2363 3061 no-

299 3096 472 3161 mina
523 3094 778 3161 casibus
831 3095 1231 3160 commutatis
1285 3094 1408 3159 hoc
1458 3092 1648 3160 modo
1706 3092 1943 3157 facient
1996 3090 2363 3157 adnomina-

300 3191 566 3255 tionem:
629 3188 763 3254 6Τί.
819 3186 1182 3255 Gracchum
1240 3211 1378 3253 rem
1438 3186 1759 3274 publicam
1820 3185 2363 3251 administrantem

299 3282 625 3370 prohibuit
667 3282 818 3348 mali
862 3282 1022 3347 civis
1066 3282 1276 3347 scelus
1323 3293 1388 3347 et
1428 3281 1693 3367 indigna
1734 3302 1862 3345 nex
1907 3279 2141 3343 diutius
2174 3278 2241 3342 in
2286 3300 2363 3343 eo

301 3378 706 3455 commorari3
746 3375 825 3442 C.
865 3376 1159 3443 Graccho
1199 3376 1487 3441 similiter
1521 3374 1753 3440 occisio
1790 3384 1890 3439 est
1923 3372 2162 3450 oblata,
2200 3394 2365 3455 quae

301 3472 511 3538 virum
544 3472 637 3536 rei
671 3471 964 3557 publicae
1000 3470 1505 3537 amantissimum
1552 3469 1761 3534 subito
1798 3469 1878 3533 de
1914 3468 2057 3535 sinu
2092 3464 2362 3530 civitatis

303 3565 563 3651 eripuit3
629 3561 1046 3631 Saturninum
1094 3564 1222 3629 fide
1285 3573 1543 3650 captum
1602 3562 1915 3629 malorum
1972 3557 2238 3646 perfidia
2291 3576 2365 3619 ac

305 3659 516 3725 scelus
551 3658 686 3725 vita
723 3658 1026 3745 privavit3
1080 3668 1256 3735 tuus,
1311 3657 1634 3733 o,Druse
1686 3653 1947 3739 sanguis
1984 3648 2364 3715 domesticos

305 3753 579 3839 parietes
617 3762 682 3819 et
721 3752 965 3819 voltum
1015 3752 1296 3839 parentis
1344 3750 1641 3839 aspersit3
1699 3746 1981 3833 Sulpicio
2024 3743 2132 3827 qui
2174 3741 2365 3827 paulo

309 3856 454 3913 ante
489 3846 704 3914 omnia
738 3847 1198 3925 concedebant,
1246 3868 1394 3911 eum
1428 3843 1609 3909 brevi
1644 3841 1851 3929 spatio
1884 3862 2015 3904 non
2046 3836 2237 3901 modo
2270 3835 2367 3899 vi-

309 3959 478 4016 vere,
515 3940 632 4005 sed
666 3940 860 4008 etiam
885 3938 1138 4025 sepeliri
1161 3936 1658 4025 prohibuerunt?
1731 3934 1891 3998 haec
1924 3931 2045 3997 tria
2076 3929 2367 4017 proxima
2406 3953 2459 3996 εκ

309 4054 546 4117 genera
579 4034 1090 4111 exornationum,
1127 4054 1398 4117 quorum
1430 4051 1633 4095 unum
1663 4028 1731 4093 in
1768 4026 2053 4093 similiter
2088 4022 2368 4091 cadenti-
