2784 4575
508 192 645 262 314
1130 203 1210 258 Μ.
1246 203 1520 260 TULLII
1555 198 1958 258 CICERONIS

602 350 793 414 quam
828 347 977 392 cara
1012 325 1165 404 sint,
1204 347 1367 411 quae
1400 335 1552 414 post
1585 323 1859 390 carenda
1889 321 2290 410 intellegunt,

606 443 924 508 quamque
960 420 1268 486 attinendi
1302 419 1522 508 magni
1555 418 1915 485 dominatus
1953 416 2136 484 sient.

514 539 639 584 neo
672 539 824 582 vero
858 514 1406 604 reprehenderim:

610 611 921 698 scripsere
956 609 1063 674 alii
1098 633 1265 688 rem3

517 703 965 791 ‘scripserunt'
1002 725 1147 769 esse
1181 703 1392 769 verius
1431 700 1657 781 sentin,
1695 700 1813 768 sed
1847 697 2290 766 consuetudini
2329 700 2618 768 auribus

512 797 870 884 indulgenti
902 797 1177 863 libenter
1211 797 1548 880 obsequor.

599 893 807 959 isdem
842 914 1106 980 campus
1147 892 1360 970 habet,

517 987 723 1074 inquit
751 987 1003 1052 Ennius
1040 997 1103 1052 et

600 1082 669 1147 in
702 1080 955 1168 templis
990 1079 1230 1158 isdem3
1272 1099 1281 1111 ‘

516 1186 585 1242 at
620 1175 917 1242 ‘eisdem’
958 1187 1093 1240 erat
1126 1172 1369 1250 verius,
1415 1193 1536 1240 nee
1570 1184 1782 1237 tamen
1816 1170 2138 1258 probavit,
2171 1181 2246 1236 ut
2281 1171 2602 1257 opimius:

516 1269 684 1334 :male
720 1270 990 1336 sonabat
1020 1267 1303 1346 ‘isdem';
1342 1266 1748 1354 impetratum
1793 1277 1892 1331 est
1927 1288 1968 1332 a
1997 1266 2495 1345 consuetudine,
2535 1282 2603 1332 ut

515 1383 781 1450 peccare
819 1361 1149 1428 suavitatis
1196 1383 1391 1426 causa
1429 1360 1670 1426 liceret.
1757 1370 1825 1424 et
1859 1358 2402 1445 ‘posmeridianas
2439 1383 2600 1444 qua-

518 1455 763 1544 drigas’
810 1477 1004 1540 quam
1048 1455 1637 1542 ‘postmeridianas’
1683 1452 1981 1519 libentius
2017 1452 2290 1520 dixerim
2323 1465 2395 1520 et
2432 1461 2600 1520 ‘me-

518 1549 803 1619 hercule’
841 1572 1033 1635 quam
1080 1547 1546 1615 ‘mehercules.’
1635 1553 1796 1612 ‘non
1830 1545 2020 1612 seire’
2063 1546 2324 1631 quidem
2355 1547 2600 1614 barba-

514 1665 659 1710 rum
700 1644 831 1710 iam
874 1643 1153 1722 videtur,
1207 1642 1509 1708 ‘nescire’
1565 1641 1834 1706 dulcius.
1918 1640 2136 1728 ipsum
2186 1640 2575 1721 ‘meridiem,
2577 1643 2596 1671 ⁹

518 1760 632 1804 cur
680 1762 811 1806 non
867 1736 1303 1805 ‘medidiemP'
1366 1736 1590 1814 credo,
1641 1735 1817 1820 quod
1865 1745 2004 1800 erat
2051 1734 2380 1802 insuavius
2436 1759 2594 1802 una.

404 1858 484 1902 158
518 1833 907 1927 praepositio
942 1844 1043 1898 est
1077 1831 1211 1909 ‘,'af
1248 1851 1450 1916 eaque
1484 1851 1654 1894 nunc
1689 1839 1935 1894 tantum
1967 1828 2036 1893 in
2071 1830 2314 1916 accepti
2346 1829 2590 1896 tabulis

517 1937 761 2005 manet,
817 1948 899 1991 ne
936 1925 1035 1990 his
1073 1925 1329 2009 quidem
1363 1924 1679 2002 omnium,
1728 1923 1798 1988 in
1831 1922 2078 2007 reliquo
2115 1944 2397 1989 sermone
2429 1946 2587 1988 mu-

518 2032 653 2086 tata
687 2031 817 2085 est:
870 2043 1019 2084 nam
1058 2019 1353 2085 ‘amovit'
1413 2017 1680 2084 dicimus
1717 2029 1781 2083 et
1817 2017 2088 2103 ‘abegit'
2129 2027 2188 2082 et
2237 2014 2580 2092 ‘abstulitss

515 2129 587 2182 ut
620 2115 748 2178 iam
782 2115 1033 2178 nescias
1075 2113 1207 2179 ‘ab'
1208 2135 1291 2180 ne
1326 2137 1550 2180 verum
1585 2116 1669 2180 sit
1701 2139 1784 2180 an
1819 2116 2006 2180 ‘’abs.
2081 2115 2241 2200 quid,
2275 2115 2332 2180 si
2363 2116 2574 2181 etiam

516 2207 820 2295 ‘abfugit'
861 2217 1043 2295 turpe
1073 2207 1281 2273 visum
1306 2221 1408 2275 est
1432 2223 1498 2276 et
1525 2207 1754 2275 ‘abfer’
1795 2209 2154 2289 noluerunt,
2191 2209 2488 2297 ‘abfuqit'¹
2511 2227 2574 2276 et

518 2301 759 2369 ‘’aufer
808 2301 1209 2370 maluerunt?
1270 2325 1434 2389 quae
1483 2303 1874 2393 praepositio
1941 2320 2192 2392 praeter
2243 2306 2403 2371 haec
2455 2307 2580 2372 duo

518 2396 715 2463 verba
772 2396 949 2463 nullo
1010 2399 1135 2465 alio
1186 2399 1257 2464 in
1306 2400 1504 2464 verbo
1555 2398 1922 2483 reperietur.
2011 2400 2222 2466 ‘noti’
2289 2411 2472 2465 erant
2517 2416 2579 2465 et

518 2490 719 2555 ‘navi'
758 2496 877 2557 et‘
885 2492 1051 2569 nari,
1055 2492 1339 2576 'quibus
1375 2514 1522 2557 cum
1557 2491 1680 2557 ‘in’
1707 2492 2022 2613 praeponi
2059 2504 2406 2579 oporteret,
2444 2495 2582 2558 dul-

517 2584 653 2650 cius
688 2584 898 2651 visum
942 2596 1045 2651 est
1088 2586 1346 2674 ‘ignoti,
1401 2584 1649 2672 ignavi,
1704 2585 1938 2672 ignari’
1995 2586 2234 2666 dicere,
2287 2610 2478 2671 quam
2509 2604 2580 2651 ut

515 2678 749 2745 veritas
798 2680 1185 2767 postulabat.
1292 2687 1406 2745 ‘ex
1456 2678 1608 2743 usu’
1665 2679 1884 2743 dicunt
1933 2686 2060 2745 et‘
2073 2703 2109 2745 e
2161 2704 2233 2746 re
2285 2682 2576 2768 publica?

516 2772 690 2856 quod
720 2772 788 2837 in
824 2774 1021 2839 altero
1056 2774 1295 2840 vocalis
1332 2773 1720 2859 excipiebat,
1771 2773 1844 2838 in
1883 2774 2082 2840 altero
2126 2787 2301 2841 esset
2343 2776 2580 2863 asperi-

516 2875 647 2943 tas,
698 2864 824 2929 nisi
864 2867 1140 2932 litteram
1186 2867 1584 2933 sustulisses:
1637 2878 1711 2931 ut
1754 2868 2013 2954 ‘exegit,
2059 2868 2297 2936 edixit!
2389 2871 2579 2935 ‘refe-

518 2957 631 3037 cit,
674 2960 943 3039 rettulit,
988 2961 1320 3027 reddiditz'
1370 2961 1652 3027 adiuncti
1693 2962 1874 3027 verbi
1914 2963 2124 3048 prima
2154 2963 2366 3029 littera
2397 2987 2578 3051 prae-

514 3053 899 3141 positionem
948 3055 1386 3135 commutavit,
1447 3067 1522 3122 ut
1576 3056 1860 3141 ‘subegit
1867 3102 1888 3134 ,
1943 3057 2382 3136 summutavit,
2439 3081 2579 3123 sus-

523 3147 685 3213 tulit.
700 3148 719 3177 ’

414 3240 485 3293 48
642 3240 819 3324 Quid
850 3242 919 3307 in
960 3244 1171 3309 verbis
1216 3244 1448 3309 iunctis
1493 3268 1684 3329 quam
1731 3243 1902 3310 scite·
1941 3244 2396 3331 ‘insipientem’
2448 3268 2579 3312 non

405 3313 485 3354 ²⁵⁹
524 3335 1027 3423 ‘insapientem,’
1092 3338 1434 3422 ‘iniquum‘
1498 3363 1630 3405 non
1691 3340 2059 3422 ‘inaequum
2069 3340 2116 3418 ,’
2185 3339 2578 3425 ‘tricipitem’

518 3454 649 3497 non
701 3430 1130 3518 ‘tricapitem‚'
1187 3431 1571 3503 ‘concisum’
1627 3457 1756 3499 non
1800 3433 2270 3499 ‘concaesuml'
2325 3458 2406 3499 ex
2449 3456 2578 3517 quo

520 3524 780 3608 quidam
818 3526 1178 3611 ‘pertisum’
1218 3526 1410 3591 etiam
1443 3528 1683 3606 volunt,
1721 3527 1894 3611 quod
1927 3527 2152 3593 eadem
2186 3529 2580 3593 consuetudo

518 3638 649 3683 non
698 3618 1011 3705 probavit.
1106 3620 1259 3705 quid
1311 3644 1461 3687 vero
1513 3621 1636 3687 hoc
1678 3621 2030 3707 elegantius
2039 3652 2072 3699 ‚·
2115 3622 2286 3707 quod
2335 3644 2464 3687 non
2499 3622 2574 3685 fit

519 3722 772 3790 natura,
828 3714 944 3777 sed
985 3716 1261 3799 quodam
1304 3714 1632 3781 instituto?
1686 3716 2033 3780 ‘indoctus'
2087 3715 2356 3781 dicimus
2398 3716 2574 3779 brevi

518 3805 725 3892 prima
756 3806 985 3885 littera,
1022 3808 1340 3875 ‘insanus’
1376 3810 1704 3895 producta,
1743 3808 2179 3874 ‘inhumanus’
2215 3809 2414 3886 brevi,
2450 3808 2571 3873 ‘in-

516 3900 703 3965 felix’
738 3900 966 3986 longa3
1038 3912 1131 3980 et,
1167 3926 1249 3968 ne
1283 3902 1528 3980 multis,
1575 3903 1804 3987 quibus
1837 3903 1905 3967 in
1939 3902 2150 3969 verbis
2185 3924 2302 3969 eae
2331 3901 2574 3989 primae

516 3991 763 4057 litterae
800 4004 976 4070 sunt,
1022 4016 1185 4077 quae
1219 3998 1285 4061 in
1324 3995 1610 4082 sapiente
1645 4008 1834 4081 atque
1879 3997 2092 4076 felice,
2135 3997 2441 4083 producte
2477 3994 2571 4061 di-
