2784 4575
363 1432 430 1487 16

369 1914 422 1953 26

468 245 550 309 12
955 256 1379 315 CORNIFIGII
1414 256 2041 316 RHETORIOORUM

469 404 596 466 qua
627 402 696 446 re
731 380 800 444 id
834 380 1044 445 facere
1079 379 1316 445 liceret.
1404 380 1473 445 in
1506 404 1643 445 rem
1678 382 2025 459 confertur,
2060 392 2133 447 ut
2168 383 2223 449 si
2262 383 2401 469 quis
2438 407 2522 451 ex

465 484 842 540 testamento
881 474 1058 557 quod
1086 474 1298 539 facere
1340 474 1555 539 iussus
1594 476 1701 553 sit,
1757 497 1837 539 ex
1879 476 2213 561 plebiscito
2249 488 2519 543 vetetur.

465 591 547 633 ex
599 567 1065 653 comparatione
1127 589 1322 633 causa
1381 579 1657 646 constat,
1722 589 1867 633 cum
1926 569 2195 636 dicimus
2254 592 2521 637 necesse

463 663 663 728 fuisse
717 663 1088 727 alterutrum
1122 664 1360 741 facere,
1418 674 1483 727 et
1525 663 1619 741 id,
1674 664 1847 747 quod
1896 664 2263 743 fecerimus,
2320 666 2519 731 satius

463 755 662 819 fuisse
714 754 946 819 facere.
1046 777 1124 821 ea
1175 777 1370 821 causa
1423 756 1611 821 huius
1664 756 1839 822 modi
1890 769 2016 823 este
2074 756 2153 825 C.
2205 758 2517 846 Popilius,

465 871 608 914 cum
645 872 684 913 a
719 848 926 915 Gallis
963 849 1378 928 obsideretur,
1416 872 1623 933 neque
1659 852 1943 939 effugere
1976 853 2107 918 ullo
2144 854 2334 919 modo
2367 876 2521 940 pos·

464 955 586 1021 set,
641 943 818 1009 venit
873 964 1018 1007 cum
1069 944 1350 1009 hostium
1402 945 1671 1010 ducibus
1724 945 1792 1009 in
1843 946 2375 1027 conlocutionem3
2429 947 2523 1013 ita

461 1036 784 1115 discessit,
821 1047 921 1114 ut,
961 1036 1016 1101 si
1049 1037 1504 1124 impedimenta
1537 1038 1946 1123 relinqueret,
1984 1041 2331 1106 exercitum
2366 1042 2521 1105 edu-

463 1141 660 1195 ceret:
726 1129 924 1195 satius
979 1152 1122 1195 esse
1175 1131 1382 1209 duxit,
1450 1132 1733 1197 amittere
1786 1131 2264 1219 impedimenta,
2327 1156 2518 1218 quam

465 1225 837 1302 exercitum3
901 1226 1248 1289 exercitum
1292 1226 1537 1303 eduxit,
1573 1225 2047 1312 'impedimenta
2086 1228 2365 1311 reliquit:
2420 1251 2521 1293 ar-

467 1319 738 1383 cessitur
771 1317 1143 1383 maiestatis.

587 1410 772 1493 Quae
833 1412 1313 1477 constitutiones
1377 1422 1444 1476 et
1502 1433 1667 1496 quae
1728 1414 2247 1481 constitutionum
2303 1426 2519 1503 partes

467 1508 620 1582 sint,
675 1505 893 1569 videor
935 1504 1320 1583 ostendisse3
1375 1527 1547 1571 nunc
1581 1528 1707 1590 quo
1759 1508 1950 1574 modo
2006 1530 2115 1573 eas
2153 1520 2217 1573 et
2254 1531 2381 1593 qua
2413 1510 2519 1574 via

464 1598 718 1663 tractari
753 1598 1105 1675 conveniat,
1144 1599 1709 1665 demonstrandum
1744 1612 1861 1679 est,
1901 1602 1955 1665 si
1986 1601 2164 1687 prius
2204 1603 2520 1689 aperueri-

463 1717 636 1771 mus,
693 1692 846 1777 quid
880 1703 1169 1779 oporteat
1204 1695 1284 1759 ab
1323 1695 1633 1761 ambobus
1676 1696 1744 1759 in
1780 1718 1975 1760 causa
2008 1696 2337 1775 destinari,
2392 1718 2518 1781 quo

462 1788 623 1853 ratio
661 1786 865 1851 omnis
903 1787 1094 1854 totius
1132 1787 1433 1853 orationis
1472 1790 1850 1853 conferatur.

587 1877 1056 1947 Constitutione
1117 1880 1311 1968 igitur
1360 1892 1617 1968 reperta
1676 1881 1891 1947 statim
1943 1880 2305 1965 quaerenda
2355 1882 2517 1947 ratio

465 1986 590 2052 est,
655 1995 816 2059 quae
873 1996 1133 2039 causam
1185 1974 1341 2039 facit
1402 1985 1468 2039 et
1528 1976 1809 2040 continet
1869 1974 2331 2052 defensionem,
2394 1975 2519 2041 hoc

463 2069 681 2146 mod0,
733 2080 806 2133 ut
850 2068 1119 2133 docendi
1163 2089 1358 2132 causa
1400 2067 1469 2131 in
1512 2068 1633 2132 hac
1684 2068 2084 2154 potissimum
2132 2088 2325 2133 causa
2368 2090 2519 2134 con·-

465 2162 794 2227 sistamus:
852 2160 1120 2227 Orestes
1177 2161 1509 2227 confitetur
1564 2184 1633 2227 se
1690 2160 1997 2226 occidisse
2046 2172 2315 2225 matrem
2323 2186 2341 2240 3
2394 2162 2521 2227 nisi

463 2256 744 2322 attulerit
793 2254 948 2320 facti
995 2254 1333 2332 rationem,
1387 2255 1763 2342 perverterit
1814 2254 2267 2321 defensionem.
2365 2247 2517 2343 ergo

463 2353 672 2418 adfert
723 2373 892 2428 cam,
957 2372 1120 2434 quae
1179 2350 1306 2414 nisi
1365 2350 1811 2426 intercederet,
1874 2371 1955 2414 ne
2020 2371 2212 2414 causa
2264 2350 2519 2434 quidem

463 2457 662 2512 esset·
701 2444 838 2509 ‘illa
871 2445 1066 2509 enim'
1102 2443 1308 2526 inquit
1345 2448 1618 2529 ‘patrem
1652 2465 1867 2508 meum
1900 2443 2254 2508 occiderat?
2344 2465 2517 2529 erg0,

461 2551 535 2604 ut
553 2538 844 2616 ostendi,
880 2537 1041 2602 ratio
1078 2559 1156 2602 ea
1189 2548 1316 2614 est,
1363 2558 1527 2620 quae
1564 2537 1844 2602 continet
1878 2537 2343 2614 defensionem,
2382 2537 2519 2602 sine

463 2655 590 2716 qua
631 2654 712 2698 ne
764 2653 964 2718 parva
1007 2631 1262 2714 quidem
1309 2630 1617 2697 dubitatio
1660 2643 1874 2724 potest
1913 2631 2217 2697 remorari
2258 2631 2520 2696 damna-

463 2728 717 2792 tionem.
805 2723 1064 2790 inventa
1114 2724 1359 2790 ratione
1411 2720 1881 2791 firmamentum
1923 2725 2355 2808 quaerendum
2398 2735 2515 2802 est,

461 2820 532 2883 id
573 2830 699 2896 est,
755 2819 926 2901 quod
970 2819 1248 2883 continet
1283 2820 1780 2897 accusationem,
1837 2821 2009 2902 quod
2052 2819 2334 2884 adfertur
2370 2839 2520 2883 con-

461 2922 562 2976 tra
611 2911 920 2976 rationem
975 2911 1392 2990 defensionis,
1450 2913 1529 2976 de
1584 2935 1711 2995 qua
1765 2923 1911 2976 ante
1966 2912 2203 2975 dictum
2246 2921 2364 2976 est.
2450 2911 2519 2977 id

464 3004 879 3070 constituetur
932 3005 1054 3069 hoc
1088 3005 1308 3071 modo:
1361 3027 1508 3069 cum
1552 3028 1708 3070 usus
1744 3004 1936 3070 fuerit
1972 3005 2240 3070 Orestes
2275 3003 2517 3069 ratione

462 3097 586 3164 hoc
635 3107 853 3184 pacto:
911 3098 1073 3164 ‘iure
1127 3097 1358 3177 occidi,
1415 3099 1525 3162 ina
1579 3098 1747 3162 enim
1788 3109 2036 3184 patrem
2087 3119 2300 3161 meum
2353 3097 2520 3162 occi-

463 3192 689 3270 de1·at,'
743 3202 956 3256 utetur
1009 3200 1339 3258 accusator
1389 3192 1791 3258 firmamento
1824 3192 1947 3256 hoc
1990 3200 2205 3278 pacto:
2262 3197 2359 3256 ‘at
2388 3213 2519 3258 non

464 3287 578 3350 abs
625 3297 688 3352 te
733 3286 935 3351 occidi
977 3308 1183 3371 neque
1226 3286 1661 3351 indemnatam
1710 3309 1951 3373 poenas
2003 3286 2281 3372 pendere
2332 3308 2521 3372 opor-

463 3381 620 3444 tuit?
711 3403 792 3445 ex
831 3379 1076 3445 ratione
1128 3379 1518 3444 defensionis
1564 3391 1628 3445 et
1680 3403 1761 3445 ex
1810 3380 2205 3446 firmamento
2262 3401 2520 3446 accusaf-

463 3472 650 3538 tionis
685 3473 902 3537 iudicii
936 3473 1223 3557 quaestio
1259 3483 1561 3538 nascatur
1596 3485 1863 3560 oportet,
1900 3496 2091 3558 quam
2125 3495 2243 3540 nos
2278 3475 2519 3539 iudica-

464 3567 728 3646 tionem,
795 3566 1029 3634 Graeci
1079 3567 1457 3654 κρινόμενον
1522 3569 1861 3655 appellant.
1968 3593 2046 3635 ea
2104 3569 2519 3636 constituetur

463 3684 545 3727 ex
589 3661 1028 3727 coniunctione
1070 3662 1453 3726 firmamenti
1498 3674 1561 3727 et
1602 3663 1862 3728 rationis
1922 3658 2348 3750 [defensione]
2397 3660 2517 3724 hoc

462 3755 682 3820 modo·
737 3775 883 3819 cum
918 3755 1087 3820 dicat
1122 3755 1391 3822 Orestes
1432 3779 1501 3820 se
1533 3757 1731 3843 patris
1774 3756 2121 3822 ulciscendi
2156 3775 2350 3819 causa
2382 3775 2518 3816 ma-

463 3861 625 3914 trem
661 3849 988 3927 occidisse,
1025 3859 1348 3916 rectumne
1376 3849 1567 3914 fuerit
1600 3851 1736 3916 sine
1762 3851 1993 3916 iudicio
2030 3873 2069 3912 a
2100 3849 2230 3912 filio
2259 3844 2519 3932 Clytae-

463 3955 766 4010 mestram
801 3944 1022 4010 occidi.
1115 3966 1268 4030 ergo
1312 3942 1435 4008 hac
1467 3943 1710 4009 ratione
1754 3937 2199 4008 iudicationem
2240 3939 2517 4027 reperire

465 4039 784 4120 convenit;
819 4049 1072 4130 reperta
1103 4037 1485 4106 iudicatione
1521 4060 1773 4104 omnem
1804 4036 2113 4102 rationem
2148 4035 2341 4102 totius
2378 4055 2521 4102 orae·
