2784 4575
927 287 1243 348 BRUTUS
1275 289 1589 347 231—287.
2158 281 2289 352 263

341 412 529 480 Tum
561 413 802 480 Brutus
857 412 1178 480 ‘Atticum
1211 412 1308 480 se’
1360 412 1566 498 inquit
1600 411 1875 482 ‘Calvus
1896 403 2134 482 ⁴noster
2170 418 2293 484 dici

213 517 554 573 oratorem
606 505 888 586 ¹volebat:
941 508 1093 574 inde
1143 518 1280 574 erat
1329 505 1457 574 ista
1498 508 1776 588 exilitas,
1830 531 2023 594 quam
2063 510 2171 578 ille
2215 514 2295 579 de

211 599 550 668 industria
592 602 1136 690 consequebatur?
1227 601 1535 668 ‘dicebat'
1579 603 1839 688 inquam
1881 604 1999 670 ‘ita
2005 652 2027 684 ,
2082 605 2199 671 sed
2232 620 2297 672 et

213 695 368 783 ipse
417 697 674 762 errabat
713 707 782 764 et
825 697 984 764 alios
1020 697 1214 764 etiam
1258 719 1469 763 errare
1523 698 1823 784 cogebat:
1874 710 2025 763 na‘m
2060 698 2116 766 si
2151 700 2296 784 quis

217 813 373 870 eos,
433 792 546 878 qui
578 813 700 858 nec
733 791 947 879 inepte
983 791 1200 858 dicunt
1233 810 1354 858 nec
1387 791 1611 858 odiose
1643 811 1765 858 nec
1796 792 2043 880 putide,
2078 793 2297 860 Attice

213 893 417 972 putat
460 886 701 964 dicere,
751 885 810 952 is
843 895 1016 951 recte
1049 885 1175 951 nisi
1207 885 1500 952 Atticum
1531 887 1762 973 probat
1792 887 2139 954 neminem:
2198 887 2297 954 in-

216 979 594 1046 sulsitatem
610 980 780 1046 enim
807 989 870 1046 et
889 979 1291 1046 insolentiam
1307 991 1630 1064 tamquam
1646 979 1958 1046 insaniam
1976 982 2295 1065 quandam

215 1071 540 1138 orationis
566 1072 727 1150 odit,
766 1073 1100 1140 sanitatem
1126 1085 1339 1140 autem
1373 1085 1439 1141 et
1472 1075 1899 1162 integritatem
1934 1075 2119 1161 quasi
2149 1075 2297 1142 reli-

189 1165 495 1252 gionem
545 1177 612 1233 et
660 1165 1104 1258 verecundiam
1156 1168 1425 1241 oratoris
1475 1170 1730 1257 probat:
1792 1169 1953 1236 haec
2012 1166 2297 1236 omnium

219 1261 430 1328 debet
461 1250 782 1327 oiatorum
817 1262 1041 1328 eadem
1075 1285 1218 1330 esse
1255 1265 1569 1330 sententia
1575 1289 1595 1343 3
1634 1265 1734 1330 sin
1762 1276 1973 1331 autem
2006 1263 2295 1330 ieiunita-

221 1365 367 1421 tem
405 1365 470 1421 et
503 1354 856 1422 siccitatem
889 1366 954 1422 et
987 1355 1296 1444 inopiam,
1351 1357 1695 1424 dummodo
1740 1359 1823 1423 sit
1863 1358 2087 1446 polita,
2141 1359 2295 1424 dum

219 1449 508 1527 urbana,
562 1450 716 1514 dum
749 1449 1040 1537 elegans,
1091 1451 1158 1516 in
1193 1451 1413 1516 Attico
1449 1473 1683 1538 genere
1715 1453 1922 1538 ponit,
1965 1452 2090 1520 hoc
2120 1463 2293 1518 recte

225 1543 568 1609 dumtaxat
576 1567 597 1622 ;
653 1544 770 1610 sed
811 1545 962 1629 quia
1005 1557 1155 1611 sunt
1196 1546 1263 1611 in
1288 1545 1535 1611 'Atticis
1573 1545 1699 1611 alia
1738 1547 2027 1626 meliora,
2080 1547 2295 1613 videat

221 1658 310 1720 ne
348 1634 600 1724 ignoret
634 1648 700 1704 et
740 1639 979 1728 gradus
1023 1651 1090 1706 et
1137 1639 1682 1717 dissimilitudines
1729 1652 1793 1707 et
1826 1641 1957 1707 vim
1992 1652 2055 1707 et
2090 1643 2317 1706 varie-·

221 1741 431 1797 tatem
453 1732 856 1800 Atticorum?
945 1732 1255 1801 ‘Atticos’
1289 1735 1497 1820 inquit
1540 1735 1713 1801 ‘volo
1729 1805 1733 1810 ,
1748 1735 2018 1800 imitari?
2066 1735 2293 1819 ‘quosP

227 1846 360 1890 nec
401 1825 572 1892 enim
607 1837 708 1891 est
739 1848 937 1893 unum
991 1829 1226 1916 genus:
1277 1851 1429 1894 nam
1473 1829 1626 1913 quid
1669 1840 1770 1895 est
1812 1838 1942 1894 tam
1986 1827 2292 1894 dissimile

229 1940 428 2004 quam
461 1917 935 1987 Demosthenes
981 1933 1046 1988 et
1079 1923 1358 2008 Lysias?
1411 1944 1603 2006 quam
1656 1923 1863 1988 eidem
1907 1932 1971 1988 et
2010 1921 2295 2008 Hyperi·-

227 2012 390 2078 des?
439 2035 634 2099 quam
664 2013 893 2081 horum
927 2015 1208 2082 omnium
1239 2015 1639 2082 Aeschines?
1693 2037 1882 2100 quem
1925 2015 2118 2104 igitur
2151 2014 2293 2080 imi-

225 2106 425 2172 taris?
479 2107 536 2173 si
589 2106 894 2194 aliquem,
958 2109 1152 2176 ceteri
1205 2131 1358 2196 ergo
1408 2109 1627 2176 Attice
1676 2131 1807 2174 non
1860 2108 2182 2186 dicebant:
2236 2107 2293 2172 si

227 2199 470 2279 omnis,
515 2248 519 2253 ·
569 2201 636 2265 ui
668 2214 884 2303 potes,
931 2225 1076 2270 cum
1113 2203 1240 2270 sint
1271 2204 1294 2268 i
1342 2203 1397 2270 si
1432 2201 1831 2270 dissimillimi
1865 2202 2028 2268 inter
2064 2202 2172 2268 se?
2224 2201 2292 2266 in

227 2307 361 2369 quo
401 2286 516 2351 illu
601 2297 794 2353 etiam
845 2311 1110 2373 quaero,
1160 2289 1264 2354 Ph
1330 2313 1513 2356 ereus
1555 2290 1663 2354 ille
1705 2287 2075 2353 Demetrius
2120 2287 2293 2353 Atti-

2324 449 2409 494 284

2328 1291 2407 1334 28⁵

231 2399 390 2444 cene
427 2379 684 2445 dixerit:
737 2380 893 2445 mihi
947 2383 1203 2470 quidem
1239 2404 1318 2447 ex
1359 2382 1529 2446 illius
1574 2382 1963 2447 orationibus
2005 2376 2293 2447 redolere
2416 2386 2421 2393 '

231 2470 414 2558 ipsae
457 2474 754 2539 Athenae
807 2474 1100 2539 videntur
1108 2501 1128 2551 ;
1181 2486 1248 2537 at
1298 2484 1400 2537 est
1446 2472 1756 2549 floridior,
1808 2484 1881 2539 ut
1929 2474 2021 2539 ita
2064 2472 2289 2547 dicam,

231 2588 425 2651 quam
459 2566 857 2653 Hyperides,
897 2588 1084 2649 quam
1117 2564 1388 2649 Lysias:
1424 2574 1653 2629 natura
1687 2566 1999 2648 quaedam
2036 2574 2145 2629 aut
2178 2587 2291 2629 vo-

228 2658 446 2726 luntas
481 2660 572 2725 ita
606 2659 856 2724 dicendi
890 2658 1028 2724 fuit.
1117 2668 1181 2723 et
1215 2656 1472 2741 quidem
1508 2657 1632 2723 duo
1676 2658 1932 2723 fuerunt
1972 2680 2087 2743 per
2120 2655 2290 2722 idem

233 2765 487 2840 tempus
542 2750 882 2819 dissimiles
933 2751 1098 2816 inter
1153 2773 1250 2829 se,
1306 2751 1422 2817 sed
1472 2748 1673 2816 Attici
1726 2761 1967 2815 tamen:
2024 2772 2291 2835 quorum

235 2845 568 2914 Charisius
604 2847 944 2913 multarum
979 2844 1359 2923 orationum,
1398 2867 1555 2929 quas
1593 2842 1909 2909 scribebat
1942 2844 2110 2923 aliis,
2146 2865 2291 2909 cum

237 2963 468 3029 cupere
530 2942 848 3008 videretur
907 2938 1140 3005 imitari
1199 2938 1498 3025 Lysiam3
1558 2938 1996 3005 Demochares
2059 2949 2289 3018 autem,

235 3036 345 3119 qui
388 3036 510 3103 fuit
551 3034 979 3102 Demostheni
1025 3033 1258 3101 sororis
1309 3034 1509 3112 filius,
1562 3045 1627 3099 et
1670 3032 1985 3101 orationes
2040 3033 2293 3120 scripsit

2324 2659 2393 2713 83

2326 2730 2403 2769 sss

235 3129 475 3214 aliquot
525 3140 590 3197 et
641 3152 858 3196 earum
908 3152 1120 3195 rerum
1171 3125 1531 3206 historiam,
1586 3148 1749 3212 quae
1792 3136 1973 3193 erant
2012 3125 2323 3192 Athenis·

233 3220 435 3308 ipsius
473 3232 678 3289 aetate
713 3233 953 3310 gestae,
989 3244 1118 3287 non
1153 3232 1285 3287 tam
1318 3221 1619 3287 historico
1655 3242 1847 3305 quam
1872 3219 2145 3287 oratorio
2178 3243 2293 3307 ge·-

16 3294 19 3357 3
107 3368 114 3371 .
233 3336 385 3381 nere
434 3314 831 3403 perscripsit:
885 3328 952 3381 at
994 3314 1272 3382 Charisii
1314 3316 1448 3382 volt
1490 3315 1813 3401 Hegesias
1858 3336 2001 3381 esse
2047 3312 2289 3391 similis,

233 3408 417 3491 isque
453 3430 522 3475 se
556 3409 648 3475 ita
687 3420 870 3495 putat
900 3410 1218 3488 Atticum,
1269 3421 1342 3475 ut
1375 3431 1562 3477 veros
1597 3410 1741 3475 illos
1786 3430 1939 3495 prae
1974 3430 2045 3473 se
2087 3429 2291 3494 paene

236 3502 504 3589 agrestis
539 3513 749 3589 putet:
803 3514 870 3569 at
911 3503 1063 3587 quid
1107 3515 1208 3570 est
1248 3514 1380 3569 tam
1432 3504 1730 3582 fractum,
1785 3514 1915 3567 tam
1956 3500 2286 3579 minutum,

122 3598 129 3608 ”
234 3608 367 3662 tam
400 3596 471 3661 in
503 3596 672 3683 ipsa,
719 3618 909 3681 quam
944 3608 1159 3664 tamen
1194 3597 1629 3682 consequitur,
1682 3595 2101 3663 concinnitate
2134 3617 2291 3683 pue-

232 3690 388 3755 rile?
463 3690 855 3757 ‘Atticorum
889 3690 1126 3757 similes
1163 3715 1307 3759 esse
1351 3690 1683 3758 volumus?
1732 3695 1751 3726 ‘
1760 3689 2023 3778 optime:
2062 3700 2291 3758 suntne

235 3782 430 3871 igitur
463 3782 532 3849 hi
565 3784 770 3851 Attici
805 3786 1152 3851 oratores?
1209 3785 1380 3871 ‘quis
1416 3806 1653 3871 negare
1694 3785 1945 3871 potest?
1994 3783 2115 3850 hos
2149 3781 2291 3847 imi-

237 3876 483 3945 tamur?
573 3883 727 3963 ‘quo
768 3880 990 3957 mode,
1044 3879 1151 3964 qui
1207 3890 1356 3945 sunt
1398 3890 1465 3945 et
1505 3879 1669 3944 inter
1720 3901 1791 3943 se
1844 3876 2181 3945 dissimiles
2225 3886 2291 3942 et

237 3969 564 4037 aliorum?'
621 3972 1118 4059 ‘Thucydidem’
1161 3973 1368 4058 inquit
1412 3972 1797 4039 ‘imitamur-‚⁹
1886 3971 2177 4058 ‘optime,
2231 3968 2289 4035 si

234 4062 564 4131 historiam
599 4066 900 4147 scribere,
954 4090 1084 4133 non
1119 4067 1174 4134 si
1209 4088 1435 4134 causas
1482 4066 1689 4134 dicere
1732 4064 2054 4153 cogitatis:
2107 4062 2290 4129 Thu-

2323 3527 2401 3569 28⁸1
