2784 4575
379 312 386 316 ,
479 227 614 296 242
1089 236 1166 290 Μ.
1206 235 1481 292 ‘runnu
1514 231 1915 290 CICERONIS
2020 293 2028 298 ,

367 391 444 433 20³
481 361 794 431 commoti
823 359 996 445 quod
1031 382 1070 424 a
1107 357 1391 445 S'ulpicio
1438 355 1752 423 concitati.
1838 353 1963 421 fuit
2004 353 2173 422 enim
2210 355 2543 446 Sulpicius

480 458 584 524 vel
615 456 892 522 maxime
927 478 1212 522 nmmum
1219 501 1240 532 ,
1286 476 1446 554 quos
1484 453 1740 536 quidem
1772 474 1896 538 ego
1926 449 2313 532 audiverim,
2348 478 2544 542 gran-

349 551 368 568 *
481 551 578 618 dis
610 561 708 628 et,
761 560 834 614 ut
882 548 994 614 ita
1024 548 1262 626 dicam,
1317 546 1596 633 tragicus
1644 555 1884 612 orator·
1934 568 2064 611 vox
2118 567 2265 612 cum
2304 569 2545 635 magna

479 657 618 712 tum
669 643 884 710 suavis
939 653 1006 708 et
1057 640 1418 728 splendida3
1474 649 1695 726 gestus
1752 651 1819 706 et
1858 650 2073 706 motus
2128 640 2411 728 corporis
2450 641 2547 707 ita

480 748 821 814 venustus,
873 745 947 800 ut
983 741 1198 820 tamen
1233 735 1316 798 ad
1347 734 1587 812 forum,
1641 755 1772 799 non
1806 733 1891 798 ad
1924 755 2183 800 scenam
2214 734 2545 801 institutus

479 831 832 909 videretur3
879 827 1140 896 incitata
1181 839 1248 894 et
1291 827 1589 919 volubilis
1631 829 1752 893 nec
1793 849 1873 893 ea
1909 829 2275 894 redundans
2326 839 2547 896 tamen

481 946 602 992 nec
653 924 1098 993 circumfluens
1149 922 1372 988 oratic.
1464 919 1775 990 Cras-sum
1824 921 1931 986 hio
1981 922 2239 990 volebat
2278 923 2546 1001 imitari3

485 1017 680 1090 Cotta
709 1018 990 1085 malebat
1023 1017 1409 1082 Antonium:
1446 1015 1577 1082 sed·
1598 1017 1680 1081 ab
1716 1015 1841 1081 hoc
1872 1014 1971 1082 vis
2009 1017 2229 1082 aberat
2250 1017 2543 1096 Antonii,

369 1137 448 1178 204
486 1109 710 1178 Crassi
743 1112 825 1176 ab
859 1111 970 1176 illo
1001 1110 1224 1195 lepos.’
1317 1116 1383 1174 ‘o
1418 1107 1747 1195 magnam’
1784 1108 1991 1193 inquit
2024 1109 2311 1176 ‘artemi'
2372 1111 2545 1176 Bru-

399 1278 405 1288 !
480 1215 584 1270 tus
670 1203 1014 1289 ‘siquidem
1056 1203 1228 1280 istis,
1281 1225 1428 1268 cum
1474 1203 1704 1268 summi
1748 1214 1969 1272 esseut
2010 1207 2324 1284 oratores,
2378 1205 2569 1276 duae,

378 1291 448 1366 56
481 1321 584 1364 res
619 1296 954 1374 maximae,
991 1297 1188 1362 altera
1215 1297 1394 1362 alteri
1430 1295 1671 1363 defuit!
1736 1297 1983 1383 ‘atque'
2020 1302 2277 1384 inquam
2312 1299 2407 1364 ‘in
2438 1297 2541 1364 his

482 1391 834 1457 oratoribus
851 1390 1010 1456 illud
1037 1390 1668 1456 animadvertendum
1694 1401 1812 1469 est,
1840 1413 2035 1478 posse
2064 1413 2208 1458 esse
2238 1392 2541 1469 summos,

483 1485 594 1570 qui
643 1485 810 1550 inter
861 1507 932 1552 se
985 1485 1114 1550 sint
1164 1482 1535 1562 dissimiles}
1596 1483 1755 1550 nihil
1814 1485 1986 1550 enim
2044 1495 2178 1550 tam
2239 1484 2541 1551 dissimile

483 1601 675 1664 quam
727 1575 920 1646 Cotta
973 1575 1285 1666 Sulpicio,
1349 1589 1417 1644 et
1464 1587 1729 1662 uterque
1792 1578 2163 1664 aequalibus
2218 1579 2351 1646 suis
2401 1579 2547 1666 plu-

480 1673 712 1738 rimum
761 1671 1094 1758 praestitit.
1184 1692 1310 1755 qua
1343 1693 1415 1736 re
1458 1671 1581 1738 hoc
1624 1671 1900 1738 doctoris
1952 1672 2379 1760 intellegentis
2419 1683 2541 1750 est,

483 1767 730 1846 videre,
770 1787 915 1876 ‘quo
945 1765 1110 1831 ferat
1141 1775 1372 1830 natura
1406 1788 1525 1830 sua
1558 1787 1901 1850 quemque,
1956 1777 2022 1832 et
2054 1790 2133 1832 ea
2167 1769 2327 1833 duce
2360 1777 2543 1834 uten-

483 1873 612 1926 tem
648 1861 742 1926 sic
767 1859 1114 1937 instituere,
1150 1869 1223 1923 ut
1243 1859 1640 1925 Isocratem
1620 1883 1688 1924 ιιι
1714 1859 2019 1927 acerrimo
2044 1861 2299 1947 ingenio
2328 1860 2545 1926 Theo-

481 1953 700 2040 pompi
735 1963 800 2019 et
831 1951 1158 2018 lenissimo
1189 1951 1441 2038 Ephori
1474 1953 1712 2020 dixisse
1749 1953 2049 2020 traditum
2082 1964 2208 2031 est,
2252 1953 2431 2018 alteri
2466 1975 2539 2018 se

369 2072 450 2116 205
485 2046 754 2112 calcaria
787 2045 1113 2123 adhibere,
1152 2045 1331 2111 alteri
1364 2047 1601 2112 frenos.
1692 2045 1961 2156 Sulpicii
1994 2047 2335 2124 orationes,
2372 2067 2537 2130 quae

487 2141 806 2227 feruntur,
858 2161 968 2204 eas
1020 2148 1168 2225 post
1217 2150 1487 2207 mortem
1540 2140 1675 2207 eius
1731 2140 2057 2228 scripsisse
2094 2139 2177 2206 P.
2225 2137 2541 2207 Canutius

481 2243 739 2320 putatur
801 2233 1080 2319 aequalis
1141 2257 1352 2313 meus,
1414 2235 1607 2303 homo
1668 2246 1851 2304 extra
1906 2247 2195 2302 nostrum
2254 2235 2541 2302 ordinem

482 2348 628 2393 meo
677 2326 910 2393 iudicio
965 2328 1450 2396 disertissimus.
1488 2330 1714 2417 ipsius
1781 2328 2077 2417 Sulpicii
2104 2330 2282 2395 nulla
2341 2330 2538 2396 oratio

483 2430 638 2498 (ιε-ις.-
667 2442 984 2508 saepeque
1019 2446 1102 2488 ex
1135 2446 1212 2491 eo
1248 2423 1489 2502 audivi,
1544 2436 1689 2489 'cum
1734 2446 1805 2489 se
1840 2425 2115 2490 scribere
2150 2445 2356 2509 neque
2392 2444 2544 2490 con·-

485 2530 708 2579 suesse
759 2534 967 2597 neque
1017 2540 1211 2603 posse
1264 2518 1521 2584 diceret.
1608 2516 1842 2585 Cottae
1896 2542 2017 2604 pro
2052 2542 2123 2585 se
2164 2519 2309 2605 lege
2340 2517 2543 2585 Varia

485 2628 648 2692 quae
679 2606 1084 2685 inscribitur,
1135 2632 1278 2678 eam
1320 2610 1407 2677 L.
1442 2611 1675 2677 Aelius
1727 2611 1985 2699 scripsit
2019 2610 2250 2683 Cottae
2293 2621 2539 2699 rogatu.

485 2700 658 2767 fuit
637 2724 698 2765 1s
731 2700 988 2767 omnino
1041 2700 1138 2765 vir
1171 2705 1469 2789 egregius
1514 2716 1581 2771 et
1622 2728 1819 2790 eques
1852 2706 2184 2773 Romanus
2238 2727 2383 2771 cum
2414 2704 2543 2791 pri-

483 2794 607 2859 mis
642 2793 946 2861 honestus
983 2793 1276 2879 idemque
1311 2798 1773 2867 eruditissimus
1818 2811 1885 2866 et
1920 2798 2187 2867 Graecis
2220 2798 2445 2866 litteris
2480 2808 2546 2863 et

483 2885 766 2965 Latinis3
819 2886 1334 2973 antiquitatisque
1385 2904 1641 2961 nostrae
1684 2904 1752 2960 et
1802 2894 1871 2959 in
1918 2893 2195 2959 inventis
2242 2893 2437 2959 rebus
2482 2904 2546 2958 et

483 2980 560 3043 in-
601 2980 784 3068 actis,
814 2982 1315 3067 scriptorumque
1367 2995 1653 3049 veterum
1704 2986 1976 3054 litterate
2024 2984 2295 3072 peritus3
2350 3008 2543 3067 quam

488 3072 816 3139 scientiam
848 3076 1056 3141 Varro
1109 3086 1326 3141 noster
1377 3087 1703 3161 acceptam
1740 3079 1821 3140 ab
1860 3078 1973 3141 illo
2016 3086 2389 3158 auctamque
2410 3096 2541 3160 per

407 3212 414 3219 -
487 3188 660 3245 sese,
701 3166 810 3238 .vir
851 3166 1107 3255 ingenio
1160 3179 1491 3254 praestans
1544 3168 1839 3251 omnique
1884 3166 2195 3244 doctrina,
2246 3166 2536 3254 pluribus

375 3286 456 3327 206
490 3270 556 3326 et
583 3259 1052 3327 inlustrioribus
1088 3261 1312 3326 litteris
1349 3259 1719 3347 explicavit3
1744 3260 1876 3328 sed
1893 3260 2077 3328 ,idem
2101 3261 2328 3327 Aelius
2367 3258 2541 3327 Stoi-

487 3376 600 3420 cus
641 3376 790 3423 esse
840 3354 1066 3433 voluit,
1120 3364 1329 3421 orator
1373 3356 1589 3421 autem
1627 3363 1763 3421 nec'
1782 3354 2053 3421 -s‘tuduit'
2073 3359 2377 3438 umquam
2419 3376 2539 3421 nec

485 3450 628 3517 fuit.
715 3448 1032 3515 scribebat
1081 3458 1294 3516 tamen
1347 3447 1695 3528 orationes,
1747 3460 1905 3535 quas
1960 3448 2067 3515 alii
2110 3447 2419 3526 dicerent3
2452 3460 2549 3515 ⁴ut

489 3540 574 3624 Q,-
607 3542 875 3609 Metello
909 3542 946 3577 ¹*
978 3542 1057 3609 F.
1070 3588 1088 3619 ,
1127 3552 1213 3607 'ut
1247 3541 1331 3625 Q.
1369 3541 1712 3630 Caepioni,
1764 3553 1839 3609 ut
1880 3542 1967 3627 Q.
2000 3542 2311 3629 Pompeio
2344 3542 2539 3621 Rufo,

487 3655 872 3721 quamquam
905 3635 962 3701 is
997 3634 1188 3701 etiam
1223 3636 1360 3723 ipse
1414 3636 1670 3724 scripsit
1722 3659 1863 3716 eas,
1919 3636 2148 3722 quibus
2182 3659 2300 3722 pro
2338 3658 2406 3701 se
2442 3646 2541 3702 est

373 3754 452 3794 207
488 3750 670 3809 usus,
725 3730 843 3795 sed
882 3753 1011 3796 non
1057 3730 1193 3797 sine
1235 3730 1455 3808 Aeli03
1509 3730 1609 3797 his
1652 3730 1823 3797 enim
1874 3730 2127 3817 scriptis
2171 3730 2362 3797 etiam
2402 3727 2539 3815 ipse

487 3822 771 3903 interfui,
831 3846 978 3891 cum
1029 3848 1242 3891 essem
1300 3825 1473 3911 apud
1520 3825 1785 3893 Aelium
1844 3824 2219 3891 adulescens
2272 3844 2539 3909 eumque

489 3916 706 3983 audire
747 3919 1148 4002 perstudiose
1191 3918 1481 3987 solerem.
1576 3915 1835 3984 Cottam
1878 3928 2091 3985 autem
2132 3917 2329 3985 miror
2368 3939 2543 3983 sum·-

486 4028 662 4073 mum
694 4008 906 4093 ipsum
939 4024 1253 4079 oratorem
1293 4011 1676 4106 minimeque
1711 4012 1998 4101 ineptum
2034 4010 2341 4078 Aelianas
2377 4008 2544 4075 levis-

2745 3398 2751 3449 ἑ
