2784 4575
889 263 1200 321 BRUTUS
1239 263 1539 318 162-169.
1728 225 1737 234 ⁷
2116 249 2245 316 233

195 388 504 478 expositis
539 409 660 454 nec
693 385 1022 473 explicatis
1063 381 1350 472 intellegi
1388 394 1621 471 potest.
1707 383 1853 470 ipsa
1882 383 1993 466 illa
2026 405 2251 452 censo-

195 485 294 552 ria
327 494 548 550 contra
582 479 704 548 Οιι.
740 479 1096 546 Domitium
1147 478 1483 566 conlegam
1530 501 1661 544 non
1702 488 1806 542 est
1852 477 2079 556 oratio,
2134 479 2253 544 sed

196 577 386 662 quasi
417 575 628 663 capita
658 597 870 640 rerum
903 583 968 640 et
1001 570 1302 638 orationis
1339 571 1857 639 commentarium
1890 570 2082 657 paulo
2115 571 2252 658 ple-

196 671 342 738 nius
353 696 372 748 ;
410 669 602 734 ‘nulla
644 679 746 734 est
786 667 958 734 enim
999 665 1324 732 altercatio
1376 665 1758 731 clamoribus
1792 686 2097 749 umquam
2138 665 2253 730 ha-

196 765 332 830 bita
366 762 732 829 maioribus.
801 773 868 826 et
900 783 1052 828 vero
1079 760 1202 826 fuit
1223 760 1293 824 in
1317 760 1441 826 hoc
1477 759 1671 825 etiam
1702 759 2024 846 popularis
2061 758 2251 824 dictio
2287 785 2364 826 165

196 857 550 935 excellens3
579 925 586 930 ,
613 855 884 921 Antonii
934 877 1139 941 genus
1193 854 1445 920 dicendi
1492 854 1690 920 multo
1744 853 1953 940 aptius
2003 853 2251 920 iudiciis

197 974 394 1036 quam
427 951 849 1017 contionibus.

319 1047 472 1110 Hoc
520 1044 662 1110 loco
715 1044 930 1130 ipsum
968 1041 1328 1108 Domitium
1376 1065 1508 1108 non
1557 1043 1876 1126 relinqu03
1928 1063 2079 1106 nam
2132 1041 2255 1107 etsi
2286 1057 2356 1110 45

198 1162 328 1204 non
356 1138 478 1203 fuit
491 1137 562 1202 in
586 1148 908 1203 oratorum
929 1159 1212 1215 numero,
1233 1148 1446 1202 tamen
1470 1159 1641 1223 pono
1670 1136 1825 1202 satis
1853 1136 1921 1202 in
1948 1158 2026 1203 eo
2052 1134 2253 1202 fuisse

197 1232 500 1298 orationis
545 1243 733 1316 atque
775 1231 1045 1318 ingenii,
1099 1253 1224 1315 quo
1260 1241 1325 1296 et
1366 1231 1775 1316 magistratus
1817 1253 2157 1317 personam
2190 1241 2257 1296 et

199 1327 598 1392 consularem
633 1325 1007 1412 dignitatem
1039 1336 1347 1390 tueretur.
1383 1326 1559 1410 quod
1589 1325 1760 1390 idem
1796 1325 1877 1390 de
1913 1323 1992 1392 Ο.
2033 1323 2253 1390 Caelio

199 1419 496 1497 dixerim,
547 1418 925 1485 industriam
975 1418 1043 1483 in
1095 1441 1172 1484 eo
1225 1441 1541 1483 summam
1591 1416 1795 1484 fuisse
1846 1439 2252 1503 summasque

199 1513 484 1590 virtutes,
495 1501 916 1623 eloquentiae
951 1522 1215 1590 tantum,
1253 1511 1426 1596 quod
1458 1521 1633 1576 esset
1664 1511 1733 1576 in
1763 1512 1955 1578 rebus
1989 1511 2252 1600 privatis

199 1606 420 1673 amicis
455 1607 620 1685 eius,
673 1607 742 1671 in
773 1630 844 1672 re
877 1607 1134 1693 publica
1180 1606 1382 1693 ipsius
1428 1606 1721 1692 dignitati
1767 1607 1942 1672 satis.
2031 1608 2255 1672 eodem
2290 1633 2366 1672 166

199 1710 482 1788 tempore
533 1701 633 1766 Μ.
685 1701 1052 1766 Herennius
1103 1701 1172 1766 in
1231 1701 1655 1771 mediocribus
1714 1700 2069 1766 oratoribus
2121 1701 2256 1766 La-

199 1794 329 1860 tine
365 1804 431 1860 et
465 1793 798 1880 diligenter
847 1794 1250 1879 loquentibus
1295 1805 1663 1860 numeratus
1701 1805 1827 1860 est.
1881 1795 1993 1879 qui
2040 1805 2255 1860 tamen

199 1912 450 1954 summa
481 1889 808 1956 nobilitate
843 1887 1194 1968 hominem,
1248 1891 1654 1976 cognatione,
1700 1889 2062 1968 sodalitate,
2107 1909 2258 1954 con-

197 1983 395 2070 legio,
453 2007 702 2050 summa
736 1984 928 2072 etiam
963 1967 1348 2068 eloquentia,
1403 1985 1488 2049 L.
1522 1984 1945 2071 Philippum
1926 2007 1995 2048 m
2030 2005 2259 2048 consu-

194 2076 364 2144 latus
408 2079 712 2165 petitione
765 2066 1106 2165 superavit.
1192 2079 1421 2144 eodem
1472 2089 1753 2164 tempore
1801 2075 1879 2143 Ο.
1928 2074 2255 2156 Claudius,

201 2171 323 2236 etsi
373 2183 632 2258 propter
685 2195 999 2238 summam
1048 2172 1444 2239 nobilitatem
1486 2183 1552 2236 et
1596 2171 1984 2258 singularem
2033 2181 2258 2257 poten-

198 2265 352 2330 tiam
385 2289 656 2353 magnus
693 2277 847 2345 erat,
883 2277 1097 2333 tamen
1123 2267 1314 2334 etiam
1341 2266 1737 2352 eloquentiae
1772 2265 2092 2351 quandam
2124 2287 2258 2331 me-

199 2359 592 2424 diocritatem
629 2362 975 2428 adferebat.
1063 2363 1350 2428 eiusdem
1390 2363 1526 2428 fere
1561 2362 1861 2447 temporis
1906 2362 2029 2426 fuit
2062 2383 2256 2445 eques
2293 2382 2367 2425 16'1

199 2452 529 2519 Romanus
570 2451 660 2536 Ο.
683 2454 922 2531 Titius,
977 2456 1088 2537 qui
1119 2478 1264 2522 meo
1295 2454 1532 2519 iudicio
1568 2477 1643 2520 eo
1678 2454 2047 2541 pervenisse
2081 2454 2259 2519 vide-

200 2557 331 2625 tur,
386 2567 512 2631 quo
537 2546 762 2632 potuit
801 2546 936 2611 fere
970 2548 1244 2613 Latinus
1291 2557 1503 2613 orator
1546 2548 1685 2613 sine
1722 2546 1987 2613 Graecis
2030 2546 2255 2611 litteris

201 2651 268 2705 et
320 2639 456 2705 sine
517 2641 716 2705 multo
775 2663 900 2705 usu
964 2641 1324 2727 pervenire:
1387 2639 1573 2705 huius
1638 2640 1953 2707 orationes
2015 2640 2261 2703 tantum

211 2732 627 2820 argutia-rum,
693 2730 968 2819 [tantum
1029 2733 1463 2819 exemplorum
1476 2732 1523 2821 ,]
1589 2744 1835 2798 tantum
1884 2731 2257 2798 urbanitatis

206 2828 472 2905 habent,
534 2837 608 2891 ut
657 2850 861 2914 paene
902 2826 1123 2892 Attico
1170 2828 1314 2893 stilo
1369 2828 1643 2913 scriptae
1704 2848 1847 2893 esse
1899 2826 2258 2905 videantur3

201 2920 462 2987 easdem
515 2921 795 3007 argutias
847 2920 915 2985 in
965 2920 1326 3006 tragoedias
1381 2921 1535 2987 satis
1586 2920 1693 2986 ille
1747 2919 2003 3004 quidem
2054 2931 2256 2997 acute,

202 3015 320 3080 sed
351 3038 580 3103 parum
622 3013 862 3101 tragice
913 3013 1258 3081 transtulit:
1313 3037 1505 3099 quem
1558 3014 1857 3080 studebat
1906 3013 2138 3079 imitari
2172 3013 2257 3078 L.

200 3109 512 3175 Afranius
575 3115 792 3196 poeta,
854 3109 1048 3175 homo
1107 3120 1485 3197 perargutus
1499 3158 1518 3188 ,
1580 3110 1650 3173 in
1710 3108 1943 3174 fabulis
2004 3108 2259 3193 quidem

201 3204 423 3282 etiam,
469 3214 544 3269 ut
577 3202 779 3281 scitis,
828 3203 1120 3269 disertus.
1208 3204 1330 3269 fuit
1364 3203 1555 3269 etiam
1590 3202 1675 3285 Q.
1710 3202 1995 3269 Rubrius
2028 3204 2257 3279 Varro,
2294 3223 2373 3263 168

201 3297 314 3379 qui
364 3320 404 3361 a
455 3308 679 3363 senatu
731 3298 933 3362 hostis
986 3319 1132 3362 cum
1179 3295 1258 3364 Ο.
1303 3298 1515 3363 Mario
1566 3296 1880 3363 iudicatus
1933 3305 2060 3373 est,
2114 3316 2261 3361 acer

204 3399 270 3454 et
304 3388 647 3453 vehemens
701 3400 1030 3456 accusator
1073 3404 1130 3455 et
1163 3390 1231 3455 in
1275 3391 1366 3456 eo‘
1389 3413 1623 3477 genere
1676 3413 1831 3455 sane
1881 3388 2256 3477 probabilis3

205 3481 430 3546 doctus
465 3491 678 3545 autem
715 3480 978 3548 Graecis
1030 3482 1256 3548 litteris
1313 3485 1707 3569 propinquus
1749 3495 1993 3561 noster,
2048 3482 2253 3549 factus

203 3574 288 3641 ad
315 3574 669 3653 dicendum,
698 3574 797 3641 M.
828 3574 1152 3641 Gratidius
1169 3576 1268 3641 M.
1287 3578 1557 3643 Antonii
1582 3577 2045 3664 perfamiliaris,
2076 3574 2253 3642 cuius
2278 3574 2287 3581 ⁸

201 3668 562 3759 praefectus
600 3690 745 3733 cum
795 3678 968 3734 esset
1014 3669 1082 3733 in
1121 3668 1372 3749 Cilicia,
1436 3682 1537 3735 est
1584 3672 1982 3749 interfectus,
2042 3674 2097 3737 is
2150 3670 2260 3754 qui

202 3762 528 3828 accusavit
563 3760 641 3829 Ο.
675 3762 1052 3841 Fimbriam,
1087 3762 1185 3829 M.
1220 3764 1417 3829 Marii
1453 3764 1809 3831 Gratidiani
1839 3776 2039 3851 pater.

323 3858 542 3942 Atque
585 3858 776 3923 etiam
821 3856 992 3944 apud
1045 3854 1251 3925 socios
1299 3874 1364 3925 et
1405 3860 1677 3925 Latinos
1730 3871 2010 3925 oratores
2057 3856 2256 3923 habiti
2288 3850 2367 3965 46ξ

206 3960 354 4015 sunt
389 3949 471 4031 Q.
507 3951 760 4019 Vettius
793 3951 1152 4031 Vettianus,
1190 3975 1226 4018 e
1259 3952 1529 4030 Marsis,
1566 3976 1754 4037 quem
1785 3954 1925 4040 ipse
1962 3951 2250 4039 cognovi,

203 4042 481 4130 prudens
518 4044 614 4111 vir
656 4056 724 4113 et
763 4046 832 4111 in
875 4045 1142 4113 dicendo
1183 4047 1425 4112 brevis·
1405 4094 1425 4127 ,
1482 4046 1565 4129 Q.
1600 4046 1691 4113 D.
1726 4046 1967 4117 Valerii
2002 4044 2252 4123 Sorani,
