2784 4575
677 359 783 417 AD
824 361 883 417 O.
919 361 1388 420 HERENNIUM
1422 363 1559 418 IIII.
1596 364 1835 419 62-64.
1960 410 1966 416 .
2204 351 2287 418 97

232 497 304 552 ut
339 487 394 552 si
429 485 584 552 velis
629 509 760 551 non
803 485 1092 564 divitem,
1147 486 1262 551 sed
1314 496 1767 552 ostentatorem
1808 488 2116 574 pecuniae
2152 490 2291 576 glo-

230 583 472 648 riosum
507 581 881 658 describere,
922 581 1109 658 ‘iste,'
1146 581 1419 664 inquiaS,
1458 580 1747 660 ‘iudices,
1787 581 1895 666 qui
1931 604 2000 647 se
2038 583 2162 647 dici
2196 585 2291 648 di-

232 676 425 740 vitem
457 685 640 762 putat
684 697 828 740 esse
870 674 1295 760 praeclarum,
1347 674 1623 761 primum
1664 697 1837 740 nunc
1870 676 2109 754 videte,
2164 699 2290 762 quo

230 770 406 838 voltu
439 792 558 836 nos
591 769 941 834 intueatur:
995 792 1206 836 nonne
1241 770 1425 836 vobis
1461 770 1711 835 videtur
1756 770 1997 837 dicere:
2053 771 2290 851 darem,

233 866 288 929 si
329 864 487 930 mihi
527 863 784 931 molesti
825 886 957 928 non
1003 864 1268 929 essetis?
1319 884 1466 929 cum
1511 887 1664 930 vero
1710 864 1967 930 sinistra
2008 875 2293 931 mentum

231 959 550 1037 sublevat,
605 957 928 1024 existimat
963 981 1032 1022 se
1075 981 1366 1045 gemmae
1411 959 1614 1026 nitore
1660 970 1725 1025 et
1768 961 1905 1025 auri
1957 960 2293 1048 splendore

229 1064 526 1140 aspectus
558 1053 865 1118 'omnium
917 1053 1404 1140 praestringere.
1510 1076 1656 1119 cum
1706 1077 1977 1141 puerum
2035 1055 2295 1142 respicit

228 1147 401 1211 hunc
433 1169 659 1224 unum,
717 1169 907 1232 quem
943 1170 1064 1235 ego
1101 1148 1278 1226 novi,
1336 1172 1452 1216 vos
1496 1172 1627 1214 non
1672 1149 1966 1228 arbitror,
2022 1151 2145 1216 alio
2177 1174 2295 1216 no-

227 1241 399 1305 mine
446 1241 752 1329 appellat,
805 1241 1034 1307 deinde
1080 1243 1202 1307 alio
1247 1254 1436 1326 atque
1484 1243 1626 1309 alio,
1718 1251 1813 1309 ‘at
1849 1235 2013 1311 heus
2057 1245 2152 1310 tu’
2198 1246 2295 1310 in-

230 1337 368 1420 quit
403 1342 422 1372 ‘
431 1336 597 1414 veni,
639 1334 900 1415 Sanni0,
937 1359 1020 1402 ne
1050 1338 1204 1420 quid
1230 1337 1336 1402 isti
1362 1339 1617 1402 barbari
1644 1340 1924 1404 turbent’
1960 1351 2034 1404 ut
2066 1341 2288 1427 ignoti,
2360 1355 2363 1358 ’

229 1431 339 1513 qui
383 1431 675 1508 audiunt,
726 1454 926 1496 unum
975 1442 1203 1517 putent
1256 1431 1458 1517 selegi
1508 1432 1589 1496 de
1634 1433 1878 1498 multis:
1930 1435 1989 1499 ei
2034 1435 2187 1500 dicit
2226 1436 2295 1500 in

231 1546 475 1601 aurem,
526 1535 599 1587 ut
643 1535 754 1588 aut
797 1524 970 1591 domi
1019 1525 1236 1589 lectuli
1289 1535 1649 1590 sternantur
1694 1538 1804 1590 aut
1848 1530 1928 1593 ab
1980 1530 2294 1596 avunculo

227 1629 489 1705 rogetur
531 1617 881 1704 Aethiops,
935 1618 1044 1702 qui
1089 1619 1173 1684 ad
1213 1619 1477 1683 balneas
1523 1620 1764 1698 veniat,
1823 1631 1933 1684 aut
1975 1624 2297 1689 asturconi

227 1713 407 1780 locus
446 1723 592 1776 ante
627 1711 863 1776 ostium
899 1734 1086 1776 suum
1121 1712 1304 1777 detur
1339 1723 1450 1777 aut
1493 1713 1749 1797 aliquod
1792 1714 2019 1800 fragile
2068 1713 2291 1802 [falso]

229 1806 603 1893 choragium
629 1805 869 1895 gloriae
897 1817 1324 1894 comparetur3
1357 1806 1586 1872 deinde
1615 1807 1947 1886 exclamat,
1974 1817 2048 1872 ut
2074 1830 2293 1874 omnes

231 1903 491 1968 audiant
525 1902 798 1980 ‘videto,
835 1912 909 1965 ut
943 1901 1280 1988 diligenter
1314 1913 1749 1981 numerentur,
1790 1903 1845 1968 si
1878 1913 2111 1990 potest,
2150 1914 2295 1970 ante

227 1997 520 2064 noctem.’
609 2019 797 2084 puer,
853 1996 962 2081 qui
1004 1997 1133 2062 iam
1174 2000 1339 2063 bene
1383 2007 1678 2061 naturam
1728 1997 1933 2076 novit,
1992 2003 2091 2062 ‘tu
2136 1998 2293 2064 alios

227 2095 442 2160 mittas
479 2093 768 2181 oportet,’
805 2093 1012 2178 inquit
1049 2093 1136 2158 ‘si
1170 2093 1360 2160 hodie
1397 2094 1495 2159 vis
1533 2094 2067 2159 transnumerari.'
2115 2094 2290 2182 ‘age’

227 2189 432 2272 inquit
467 2189 620 2253 ‘duc
654 2199 866 2255 tecum
900 2189 1228 2254 Libanum
1261 2199 1328 2255 et
1363 2185 1659 2255 Sosiam.’
1752 2188 1973 2254 ‘sane.'
2066 2188 2294 2255 deinde

230 2307 384 2349 casu
418 2285 683 2350 veniunt
714 2284 999 2372 hospites
1036 2284 1306 2363 homini,
1363 2306 1523 2369 quos
1558 2283 1681 2351 iste
1727 2284 2087 2371 splendide,
2142 2284 2295 2350 dum

229 2378 696 2465 peregrinatur,
748 2379 1073 2445 invitarat:
1129 2402 1210 2445 ex
1245 2402 1323 2445 ea
1353 2403 1425 2445 re
1461 2379 1652 2445 homo
1697 2379 1909 2445 hercle
1956 2403 2109 2445 sane
2145 2400 2295 2447 con-

230 2473 545 2549 turbatur,
601 2474 717 2537 sed
750 2484 964 2539 tamen
1001 2498 1040 2538 a
1073 2473 1230 2539 vitio
1269 2484 1535 2539 naturae
1579 2496 1710 2540 non
1751 2473 2018 2539 receditx
2075 2475 2293 2539 ‘bene'

228 2567 434 2651 inquit
469 2566 734 2644 ‘facitis,
793 2589 939 2631 cum
972 2566 1230 2646 venitis3
1286 2568 1403 2633 sed
1442 2567 1677 2632 rectius
1723 2566 2068 2643 fecissetis,
2124 2567 2180 2631 si
2215 2568 2298 2631 ad

230 2684 334 2725 me
369 2662 629 2725 domum
661 2672 838 2725 recta
875 2660 1208 2725 abissetis.’
1286 2661 1380 2725 ‘id
1413 2660 1790 2726 fecissemus
1803 2660 1841 2737 ,'
1878 2658 2173 2742 inquiunt
2203 2659 2297 2723 illi

234 2753 321 2817 ‘si
372 2754 634 2818 domum
695 2753 1138 2817 novissemus?
1247 2758 1343 2818 ‘at
1390 2753 1567 2817 istud
1628 2753 1885 2836 quidem
1937 2751 2125 2816 facile
2177 2752 2299 2816 fuit

233 2845 559 2911 undelibet
607 2844 922 2911 invenire:
974 2868 1196 2910 verum
1246 2845 1334 2910 ite
1385 2846 1677 2911 mecum!
1785 2854 2134 2929 sequuntur
2184 2844 2296 2911 illi.

233 2963 443 3007 sermo
486 2940 730 3005 interea
780 2940 970 3005 huius
1021 2940 1415 3005 consumitur
1467 2938 1672 3005 omnis
1723 2938 1793 3004 in
1846 2937 2296 3006 ostentatione:

233 3034 504 3123 quaerit,
568 3034 636 3099 in
689 3034 860 3123 agris
913 3035 1232 3101 frumenta
1284 3035 1463 3100 cuius
1516 3034 1689 3099 modi
1744 3034 1897 3114 sint,
1959 3044 2153 3120 negat
2206 3057 2296 3112 se,

231 3130 384 3217 quia
418 3129 606 3195 villae
641 3130 942 3195 incensae
981 3130 1135 3208 sint,
1193 3129 1496 3195 accedere
1530 3151 1753 3216 posse,
1807 3150 1927 3193 nec
1966 3127 2299 3193 aedificare

233 3226 425 3291 etiam
459 3246 629 3289 nunc
673 3225 935 3304 audere3
993 3225 1277 3290 ‘tametsi
1309 3224 1378 3289 in
1413 3224 1781 3289 Tusculano
1827 3222 2085 3307 quidem
2118 3222 2299 3309 coepi

231 3318 509 3385 insanire
545 3331 610 3385 et
641 3320 710 3384 in
743 3320 949 3385 isdem
993 3319 1423 3385 fundamentis
1480 3317 1853 3384 aedificare?
1944 3318 2097 3382 dum
2140 3317 2299 3381 haec

231 3415 537 3499 loquitur,
593 3413 768 3479 venit
807 3414 876 3479 in
919 3415 1094 3480 aedis
1149 3414 1487 3498 quasdam,
1540 3412 1609 3478 in
1653 3413 1881 3497 quibus
1940 3410 2300 3478 sodalitium
2334 3406 2402 3520 ἓ

235 3522 372 3575 erat
433 3510 658 3575 eodem
714 3508 816 3574 die
867 3508 1154 3573 futurum
1162 3534 1181 3587 3
1247 3532 1372 3592 quo
1425 3508 1547 3573 iste
1597 3530 1714 3594 pro
1776 3506 2001 3573 notitia
2063 3504 2302 3571 domini

235 3604 490 3669 aedium
522 3601 874 3688 ingreditur
909 3624 1056 3667 cum
1090 3601 1469 3689 hospitibus.
1561 3600 1718 3665 ‘hic’
1763 3600 1970 3683 inquit
2011 3598 2297 3663 ‘habito.’

235 3696 541 3785 perspicit
575 3706 935 3782 argentum,
973 3698 1146 3781 quod
1181 3706 1317 3761 erat
1352 3695 1741 3782 expositum,
1778 3693 1929 3759 visit
1963 3690 2301 3757 triclinium

237 3804 524 3871 stratum,
561 3793 810 3879 probat.
891 3792 1136 3857 accedit
1171 3792 1482 3869 servulus,
1522 3789 1675 3854 dicit
1707 3788 1948 3855 homini
1980 3788 2049 3851 in
2084 3808 2302 3850 aurem

240 3887 564 3952 dominum
599 3887 728 3951 iam
771 3896 1136 3964 venturum,
1193 3886 1249 3951 si
1292 3886 1448 3951 velit
1498 3884 1689 3949 exire.
1781 3880 2045 3947 ‘itane?’
2096 3878 2303 3963 inquit

241 3984 488 4045 ‘eamus
542 3980 828 4068 hospites
838 4005 858 4058 3
909 3980 1106 4045 frater
1157 3980 1333 4046 venit
1383 4003 1467 4045 ex
1508 3978 1815 4043 Falerno:
1870 3996 1991 4061 ego
2042 3972 2135 4038 illi
2187 3973 2302 4039 ob-

237 4072 412 4137 viam
443 4096 708 4161 pergam
716 4101 736 4154 3
774 4096 890 4139 vos
928 4073 1054 4138 huc
1089 4073 1336 4139 decima
1369 4070 1687 4139 venitote?
1776 4068 2059 4155 hospites
2096 4068 2301 4133 disce-

239 4168 426 4244 dunt,
482 4167 603 4233 iste
651 4192 721 4234 se
763 4166 998 4255 raptim
1041 4168 1300 4233 domum
1350 4192 1531 4235 suam
1578 4164 1832 4233 conicit:
1887 4164 1979 4228 illi
2032 4163 2297 4241 decima,

350 4269 575 4313 Ciceronis
592 4271 676 4314 vol.
697 4268 734 4313 1.
1925 4273 1953 4320 '7
