2784 4575
768 306 875 363 DE
914 303 1277 363 ORATORE
1312 306 1420 361 111.
1455 306 1768 362 156—164.
2172 298 2296 365 179

246 429 574 518 specimen
626 440 725 495 est
775 429 1096 514 quoddam
1156 427 1469 494 transilire
1515 439 1660 494 ante
1719 429 1918 516 pedes
1977 431 2188 516 posita
2235 444 2302 499 et

246 524 375 590 alia
407 524 599 610 longe
640 523 910 609 repetita
954 544 1203 587 sumere
1212 546 1232 599 3
1286 520 1391 587 vel
1426 522 1597 607 quod
1637 523 1722 601 is,
1779 523 1888 607 qui
1921 524 2123 601 audit,
2179 524 2302 591 alio

248 615 497 683 ducitur
552 615 934 703 cogitatione
976 636 1182 700 neque
1226 625 1441 681 tamen
1484 616 1758 695 aberrat,
1815 638 1975 701 quae
2027 617 2306 683 maxima

250 720 350 777 est
384 710 746 787 delectatio:
800 709 904 775 vel
950 708 1122 793 quod
1157 708 1424 794 singulis
1469 709 1680 774 verbis
1723 732 1828 775 res
1873 732 1948 775 ac
1981 720 2184 776 totum
2221 710 2306 774 si-

247 803 395 871 mile
432 804 785 883 conficitur3
840 802 942 868 vel
978 803 1150 887 quod
1184 802 1388 868 omnis
1425 804 1783 883 translatio,
1839 825 2002 888 quae
2045 804 2302 888 quidem

248 908 504 983 sumpta
535 898 779 963 ratione
823 907 951 975 est,
998 896 1081 962 ad
1115 918 1341 962 sensus
1377 896 1553 983 ipsos
1591 898 1990 976 admovetur,
2025 898 2299 963 maxime

246 990 605 1068 oculorum,
662 989 770 1074 qui
822 1000 923 1055 est
974 1011 1201 1055 sensus
1247 990 1610 1057 acerrimus.
1697 1013 1842 1055 nam
1891 1002 1957 1055 et
1999 990 2155 1056 odor
2198 1014 2304 1056 ur-
2337 1021 2414 1063 161

248 1083 548 1148 banitatis
592 1094 659 1149 et
707 1082 1038 1148 mollitudo
1091 1082 1500 1148 humanitatis
1555 1094 1620 1149 et
1669 1106 1954 1148 murmur
1995 1083 2188 1149 maris
2242 1095 2306 1149 et

248 1176 576 1243 dulcitudo
631 1176 931 1242 orationis
986 1188 1135 1241 sunt
1186 1178 1377 1243 ducta
1431 1202 1470 1243 a
1522 1179 1746 1244 ceteris
1809 1178 2101 1245 sensibus
2113 1205 2134 1258 ;
2194 1178 2306 1243 illa

246 1290 403 1337 vero
438 1272 766 1337 oculorum
800 1270 998 1336 multo
1036 1271 1305 1351 acriora,
1344 1293 1506 1355 quae
1539 1295 1743 1358 paene
1775 1284 2022 1359 ponunt
2054 1273 2122 1337 in
2155 1295 2308 1338 con-

247 1361 475 1449 spectu
534 1364 754 1442 animi,
818 1386 979 1448 quae
1041 1386 1297 1431 cernere
1348 1376 1416 1430 et
1465 1365 1680 1431 videre
1741 1388 1872 1431 non
1929 1389 2301 1453 possumus3

244 1456 407 1523 nihil
450 1468 551 1523 est
594 1457 765 1523 enim
805 1458 874 1522 in
914 1480 1127 1524 rerum
1178 1460 1433 1536 natura,
1487 1458 1668 1524 cuius
1709 1481 1830 1524 nos
1872 1482 2003 1525 non
2043 1460 2112 1523 in
2165 1460 2302 1525 aliis

242 1550 440 1615 rebus
493 1551 815 1637 possimus
868 1550 963 1615 uti
1007 1552 1317 1617 vocabulo
1359 1562 1428 1617 et
1467 1550 1748 1629 nomine3
1801 1552 1970 1617 unde
2014 1552 2186 1617 enim
2219 1552 2305 1617 si-

243 1642 399 1709 mile
435 1642 582 1707 duci
613 1653 851 1730 potest,
886 1654 1101 1729 potest
1136 1654 1348 1709 autem
1383 1667 1466 1710 ex
1500 1644 1812 1723 omnibus,
1848 1645 2128 1709 indidem
2163 1667 2304 1709 ver-

240 1738 401 1801 bum
442 1760 639 1801 unum
649 1784 669 1815 ,
716 1737 888 1820 quod
930 1737 1404 1803 similitudinem
1449 1738 1755 1816 continet,
1801 1738 2174 1803 translatum
2208 1737 2304 1801 lu-

237 1851 395 1894 men
422 1830 669 1895 adferre
698 1830 985 1896 orationi.
1048 1853 1174 1915 quo
1208 1830 1275 1895 in
1310 1853 1542 1917 genere
1576 1832 1851 1917 primum
1877 1842 1975 1897 est
1999 1831 2305 1918 fugienda
2337 1860 2416 1899 162

240 1922 723 1988 dissimilitudo:
784 1924 973 1989 ‘caeli
1013 1925 1307 2010 ingentes
1350 1924 1685 1989 fornices':
1743 1925 2030 2008 quamvis
2075 1924 2306 2011 sphae-

236 2038 383 2081 ram
430 2016 501 2081 in
552 2038 837 2095 scenam,
892 2028 966 2082 ut
1010 2018 1266 2095 dicitur,
1322 2018 1600 2083 attulerit
1639 2018 1919 2101 Ennius,
1975 2030 2188 2084 tamen
2237 2018 2306 2083 in

238 2110 518 2196 sphaera
550 2110 807 2177 fornicis
846 2110 1189 2176 similitudo
1224 2134 1354 2177 non
1387 2121 1602 2196 potest
1633 2110 1844 2177 inesse
1857 2136 1878 2187 3

844 2204 1018 2283 vive,
1053 2204 1319 2282 Ulixes3
1359 2205 1513 2268 dum
1547 2204 1724 2269 licet:

420 2294 617 2360 oculis
652 2307 1048 2382 postremum
1081 2298 1299 2362 lumen
1330 2298 1648 2362 radiatum
1681 2297 1865 2384 rapel

240 2409 375 2453 non
410 2387 569 2451 dixit
606 2389 831 2474 ‘cape,'
868 2413 998 2455 non
1035 2397 1212 2475 ‘pete
1226 2391 1242 2420 '
1270 2427 1359 2438 —-
1386 2389 1650 2456 haberet
1684 2391 1853 2455 enim
1887 2411 2132 2456 moram
2159 2413 2304 2474 spe-

239 2479 439 2546 rantis
476 2479 711 2545 diutius
748 2503 889 2546 esse
924 2482 1239 2546 victurum
1272 2519 1361 2530 -··
1414 2484 1530 2546 sed
1583 2483 1822 2566 ‘rape:'
1880 2482 2002 2548 hoc
2038 2483 2302 2548 verbum

242 2585 345 2640 est
378 2574 462 2639 ad
492 2572 562 2637 id
594 2583 897 2658 aptatum,
935 2575 1105 2656 quod
1142 2585 1287 2639 ante
1325 2575 1588 2651 dixerat,
1627 2575 1809 2638 ‘dum
1840 2575 2028 2640 licet.'
2075 2574 2300 2640 deinde
2336 2573 2398 2626 41

240 2667 589 2733 videndum
622 2678 721 2732 est
752 2689 834 2733 ne
868 2668 1059 2752 longe
1096 2667 1299 2731 simile
1346 2667 1429 2730 sit
1463 2667 1748 2731 ductum:
1804 2665 2077 2752 ‘Syrtim
2107 2669 2302 2752 patri-
2337 2645 2416 2686 ²⁶³

238 2759 477 2838 monii,'
516 2760 847 2846 scopulum
863 2759 1159 2824 libentius
1182 2759 1476 2838 dixerim:
1505 2758 1923 2844 ‘Charybdim
1951 2761 2300 2838 bonorum,'

239 2853 613 2940 voraginem
644 2853 888 2940 potius3
934 2853 1183 2919 facilius
1220 2853 1391 2919 enim
1427 2854 1509 2918 ad
1545 2876 1651 2931 ea,
1698 2875 1860 2938 quae
1898 2853 2066 2932 visa,
2113 2875 2306 2939 quam

240 2948 330 3013 ad
359 2948 498 3026 illa,
535 2970 697 3033 quae
732 2948 949 3013 audita
984 2958 1159 3026 sunt,
1212 2949 1444 3013 mentis
1481 2947 1650 3013 oculi
1683 2948 1998 3026 feruntur-3
2045 2959 2112 3013 et
2145 2969 2308 3032 quo-

237 3043 416 3108 niam
459 3043 619 3108 haec
662 3042 765 3108 vel
820 3064 1069 3108 summa
1110 3041 1253 3108 laus
1299 3053 1400 3108 est
1441 3041 1510 3106 in
1553 3041 1766 3108 verbis
1824 3041 2300 3120 transferendis,

236 3146 316 3200 ut
358 3159 619 3202 sensum
660 3135 850 3202 feriat
888 3135 985 3214 id,
1042 3137 1215 3220 quod
1266 3135 1643 3202 translatum
1697 3135 1806 3214 sit,
1860 3134 2165 3221 fugienda
2208 3147 2308 3199 est

240 3229 449 3294 omnis
496 3229 817 3316 turpitudo
866 3252 1085 3296 earum
1126 3252 1367 3306 rerum,
1426 3230 1510 3294 ad
1561 3250 1721 3313 quas
1775 3251 1994 3294 eorum
2040 3227 2341 3304 animoss

241 3321 356 3404 qui
390 3321 674 3401 audient,
736 3323 946 3388 trahet
990 3323 1361 3389 similitudo:
1416 3322 1565 3388 nolo
1609 3321 1736 3387 dici
1777 3333 1978 3387 morte
2012 3320 2306 3386 Africani
2339 3347 2421 3390 164

244 3414 645 3478 ‘castratam’
684 3437 827 3480 esse
861 3439 998 3480 rem
1031 3417 1379 3502 publicam,
1415 3415 1564 3481 nolo
1600 3421 1872 3481 ‘stercus
1909 3413 2145 3480 curiae'
2182 3413 2308 3478 dici

245 3504 585 3572 Glauciam
594 3531 614 3585 3
662 3507 951 3590 quamvis
990 3509 1074 3572 sit
1118 3509 1321 3574 simile
1330 3557 1349 3588 ,
1399 3519 1613 3575 tamen
1655 3519 1754 3574 est
1786 3509 1855 3574 in
1894 3520 2164 3592 utroque
2197 3508 2308 3573 de·-

240 3599 469 3666 formis
509 3599 807 3686 cogitatio
855 3600 1311 3681 similitudinis3
1346 3602 1494 3668 nolo
1532 3625 1674 3669 esse
1711 3613 1821 3666 aut
1852 3601 2078 3680 maius,
2116 3623 2306 3685 quam

238 3717 349 3761 res
384 3695 691 3781 postulet:
748 3700 1120 3780 ‘tempestas
1176 3696 1638 3762 comissationis
1648 3696 1688 3774 ;’
1735 3707 1844 3761 aut
1883 3695 2122 3761 minus:
2170 3701 2308 3762 ‘co-

240 3789 533 3855 missatio
597 3788 988 3875 tempestatis
1002 3788 1050 3868 3'
1110 3789 1259 3856 nolo
1320 3812 1465 3856 esse
1517 3790 1782 3856 verbum
1835 3789 2164 3876 angustius
2216 3789 2302 3866 id,

244 3883 423 3964 quod
482 3883 857 3948 translatum
921 3882 1030 3961 sit,
1093 3905 1282 3967 quam
1340 3883 1571 3949 fuisset
1627 3882 1785 3948 illud
1844 3883 2170 3969 proprium
2228 3902 2308 3947 ac

244 3995 470 4039 suum:

399 4069 722 4152 ,quidnam
756 4080 883 4150 cst,
921 4020 1225 4138 obsecro?
1260 4072 1412 4157 quid
1447 4083 1510 4138 te
1545 4070 1773 4137 adirier
1809 4071 2113 4137 abnutas?

1847 4173 1948 4226 12*
