2784 4575
32 729 37 740 *-
34 687 37 706 -
34 441 53 678 Ἲ-ν--ηὴ
50 110 53 116 ¹

724 340 833 396 An
872 342 932 397 c.
970 341 1438 400 HERENNIUM
1474 343 1578 398 111.
1613 344 1853 401 34-38,
2234 330 2324 399 55

263 489 412 531 nam
451 465 506 529 si
541 487 694 549 quas
738 487 842 530 res
885 465 955 528 in
998 465 1130 529 vita
1171 465 1459 530 videmus
1502 488 1761 550 parvas,
1814 466 2109 544 usitatas,
2164 468 2319 533 coti-

266 560 515 635 dianas,
569 559 935 623 meminisse
987 581 1116 623 non
1171 559 1475 635 solemus,
1537 572 1874 647 propterea
1924 563 2094 644 quod
2143 561 2320 626 nulla

267 674 394 718 non
435 675 603 717 nova
654 674 771 717 nec
825 654 1179 718 admirabili
1229 677 1298 717 re
1343 665 1774 718 commovetur
1827 655 2101 733 animus3
2156 668 2223 721 at
2264 658 2318 721 si

266 746 418 830 quid
450 747 738 811 videmus
786 759 895 810 aut
947 747 1236 812 audimus
1280 748 1539 833 egregie
1585 758 1765 835 turpe
1811 761 1920 812 aut
1962 749 2317 828 honestum,

261 840 662 917 inusitatum,
706 863 1040 926 magnum,
1085 841 1452 906 incredibile
1465 889 1483 918 ,
1536 842 1898 920 ridiculum,
1943 843 2012 907 id
2046 843 2154 906 diu
2187 867 2320 908 me-

263 935 525 1001 minisse
553 935 1028 1012 consuevimus3
1069 936 1364 1019 itemque,
1397 959 1554 1020 quas
1588 959 1692 1002 res
1721 947 1867 1002 ante
1895 958 2007 1002 ora
2032 937 2319 1001 videmus

266 1039 375 1093 aut
409 1030 581 1112 quod
606 1051 828 1093 recens
857 1028 1233 1107 audivimus,
1273 1030 1703 1094 obliviscimur
1726 1031 2122 1116 plerumque3
2162 1053 2322 1114 quae

265 1123 630 1187 acciderunt
661 1123 730 1185 in
761 1124 1050 1207 pueritia,
1089 1125 1491 1190 meminimus
1519 1125 1755 1211 optime
1791 1149 1982 1212 saepe
1994 1151 2012 1204 3
2050 1147 2169 1189 nec
2201 1125 2322 1191 1100

267 1215 393 1278 alia
428 1216 507 1279 de
543 1237 738 1280 causa
778 1227 992 1302 potest
1036 1218 1349 1296 accidere,
1393 1219 1520 1283 nisi
1563 1220 1734 1304 quod
1775 1220 2045 1285 usitatae
2088 1242 2192 1285 res
2229 1219 2324 1284 fa-

265 1308 382 1372 cile
437 1332 472 1374 e
535 1311 844 1375 memoria
905 1312 1265 1389 elabuntur,
1330 1312 1616 1398 insignes
1682 1325 1745 1378 et
1802 1335 2007 1380 novae
2066 1325 2325 1378 manent

265 1401 518 1466 diutius.
598 1400 810 1488 [solis]
843 1416 1120 1482 exortus,
1159 1427 1401 1482 cursus,
1440 1427 1701 1471 occasus
1738 1430 1924 1473 nemo
1961 1408 2320 1486 admiratur,

264 1506 600 1578 propterea
635 1497 806 1578 quod
849 1498 1079 1561 cotidie
1123 1499 1312 1574 fiunt3
1369 1509 1435 1561 at
1478 1498 1729 1584 eclipsis
1770 1497 1981 1608 [solis]
2019 1502 2324 1566 mirantur

267 1586 417 1668 quia
446 1609 590 1652 raro
629 1588 939 1666 accidunt,
979 1600 1044 1652 et
1077 1590 1228 1653 solis
1266 1591 1520 1675 eclipsis
1556 1592 1759 1677 magis
1796 1594 2100 1658 mirantur
2136 1616 2323 1677 quam

266 1679 485 1756 lunae,
538 1691 878 1766 propterea
922 1683 1094 1765 quod
1135 1682 1256 1747 hae
1310 1684 1660 1748 crebriores
1700 1697 1864 1750 sunt.
1952 1688 2139 1752 docet
2172 1711 2323 1773 ergo

267 1796 336 1839 se
371 1784 601 1838 natura
634 1775 881 1860 volgari
925 1786 990 1840 et
1022 1776 1257 1840 usitata
1296 1799 1366 1841 re
1412 1800 1542 1842 non
1594 1778 1992 1855 exsuscitari,
2046 1781 2325 1843 novitate

264 1878 328 1932 et
361 1867 602 1954 insigni
639 1869 914 1952 quodam
949 1870 1206 1956 negotio
1237 1871 1649 1935 commoveri:
1684 1871 1963 1936 imitetur
1998 1895 2099 1936 ars
2136 1872 2327 1958 igitur

262 1972 554 2028 naturam
599 1975 689 2041 et,
737 1965 909 2047 quod
943 1987 1021 2030 ea
1067 1965 1419 2042 desiderat,
1462 1964 1770 2043 inveniat,
1818 1967 1989 2050 quod
2030 1967 2324 2074 ostendit,

2366 1431 2419 1472 36

267 2069 582 2141 sequatur.
670 2059 828 2123 nihil
865 2069 966 2124 est
1001 2060 1194 2138 enim,
1234 2061 1406 2143 quod
1442 2071 1551 2123 aut
1584 2071 1811 2125 natura
1844 2072 2198 2126 extremum
2230 2060 2327 2125 in-
2407 2088 2410 2093 ·

263 2154 507 2219 venerit
543 2166 652 2219 aut
687 2156 974 2221 doctrina
1006 2157 1309 2242 primum3
1370 2157 1486 2221 sed
1518 2179 1729 2221 rerum
1772 2157 2082 2244 principia
2116 2155 2249 2222 ab
2231 2180 2327 2220 111-

262 2249 450 2335 genio
484 2250 773 2357 profecta
809 2261 975 2329 sunt,
1013 2252 1220 2317 exitus
1260 2251 1594 2338 disciplina
1629 2263 2089 2338 comparantur.
2168 2250 2325 2316 ima„-

263 2343 443 2427 gines
480 2342 672 2428 igitur
707 2367 824 2409 nos
859 2345 928 2408 in
965 2367 1040 2409 00
1077 2367 1312 2433 genere
1348 2346 1730 2410 constituere
1767 2346 2108 2433 oportebit,
2156 2346 2327 2429 quod

263 2457 466 2521 genus
517 2459 773 2502 manere
826 2438 895 2501 in
946 2439 1253 2503 memoria
1308 2439 1663 2504 diutissime
1714 2448 1953 2524 potest.
2008 2439 2169 2503 haec
2220 2461 2322 2503 res

262 2551 334 2593 ea
379 2530 648 2607 accidet,
705 2532 759 2595 si
803 2553 994 2614 quam
1048 2532 1324 2596 maxime
1377 2542 1627 2597 notatas
1684 2531 2121 2595 similitudines
2175 2552 2325 2595 con-

261 2622 595 2687 stituemus
609 2649 628 2699 3
685 2625 740 2687 si
775 2647 906 2688 non
949 2636 1158 2688 mutas
1194 2644 1316 2686 nec
1358 2647 1587 2709 vagas,
1646 2624 1760 2687 sed
1805 2622 2042 2704 aliquid
2077 2624 2323 2707 agentis

262 2714 574 2798 imagines
601 2736 911 2798 ponemus
924 2739 942 2791 3
981 2716 1036 2779 si
1071 2714 1396 2799 egregiam
1421 2715 1908 2799 pulcritudinem
1934 2724 2043 2777 aut
2075 2714 2327 2777 unicam

265 2806 718 2891 turpitudinem
759 2807 852 2870 eis
897 2808 1310 2871 attribuemus
1321 2832 1340 2883 3
1389 2808 1445 2870 si
1489 2808 1698 2888 aliqua
1738 2828 1806 2869 re
1854 2805 2320 2883 exornabimus,

264 2910 340 2963 ut
372 2899 427 2963 si
463 2899 711 2964 coronis
757 2910 868 2964 aut
901 2910 1080 2964 veste
1123 2923 1467 2986 purpurea,
1524 2921 1649 2982 quo
1692 2899 1876 2964 nobis
1928 2899 2202 2965 notatior
2247 2902 2328 2965 sit

267 2992 636 3071 similitudo3
693 3005 802 3059 aut
837 2995 891 3059 si
937 3017 1063 3078 qua
1095 3017 1165 3059 re
1213 2993 1707 3059 deformabimus
1718 3042 1737 3071 ,
1790 3006 1862 3059 ut
1906 2994 1963 3059 si
2006 3005 2328 3061 cruentam

265 3099 374 3153 aut
408 3110 603 3155 caeno
649 3090 911 3155 oblitam
947 3100 1056 3154 aut
1086 3090 1344 3154 rubrica
1379 3089 1726 3161 delibutam
1761 3090 2162 3168 inducemus,
2201 3113 2324 3174 quo

263 3183 469 3269 magis
521 3184 825 3271 insignita
877 3184 959 3249 sit
1010 3185 1217 3249 forma
1225 3208 1244 3263 3
1310 3194 1419 3248 aut
1472 3184 1526 3248 si
1575 3183 1873 3249 ridiculas
1925 3206 2029 3249 res
2083 3185 2325 3269 aliquas

263 3277 645 3363 imaginibus
700 3279 1143 3357 attribuemus3
1198 3300 1350 3342 nam
1404 3300 1482 3344 ea
1530 3299 1633 3342 res
1688 3299 1939 3362 quoque
1985 3278 2203 3357 faciet,
2257 3292 2330 3343 ut

265 3371 512 3437 facilius
548 3372 914 3438 meminisse
948 3374 1302 3459 possimus:
1354 3395 1507 3436 nam
1542 3390 1701 3456 quas
1744 3395 1849 3437 res
1902 3395 2086 3437 veras
2142 3372 2328 3437 facile

264 3466 685 3544 meminimuS,
724 3468 983 3532 easdem
1007 3468 1187 3531 fictas
1225 3478 1290 3531 et
1323 3467 1658 3552 diligenter
1682 3477 1933 3531 notatas
1959 3466 2325 3531 meminisse

263 3582 396 3626 non
452 3558 707 3625 difficile
759 3572 877 3627 est.
985 3561 1099 3626 sed
1150 3559 1309 3624 illud
1360 3562 1571 3625 facere
1626 3560 1965 3647 oportebit,
2030 3570 2103 3622 ut
2151 3559 2330 3623 iden-

266 3654 464 3720 tidem
521 3656 761 3741 primos
824 3677 1112 3739 quosque
1174 3656 1350 3720 locos
1413 3654 1766 3742 imaginum
1822 3653 2330 3719 renovandam-um

267 3770 464 3813 causa
500 3748 784 3813 celeriter
819 3748 1028 3814 animo
1065 3770 1512 3835 pervagemus.

400 3840 552 3909 Scio
585 3843 922 3929 plerosque
960 3840 1274 3920 Graecos,
1322 3843 1432 3926 qui
1468 3844 1547 3907 de
1584 3842 1888 3907 memoria
1924 3839 2327 3924 scripserunt,
2363 3838 2433 3891 23

267 3936 531 4015 fecisse,
593 3947 666 4000 ut
707 3936 1050 4001 multorum
1085 3938 1426 4002 verborum
1475 3935 1787 4021 imagines
1840 3932 2326 4011 conscriberent,

268 4030 365 4095 uti
417 4032 525 4114 qui
578 4032 858 4097 ediscere
912 4030 1176 4107 vellent,
1230 4041 1488 4117 paratas
1539 4030 1873 4103 haberent,
1923 4048 2006 4091 ne
2059 4026 2212 4110 quid
2260 4026 2329 4092 in

271 4124 632 4207 quaerendo
667 4138 1110 4192 consumerent
1143 4149 1402 4213 operae3
1446 4144 1716 4208 quorum
1746 4120 2056 4187 rationem
2091 4119 2329 4206 aliquot

2369 2279 2419 2319 3⁷

2371 3909 2424 3949 88
