2784 4575
801 271 908 327 ΒΕ
946 270 1308 330 oRAToRE
1345 273 1451 329 111.
1488 273 1725 330 66—74.
2056 225 2065 234 ⁰
2170 261 2295 328 159

227 409 480 466 oratore
535 393 818 462 contenti
871 417 1088 462 sumus
1099 443 1119 475 ,
1175 396 1284 482 qui
1337 396 1498 464 sciat
1548 407 1661 462 aut
1701 418 1938 484 negare
1982 408 2293 486 oportere,

227 493 405 578 quod
439 513 730 578 arguare,
767 499 896 568 aut,
933 489 989 555 si
1021 488 1090 555 id
1121 513 1251 556 non
1283 492 1518 578 possis,
1554 501 1691 556 tum
1726 491 2087 570 ostendere,
2125 493 2298 576 quod

227 585 286 652 is
323 583 576 663 fecerit,
633 583 745 668 qui
777 583 1206 662 insimuletur,
1261 594 1369 650 aut
1404 595 1576 651 recte
1610 585 1852 651 factum
1894 595 2005 650 aut
2038 585 2295 652 alterius

232 680 424 769 culpa
455 678 559 746 vel
612 678 846 744 iniuria
891 689 1000 744 aut
1043 700 1124 744 ex
1155 679 1301 766 lege
1345 689 1457 746 aut
1496 701 1627 745 non
1670 689 1891 746 contra
1941 679 2152 768 legem
2188 691 2299 746 aut

228 772 657 862 imprudentia
691 782 803 838 aut
833 772 1224 851 necessarie,
1278 782 1387 839 aut
1418 790 1549 839 non
1584 795 1660 839 eo
1695 773 1949 840 nomine
1984 795 2299 861 usurpan-

231 869 414 946 dum,
469 889 596 952 quo
643 877 973 956 arguatur,
1028 875 1138 932 aut
1179 888 1310 931 non
1351 867 1444 932 ita
1486 866 1621 955 agi,
1675 877 1746 934 ut
1790 867 2079 934 debuerit
2113 889 2188 934 ac
2219 868 2298 933 li-

230 961 462 1040 cuerit3
516 971 608 1040 et,
665 961 722 1026 si
767 961 922 1026 satis
969 982 1113 1026 esse
1155 961 1393 1047 putatis
1432 984 1533 1040 ea,
1588 982 1751 1045 quae
1802 960 1911 1027 isti
1956 960 2295 1049 scriptores

233 1057 389 1124 artis
427 1057 685 1134 docent,
739 1055 1012 1133 discere,
1068 1075 1233 1138 quae
1266 1055 1469 1121 multo
1503 1066 1719 1120 tamen
1751 1054 2061 1134 ornatius,
2105 1077 2297 1140 quam

232 1152 320 1217 ab
352 1149 480 1216 illis
519 1149 838 1228 dicuntur,
897 1159 962 1214 et
1001 1148 1261 1215 uberius
1306 1148 1649 1235 explicavit
1679 1148 2002 1214 Antonius
2036 1184 2127 1198 --
2162 1151 2294 1228 sed,

231 1245 292 1312 si
325 1242 428 1310 his
465 1243 743 1310 contenti
783 1242 939 1308 estis
994 1253 1184 1326 atque
1229 1241 1322 1308 eis
1358 1243 1576 1322 etiam,
1632 1265 1795 1327 quae
1837 1243 1961 1308 dici
2004 1242 2293 1310 voluistis

231 1363 274 1405 a
305 1361 438 1416 me,
489 1361 573 1404 ex
605 1336 849 1425 ingenti
901 1338 1179 1422 quodam
1223 1347 1539 1403 oratorem
1586 1335 2025 1423 immensoque
2070 1359 2293 1426 campo

227 1433 304 1498 in
349 1432 650 1519 exiguum
695 1453 849 1498 sane
901 1454 1134 1541 gyrum
1185 1431 1590 1541 compellitis3
1648 1431 1747 1498 sin
1790 1442 2072 1498 veterem
2114 1431 2293 1498 illum
2336 1461 2394 1500 u

229 1525 553 1592 Periclem
595 1537 706 1591 aut
754 1525 925 1592 hunc
972 1525 1190 1604 etiam,
1245 1525 1356 1611 qui
1399 1525 1764 1591 familiarior
1807 1526 1993 1593 nobis
2036 1536 2294 1614 propter

233 1621 616 1709 scriptorum
663 1621 1294 1698 multitudinemest,
1346 1621 1853 1687 Demosthenem
1890 1622 2071 1706 sequi
2106 1621 2293 1688 voltis

233 1725 304 1780 et
337 1715 394 1780 si
425 1714 601 1780 illam
632 1715 1024 1802 praeclaram
1061 1726 1126 1780 et
1161 1714 1458 1781 eximiam
1505 1715 1781 1802 speciem
1820 1710 2116 1801 [oratoris
2151 1737 2295 1800 per-

233 1807 416 1896 fecti]
457 1821 522 1876 et
551 1810 1056 1898 pulcritudinem'
1075 1810 1451 1888 adamastis,
1498 1821 1608 1876 aut
1639 1809 1821 1877 vobis
1858 1809 2017 1875 haec
2054 1806 2296 1876 Carne-

236 1903 384 1969 adia
419 1913 530 1970 aut
567 1904 679 1970 illa
708 1905 1087 1971 Aristotelia
1130 1905 1227 1970 vis
1274 1903 1869 1992 comprehendenda
1910 1915 2028 1970 cst.
2115 1927 2295 1970 nam-
2336 1932 2395 1970 vs

235 2019 387 2082 que,
424 2008 497 2064 ut
530 2008 676 2064 ante
712 1998 870 2077 dixi,
906 2008 1156 2064 veteres
1189 1999 1283 2063 illi
1317 2021 1521 2082 usque
1556 1998 1640 2063 ad
1675 1996 2006 2064 Socratem
2042 2020 2295 2064 omnem

235 2092 520 2157 omnium
551 2115 782 2171 rerum,
819 2114 982 2177 quae
1024 2092 1107 2157 ad
1141 2115 1350 2158 mores
1378 2091 1726 2171 hominum,
1762 2114 1926 2178 quae
1962 2093 2045 2158 ad
2077 2092 2294 2171 vitam,

237 2207 402 2269 quae
457 2185 542 2250 ad
589 2185 912 2264 virtutem,
965 2207 1130 2270 quae
1185 2186 1268 2251 ad
1316 2209 1455 2252 rem
1505 2185 1825 2273 publicam
1874 2186 2295 2272 pertinebant,

235 2277 664 2366 cognitionem
698 2290 764 2344 et
797 2279 1125 2347 scientiam
1159 2299 1304 2346 cum
1347 2279 1600 2346 dicendi
1639 2278 1886 2347 ratione
1917 2279 2266 2367 iungebant
2272 2307 2295 2359 3

234 2382 468 2459 postea
501 2371 847 2451 dissociati,
881 2383 956 2440 ut
988 2373 1284 2460 exposui,
1322 2396 1362 2439 a
1398 2371 1665 2439 Socrate
1702 2369 1951 2458 [diserti
1986 2396 2025 2438 a
2059 2371 2291 2460 doctis]

238 2477 305 2533 et
358 2465 661 2553 deinceps
714 2490 754 2531 a
804 2463 1147 2533 Socraticis
1197 2467 1353 2533 item
1406 2465 1698 2532 omnibus
1750 2465 2115 2552 philosophi
2167 2466 2299 2529 elo-

237 2560 562 2645 quentiam
605 2560 1058 2648 despexerunt,
1105 2572 1386 2626 oratores
1426 2558 1827 2646 sapientiam,
1880 2580 2087 2643 neque
2122 2557 2298 2642 quic-

237 2677 431 2740 quam
465 2678 547 2721 ex
597 2654 852 2721 alterius
904 2666 1087 2743 parte
1129 2654 1502 2742 tetigerunt,
1553 2652 1679 2717 nisi
1732 2652 1904 2735 quod
1944 2652 2035 2717 illi
2080 2649 2160 2715 ab
2196 2649 2295 2714 his

237 2760 350 2815 aut
381 2750 462 2815 ab
493 2749 620 2815 illis
655 2748 723 2815 hi
768 2759 1233 2828 mutuarentur,
1287 2770 1368 2815 ex
1412 2769 1538 2831 quo
1587 2745 1902 2834 promisce
1952 2742 2294 2820 haurirent,

239 2843 298 2909 si
346 2865 601 2908 manere
659 2842 730 2907 in
790 2837 1060 2931 pristina
1119 2842 1561 2910 communione
1621 2839 1998 2917 voluissent3
2060 2837 2178 2905 sed
2226 2846 2298 2902 ut
2337 2868 2398 2908 τε

235 2936 568 3025 pontifices
604 2948 854 3005 veteres
887 2948 1149 3026 propter
1201 2936 1651 3004 sacrificiorum
1682 2931 2146 2999 multitudinem
2182 2930 2295 2997 tris

237 3030 410 3097 viros
457 3031 758 3119 epulones
813 3054 959 3098 esse
993 3032 1354 3110 voluerunt,
1410 3052 1554 3095 cum
1589 3037 1804 3095 essent
1836 3024 1960 3113 ipsi
1995 3048 2035 3091 a
2064 3025 2295 3135 Numa,

236 3134 312 3190 ut
345 3123 538 3193 etiam
571 3125 732 3190 illud
763 3124 1058 3191 ludorum
1104 3125 1361 3212 epulare
1412 3122 1791 3190 sacrificium
1838 3121 2150 3198 facerent,

238 3217 471 3297 stituti,
527 3219 622 3284 sic
680 3217 988 3285 Socratici
1041 3241 1082 3284 a
1132 3242 1202 3285 se
1247 3239 1581 3285 causarum
1632 3226 1877 3282 actores
1930 3223 1997 3280 et
2038 3235 2079 3278 a
2128 3234 2301 3278 com-

235 3310 418 3377 muni
475 3311 914 3400 philosophiae
975 3312 1232 3379 nomine
1292 3320 1777 3400 separaverunt,
1844 3330 1989 3375 cum
2049 3316 2297 3373 veteres

239 3402 494 3470 dicendi
528 3416 594 3472 et
622 3406 1032 3495 intellegendi
1063 3403 1447 3494 [mirificam]
1480 3404 1848 3472 societatem
1881 3424 2027 3469 esse
2062 3398 2299 3466 voluis-

241 3507 405 3563 sent.
493 3520 657 3584 quae
692 3522 836 3567 cum
878 3501 971 3568 ita
1013 3501 1169 3579 sint,
1223 3500 1551 3588 paululum
1602 3499 1900 3583 equidem
1933 3497 2014 3562 de
2047 3517 2152 3561 me
2187 3494 2299 3559 de·
2332 3487 2413 3600 {ff

236 3592 546 3680 precabor
579 3605 648 3661 et
685 3606 902 3683 petam
938 3619 978 3662 a
1011 3595 1224 3674 vobis,
1274 3604 1348 3661 ut
1392 3616 1501 3673 ea,
1551 3616 1717 3679 quae
1766 3592 2001 3669 dicam,
2052 3612 2183 3655 non
2218 3588 2296 3653 de

236 3699 475 3756 memet
523 3689 694 3778 ipso,
751 3692 866 3757 sed
918 3691 998 3757 de
1049 3701 1296 3757 oratore
1349 3689 1559 3755 dicere
1609 3686 1869 3775 putetis.
1955 3707 2077 3773 ego
2131 3683 2298 3749 enim

239 3805 381 3848 sum
413 3783 503 3862 is,
557 3784 671 3869 qui
706 3806 851 3850 cum
887 3808 1134 3851 summo
1179 3784 1388 3851 studio
1432 3782 1631 3870 patris
1666 3782 1734 3846 in
1767 3778 2039 3866 pueritia
2073 3777 2297 3843 doctus

239 3897 452 3941 essem
485 3888 552 3943 et
581 3876 652 3943 in
685 3878 951 3945 forum
931 3880 1172 3967 ingenii
1224 3888 1496 3956 tautum,
1551 3877 1857 3962 quantu‘m
1896 3873 2036 3960 ipse
2074 3868 2297 3947 sentio,

238 3990 371 4034 non
405 3979 681 4051 tantum,
728 3983 1034 4059 quantum
1073 3968 1266 4059 [ipse]
1306 3970 1574 4037 forsitan
1608 3968 1790 4035 vobis
1826 3966 2074 4044 videar,
2119 3964 2299 4029 detu-

237 4062 490 4145 lissem,
543 4090 674 4135 non
725 4067 971 4157 possim
1023 4067 1231 4133 dicere
1283 4090 1386 4133 me
1438 4064 1626 4145 haec,
1688 4084 1850 4147 quae
1902 4081 2072 4127 nunc
2124 4080 2302 4126 com-
