2784 4575
469 282 594 347 142
1075 291 1153 346 M.
1187 288 1459 348 TULLII
1494 285 1897 346 CICERONIS

435 416 870 483 ‘iudicandum
907 412 1254 493 adferatur,
1301 435 1493 498 qnam
1526 412 1620 492 id,
1668 412 1841 497 quod
1880 412 2100 478 instet:
2148 434 2229 477 ex
2273 422 2523 479 contra-

463 512 574 578 riis
609 511 794 589 locis,
848 510 904 575 si
945 532 1048 575 res
1095 518 1206 575 aut
1248 528 1402 574 vera
1437 518 1548 574 aut
1588 508 1724 573 veri
1760 506 1981 573 similis
2024 506 2373 593 permittet,
2426 509 2523 572 in-

463 606 700 672 firmari
733 602 1076 692 oportebit,
1130 613 1320 687 atque
1353 601 1475 667 erit
1514 600 1982 668 observandum
2024 601 2388 687 diligenter,
2441 624 2523 668 ne

463 700 622 767 nihil
657 700 741 766 ad
773 699 870 777 id,
915 720 1040 783 quo
1077 697 1156 763 de
1192 707 1444 783 agatur,
1488 696 1801 783 pertineat
1832 696 1927 774 id,
1975 696 2145 781 quod
2178 695 2524 763 iudicatum

467 797 576 876 sit3
633 791 730 883 [et
769 795 1115 861 videndum
1150 791 1278 881 est]
1323 814 1407 858 ne
1450 814 1529 857 ea
1570 814 1673 857 res
1720 791 2106 878 proferatur,
2159 791 2227 857 in
2270 813 2399 876 qua
2442 793 2525 858 sit

467 892 810 968 offensum,
863 900 936 953 ut
988 888 1066 953 de
1117 886 1286 975 ipso,
1351 885 1461 971 qui
1511 884 1828 964 iudicarit,
1889 884 2193 951 iudicium
2242 886 2379 953 fieri
2430 886 2525 951 vi-

372 1008 424 1050 ss
469 986 718 1063 deatur3
785 980 1066 1070 [oportet
1117 990 1329 1047 autem
1381 978 1911 1067 animadvertere]
1966 1002 2076 1057 ne,
2140 1000 2285 1045 cum
2344 980 2522 1047 aliter

469 1080 598 1145 sint
629 1077 830 1143 multa
861 1076 1164 1153 iudicata,
1212 1074 1562 1141 solitarium
1598 1074 1854 1158 aliquod
1897 1084 2007 1139 aut
2038 1096 2253 1139 rarum
2284 1074 2524 1140 iudica-

469 1185 605 1237 tum
641 1170 987 1247 adfer-amn
1033 1192 1183 1235 nam
1217 1168 1316 1235 his
1349 1169 1543 1234 rebus
1580 1168 1919 1235 auctoritas
1955 1168 2213 1235 iudicati
2248 1170 2522 1237 maxime

466 1277 678 1352 potest
728 1262 1049 1330 infirmari.
1138 1273 1327 1349 atque
1377 1285 1457 1329 ea
1508 1262 1791 1347 quidem,
1845 1286 2007 1348 quae
2060 1264 2240 1349 quasi
2293 1263 2525 1351 proba-

363 1372 433 1427 45
467 1361 620 1427 bilia
655 1368 999 1437 sumentur,
1037 1358 1120 1424 ad
1153 1357 1324 1425 hunc
1356 1357 1619 1423 modum
1652 1357 1947 1444 temptari
1982 1357 2321 1445 oportebit3
2360 1380 2523 1443 quae

468 1479 618 1525 vero
663 1454 848 1521 sicuti
898 1452 1259 1519 necessaria
1302 1450 1617 1531 dicentur,
1672 1474 1749 1519 ea
1790 1453 1849 1518 si
1898 1453 2062 1519 forte
2112 1453 2527 1520 imitabuntur

467 1552 656 1618 modo
717 1548 1141 1615 necessariam
1201 1547 1813 1635 argumentationem
1874 1569 2080 1632 neque
2140 1560 2325 1615 erunt
2386 1551 2523 1617 eius

466 1645 665 1724 modi,
721 1643 814 1709 sic
845 1641 1413 1730 reprehendentur:
1464 1642 1741 1729 primum
1784 1642 2292 1729 comprehensio,
2339 1666 2522 1729 quae,

465 1752 680 1806 utrum
713 1736 1132 1815 concesseris,
1186 1736 1376 1802 debet
1412 1736 1658 1814 tollere,
1714 1736 1768 1802 si
1802 1759 1957 1803 vera
2000 1747 2123 1815 est,
2178 1760 2524 1823 numquam

464 1835 986 1922 reprehendetur3
1053 1830 1152 1897 sin
1211 1829 1404 1908 falsa,
1479 1830 1726 1897 duobus
1788 1830 2025 1909 modis,
2088 1842 2197 1896 aut
2260 1853 2525 1899 conver-

469 1930 646 1995 sione
689 1938 798 1994 aut
849 1915 1108 1992 alterius
1157 1924 1354 2010 partis
1407 1924 1827 1991 infirmatione
1881 1922 2352 2015 [conversione]
2401 1928 2523 1995 hoc

466 2021 688 2089 modo.

595 2138 745 2181 nam
777 2114 837 2179 si
869 2124 1139 2191 veretur,
1177 2112 1329 2199 quid
1355 2136 1503 2179 eum
1531 2136 1813 2193 accuseS,
1852 2114 1961 2199 qui
1996 2124 2095 2181 est
2126 2116 2403 2203 probus?

599 2208 698 2275 sin
731 2208 1227 2274 inverecundum
1263 2208 1455 2274 animi
1488 2208 1817 2297 ingenium
1848 2208 2153 2296 possidet,

597 2303 749 2389 quid
784 2313 998 2370 autem
1031 2325 1314 2382 accuses,
1352 2303 1462 2388 qui
1496 2303 1564 2369 id
1596 2304 1779 2391 parvi
1816 2304 2034 2370 auditu
2071 2304 2395 2371 aestimet?

469 2399 599 2479 hic,
655 2399 791 2465 sive
842 2399 1046 2465 vereri
1101 2399 1334 2466 dixeris
1390 2399 1526 2465 sive
1581 2421 1710 2465 non
1763 2399 1995 2478 vereri,
2050 2400 2527 2465 concedendum

465 2494 591 2560 hoc
623 2504 832 2581 putat,
877 2505 950 2558 nt
983 2517 1180 2582 neges
1218 2517 1362 2560 esse
1400 2494 1859 2573 accusandum3
1906 2494 2079 2579 quod
2112 2494 2524 2561 conversione

469 2589 562 2654 sic
611 2589 1106 2676 reprehendetur
1159 2588 1379 2656 ‘immo
1435 2611 1587 2655 vero
1640 2590 2037 2656 accusandus
2088 2600 2217 2668 est,
2276 2612 2423 2654 nam
2470 2589 2524 2655 si

467 2694 746 2761 veretur,
795 2703 1086 2762 accuses3
1130 2706 1260 2749 non
1303 2683 1473 2750 enim
1514 2683 1698 2772 parvi
1734 2683 1952 2750 auditu
1996 2683 2379 2763 aestimabit3
2427 2684 2526 2749 sin

466 2777 962 2843 inverecundum
1004 2777 1197 2844 animi
1239 2777 1568 2866 ingenium
1610 2778 1928 2866 possidet,
1984 2789 2196 2844 tamen
2232 2799 2523 2854 accuses,

373 2895 427 2936 84
466 2895 598 2937 non
632 2870 801 2938 enim
834 2871 1073 2957 probus
1109 2871 1267 2950 est3'
1313 2873 1571 2938 alterius
1618 2884 1831 2939 autem
1864 2873 2062 2958 partis
2107 2872 2525 2938 infirmatione

469 2966 590 3030 hoc
623 2963 814 3029 modo
848 2963 1440 3051 reprehendetur:‘
1450 2989 1676 3032 verum
1708 2966 1764 3031 si
1797 2974 2076 3042 veretur,
2126 2967 2525 3032 accusatione

469 3070 579 3123 tua
613 3069 929 3124 correctus
959 3059 1040 3124 ab
1066 3070 1272 3128 errato
1298 3060 1593 3126 recedet.'
1666 3057 2053 3124 enumeratio
2080 3055 2309 3121 vitiosa
2341 3058 2527 3122 intel-

467 3151 727 3238 legitur,
783 3152 838 3218 si
873 3163 982 3219 aut
1014 3154 1424 3240 praeteritum
1468 3152 1768 3237 quiddam
1804 3149 2069 3215 dicimus
2082 3198 2099 3227 ,
2155 3150 2327 3233 quod
2370 3151 2527 3217 veli-

467 3269 610 3312 mus
647 3247 1013 3328 concedere,
1053 3261 1162 3315 aut
1193 3249 1514 3314 infirmum
1542 3245 1779 3330 aliquid
1814 3245 2315 3326 adnumeratum,
2353 3248 2527 3332 quod

471 3353 581 3406 aut
631 3353 851 3409 contra
911 3343 1036 3410 dici
1094 3345 1299 3433 possit
1359 3353 1468 3406 aut
1520 3361 1713 3404 causa
1772 3362 1902 3405 non
1955 3339 2037 3405 sit
2098 3362 2225 3425 qua
2274 3364 2345 3408 re
2397 3363 2526 3408 non

470 3436 735 3503 honeste
793 3438 1112 3525 possimus
1175 3436 1541 3502 concedere.
1660 3433 2038 3520 praeteritur
2099 3437 2400 3520 quiddam
2458 3437 2525 3501 in

470 3530 604 3596 eius
632 3529 805 3596 modi
833 3528 1439 3598 enumerationibus:
1470 3527 1797 3612 ‘quoniam
1823 3527 2021 3595 habes
2049 3530 2244 3597 istum
2270 3553 2521 3614 equum,

471 3635 580 3690 aut
623 3625 850 3692 emeris
897 3634 1144 3713 oportet
1187 3633 1296 3687 aut
1338 3621 1688 3690 hereditate
1730 3623 2063 3712 possideas
2111 3637 2219 3691 aut
2261 3645 2521 3688 munere

472 3720 790 3806 acceperis
828 3730 938 3785 aut
971 3717 1142 3783 domi
1178 3716 1292 3783 tibi
1326 3729 1515 3783 natus
1554 3717 1635 3784 sit
1678 3730 1815 3799 aut,
1862 3719 1918 3785 si
1952 3720 2178 3785 horum
2211 3716 2367 3780 nihil
2401 3726 2521 3794 est,

473 3813 847 3900 surripueris
900 3832 1164 3878 necesse
1217 3822 1343 3878 est:
1400 3813 1515 3880 sed
1564 3834 1770 3899 neque
1824 3813 2035 3880 emisti
2084 3833 2289 3895 neque
2341 3810 2524 3877 here-

472 3907 667 3973 ditate
718 3905 893 3972 venit
941 3926 1146 3989 neque
1200 3908 1471 3975 donatus
1526 3920 1626 3975 est
1678 3929 1884 3994 neque
1938 3907 2108 3974 domi
2151 3916 2337 3972 natus
2392 3917 2521 3984 est3

376 4024 428 4065 85
470 4021 735 4066 necesse
777 4010 878 4064 est
917 4022 1071 4086 ergo
1125 4003 1519 4092 surripueris.
1522 4004 1540 4033 ’
1630 4004 1751 4071 hoc
1803 4003 2131 4069 commode
2182 3999 2522 4090 reprehen-

472 4094 674 4172 detur,
711 4090 768 4158 si
803 4091 926 4158 dici
958 4096 1164 4181 possit
1199 4120 1280 4164 ex
1314 4099 1602 4168 hostibus
1640 4121 1842 4184 equus
1879 4119 2023 4164 esse
2058 4107 2302 4186 captus,
2340 4095 2519 4162 cuius
