2784 4575
918 250 1236 308 ORATOR
1271 251 1514 314 25—33.
2038 234 2041 239 “
2114 238 2247 306 283

183 376 416 444 dicere.
505 385 742 454 errant,
781 375 953 460 quod
987 374 1221 455 solum3
1259 374 1431 460 quod
1462 373 1709 453 Attice,
1745 396 1877 439 non
1910 372 2243 442 falluntur:
2268 401 2329 443 29

185 472 453 541 istorum
487 469 657 536 enim
689 469 952 549 iudicio,
997 469 1054 535 si
1089 469 1294 536 solum
1327 468 1487 533 illud
1520 478 1621 534 est
1652 467 1971 547 Atticum,
2006 491 2089 534 ne
2122 469 2249 534 Pe-

183 566 372 630 ricles
419 563 674 649 quidem
718 563 877 629 dixit
909 563 1158 643 Attice,
1213 562 1316 628 cui
1357 563 1601 650 primae
1638 562 1773 628 sine
1819 563 2249 629 controversia

185 659 636 724 deferebantur
643 682 664 736 3
718 657 828 742 qui
864 657 920 723 si
954 656 1130 723 tenui
1163 679 1397 744 genere
1431 666 1741 735 uteretur,
1784 677 2130 741 numquam
2164 657 2252 722 ab

183 751 623 839 Aristophane
657 757 849 838 poeta
882 747 1159 838 fulgere,
1196 761 1447 830 tonare,
1488 750 1872 838 permiscere
1910 749 2250 817 Graeciam

187 847 395 912 dictus
423 856 614 912 esset.
671 845 840 911 dicat
863 845 1058 932 igitur
1083 844 1304 912 Attice
1329 843 1819 911 venustissimus
1845 843 1953 910 ille
1980 843 2253 931 scriptor

185 963 264 1006 ac
295 939 712 1028 politissimus
746 939 1007 1025 Lysias,
1044 939 1186 1023 quis
1225 939 1392 1004 enim
1428 938 1496 1004 id
1527 938 1734 1025 possit
1765 939 2041 1024 negare?
2094 939 2247 1002 dum

183 1035 630 1122 intellegamus
665 1033 788 1100 hoc
823 1055 966 1098 esse
992 1033 1283 1098 Atticum
1314 1033 1382 1097 in
1408 1033 1633 1118 Lysia,
1668 1055 1799 1098 non
1834 1032 2005 1117 quod
2038 1031 2251 1098 tenuis

187 1129 272 1194 sit
307 1138 496 1212 atque
549 1127 907 1205 inornatus,
963 1126 1088 1192 sed·
1113 1127 1284 1211 quod
1329 1125 1487 1192 nihil
1529 1125 1763 1192 habeat
1810 1126 2093 1192 insolens
2140 1138 2249 1190 aut

181 1222 498 1308 ineptum3
554 1231 773 1286 ornate
825 1242 977 1286 vero
1023 1233 1088 1287 et
1131 1220 1411 1307 graviter
1452 1231 1519 1286 et
1570 1220 1825 1306 copiose
1878 1219 2085 1285 dicere
2140 1231 2249 1284 aut

179 1317 548 1382 Atticorum
603 1315 685 1380 sit
739 1325 848 1380 aut
897 1337 979 1380 ne
1033 1314 1116 1380 sit
1157 1313 1522 1380 Aeschines
1562 1336 1726 1379 neve
1770 1313 2245 1380 Demosthenes

183 1409 465 1474 Atticus.
536 1430 682 1475 ecce
719 1419 931 1473 autem
967 1408 1162 1492 aliqui
1197 1431 1268 1474 se
1295 1407 1732 1492 Thucydidios
1768 1431 1912 1473 esse
1944 1407 2246 1494 profiten-
2272 1434 2333 1474 so

183 1515 317 1581 tur,
361 1525 599 1568 novum
635 1502 954 1587 quoddam
990 1498 1481 1588 [imperitorum]
1523 1512 1588 1566 et
1619 1502 1972 1568 inauditum
2007 1524 2211 1588 genus
2224 1497 2252 1578 ξ

183 1619 336 1663 nam
388 1597 497 1680 qui
557 1596 830 1682 Lysiam
886 1607 1259 1680 sequuntur,
1323 1596 1714 1670 causidicum
1769 1597 2086 1681 quendam
2141 1618 2243 1660 se-

185 1700 484 1774 quuntur,
519 1712 649 1755 non
683 1689 861 1754 illum
896 1691 1153 1774 quidem
1189 1690 1469 1776 amplum
1506 1702 1695 1774 atque
1731 1690 2057 1776 grandem,
2097 1689 2248 1752 sub-

173 1778 362 1849 ¹tilem
416 1796 481 1850 et
531 1785 892 1872 elegantem
952 1798 1166 1851 tamen
1217 1796 1284 1850 et
1335 1786 1446 1870 qui
1496 1785 1563 1850 in
1614 1785 1973 1851 forensibus
2036 1783 2250 1850 causis

181 1877 391 1964 possit
425 1878 747 1964 praeclare
783 1879 1157 1958 consistere3
1195 1879 1607 1964 Thucydides
1644 1889 1856 1944 autem
1888 1901 1993 1944 res
2029 1890 2250 1965 gestas

185 1981 250 2036 et
292 1971 461 2036 bella
511 1983 727 2037 narrat
777 1983 844 2038 et
890 1974 1161 2060 proelia,
1215 1974 1495 2062 graviter
1546 1995 1701 2038 sane
1746 1983 1811 2038 et
1849 1974 2082 2059 probe,
2134 1973 2251 2037 sed

182 2065 342 2130 nihil
378 2067 462 2130 ab
496 2087 573 2132 eo
611 2067 941 2132 transferri
982 2079 1195 2154 potest
1230 2068 1312 2132 ad
1347 2068 1668 2133 forensem
1710 2089 1901 2132 usum
1936 2077 2003 2132 et
2040 2066 2251 2153 publi-

185 2181 358 2225 cum:
413 2159 592 2247 ipsae
640 2161 787 2226 illae
842 2161 1170 2228 contiones
1222 2161 1314 2228 ita
1363 2162 1597 2226 multas
1651 2160 1890 2226 habent
1942 2162 2247 2228 obscuras

183 2253 559 2338 abditasque
605 2255 981 2335 sententias,
1036 2256 1146 2321 vix
1189 2266 1261 2321 ut
1301 2255 1751 2343 intellegantur
1760 2279 1778 2334 3
1833 2253 2007 2339 quod
2048 2265 2149 2321 est
2180 2253 2249 2319 in

185 2346 468 2412 oratione
506 2348 676 2412 civili
719 2350 943 2414 vitium
978 2350 1082 2417 vel
1125 2350 1494 2415 maximum.
1583 2371 1747 2434 quae
1792 2360 1893 2415 est
1935 2359 2147 2413 autem
2180 2348 2248 2412 in
2273 2372 2325 2411 31
2365 2363 2371 2368 ·

184 2438 547 2505 hominibus
584 2450 762 2506 tanta
793 2442 1209 2527 perversitas,
1255 2454 1326 2506 ut
1361 2442 1637 2507 inventis
1684 2441 1977 2529 frugibus
2014 2441 2247 2527 glande

184 2534 564 2598 vescantur?
600 2556 700 2598 -an
751 2534 956 2599 victus
1010 2534 1337 2600 hominum
1387 2534 1883 2601 Atheniensium
1933 2533 2247 2600 beneficio

185 2627 390 2691 excoli
449 2626 686 2713 potuit,
750 2626 952 2692 oratio
1003 2650 1132 2693 non
1193 2628 1435 2715 potuit?
1496 2628 1637 2712 quis
1695 2651 1887 2716 porro
1946 2648 2249 2711 umquam

190 2720 584 2789 Graecorum
625 2720 952 2787 rhetorum
997 2744 1036 2786 a
1069 2721 1449 2809 Thucydide
1504 2722 1841 2807 quicquam
1885 2721 2101 2787 duxit?
2154 2727 2251 2786 ‘at

185 2814 482 2880 laudatus
531 2825 631 2881 est
674 2816 755 2879 ab
799 2815 1136 2882 omnibus.’
1224 2818 1431 2883 fateor
1438 2842 1459 2896 3
1508 2817 1623 2882 sed
1656 2816 1747 2883 ita
1778 2826 1852 2881 ut
1892 2838 2104 2881 rerum
2138 2838 2250 2880 ex-

182 2908 452 2995 plicator
485 2909 786 2994 prudens,
825 2931 1106 2988 severus,
1143 2911 1385 2996 gravis3
1428 2908 1586 2997 [non
1620 2920 1692 2975 ut
1722 2910 1791 2974 in
1823 2908 2071 2975 iudiciis
2106 2932 2250 2975 ver-

187 3012 357 3067 saret
401 3024 658 3082 causas,
723 3002 839 3068 sed
882 3014 956 3067 ut
997 3004 1065 3069 in
1107 3004 1386 3071 historiis
1423 3004 1593 3070 bella
1635 3014 1947 3081 narraret,
2001 3001 2247 3089 itaque]

181 3118 529 3182 numquam
566 3108 666 3163 est
697 3109 1066 3164 numeratus
1113 3109 1354 3177 orator3
1408 3120 1529 3165 nec
1572 3122 1724 3165 vero
1734 3147 1755 3177 ,
1816 3097 1872 3163 si
1915 3096 2244 3163 historiam
2271 3120 2330 3159 32

182 3212 315 3255 non
369 3192 758 3279 scripsisset,
820 3216 1055 3259 nomen
1109 3193 1245 3259 eius
1300 3202 1607 3272 exstaret,
1672 3214 1817 3257 cum
1874 3190 2249 3279 praesertim

182 3284 432 3349 fuisset:
467 3284 813 3353 honoratus
860 3298 925 3353 et
975 3288 1229 3355 nobilis.
1317 3287 1507 3353 huius
1562 3297 1777 3353 tamen
1809 3307 1997 3351 nemo
2040 3306 2249 3369 neque

183 3378 521 3443 verborum
566 3402 773 3464 neque
820 3382 1274 3447 sententiarum
1319 3382 1701 3469 gravitatem
1749 3380 2058 3458 imitatur3
2111 3379 2249 3456 sed,

185 3485 330 3537 cum
366 3470 589 3537 mutila
623 3475 937 3557 quaedam
971 3485 1037 3539 et
1069 3474 1311 3541 hiantia
1343 3475 1539 3541 locuti
1566 3487 1733 3553 sunt,
1771 3496 1935 3559 quae
1970 3473 2076 3539 vel
2110 3472 2250 3538 sine

182 3562 490 3651 magistro
550 3566 762 3631 facere
833 3578 1202 3653 potuerunt,
1275 3590 1613 3654 germanos
1678 3591 1748 3634 se
1814 3578 2045 3655 putant
2100 3589 2249 3633 esse

183 3658 624 3745 Thucydidas.
711 3671 936 3736 nactus
975 3684 1118 3727 sum
1161 3660 1382 3740 etiam,
1439 3662 1548 3746 qui
1582 3661 2037 3748 Xenophontis
2074 3660 2248 3726 simi-

185 3753 314 3819 lem
351 3774 494 3819 esse
533 3776 603 3820 se
641 3766 927 3842 cuperet,
983 3755 1164 3822 cuius
1203 3778 1413 3822 sermo
1464 3767 1565 3821 est
1606 3756 1713 3821 ille
1766 3755 2024 3841 quidem
2058 3754 2247 3821 melle

188 3846 462 3925 dulcior,
500 3847 620 3914 sed
655 3872 694 3913 a
726 3848 968 3915 forensi
1003 3850 1270 3937 strepitu
1303 3849 1787 3915 remotissimus.
2161 3878 2165 3882 ⁴

305 3939 688 4007 Refer-amus
741 3965 861 4008 nos
912 3942 1106 4029 igitur
1157 3944 1242 4009 ad
1295 3967 1470 4022 eum,
1534 3966 1721 4029 quem
1773 3944 2094 4021 volumus,
2146 3941 2243 4007 in-
2273 3964 2330 4004 33

191 4032 554 4101 choandum
589 4047 654 4101 et
687 4059 767 4101 ea
802 4036 1060 4123 quidem
1105 4036 1465 4124 eloquentia
1504 4038 1999 4117 informandum,
2053 4058 2244 4121 quam
