2784 4575
455 226 544 292 24
951 235 1370 291 CORNIFICII
1404 234 2023 295 RHETORIOORUM

452 372 642 443 atque
675 360 860 437 illud,
917 360 1088 443 quod
1119 382 1268 423 reus
1305 357 1665 443 suscepisse
1702 358 1972 437 dicatur3
2028 360 2286 438 deinde,
2326 384 2519 447 opor-

453 454 722 518 tueritne
771 452 842 517 in
895 475 972 517 ea
1019 474 1093 517 re
1141 470 1435 539 peccare,
1498 452 1567 515 in
1618 474 1745 534 qua
1798 452 1958 519 alius
2012 464 2159 518 ante
2210 456 2510 539 peccarit,

453 547 709 625 deinde,
775 546 1204 633 oportueritne
1251 544 1559 610 iudicium
1618 557 1763 610 ante
1814 547 1980 623 fiet-13
2044 547 2300 626 deinde,
2366 568 2514 613 cum

453 642 692 706 factum
742 641 1044 707 iudicium
1085 662 1216 705 non
1261 639 1344 703 sit
1389 638 1471 703 de
1504 638 1612 703 illo
1657 639 1945 717 crimine,
2001 642 2173 725 quod
2204 642 2273 705 in
2314 642 2510 706 alium

453 737 893 813 transferatur,
931 743 1298 821 oporteatne
1335 733 1417 801 de
1454 755 1532 797 ea
1562 754 1633 797 re
1667 733 1970 798 iudicium
2002 735 2168 813 ficri,
2206 757 2369 819 quae
2402 760 2509 801 res

449 830 520 895 in
572 830 874 895 iudicium
915 851 1056 893 non
1107 826 1370 893 venerit.
1477 827 1655 893 locus
1710 828 2060 893 communis
2120 831 2508 895 accusatoris

451 936 672 989 contra
721 946 896 999 eum,
951 921 1060 1005 qui
1099 921 1245 1006 plus
1301 930 1560 985 censeat
1611 920 1742 985 vim
1784 942 1977 1004 quam
2021 921 2255 986 iudicia
2297 922 2511 988 valere

451 1030 769 1105 oportere,
843 1027 908 1081 et
968 1016 1050 1079 ab
1105 1016 1483 1080 adversariis
1544 1016 2056 1102 percontabitur,
2118 1014 2505 1105 [accusator]

451 1110 603 1193 quid
647 1111 930 1174 futurum
976 1110 1086 1187 sit,
1144 1110 1200 1173 si
1241 1110 1412 1174 idem
1464 1110 1657 1174 ceteri
1698 1108 1961 1187 faciant,
2018 1122 2091 1174 ut
2142 1112 2220 1175 de
2264 1109 2511 1179 indem-

447 1204 614 1267 natis
671 1204 982 1289 supplicia
1033 1215 1314 1281 sumant,
1371 1204 1543 1286 quod
1594 1226 1707 1267 eos
1759 1203 1930 1267 idem
1980 1203 2212 1275 fecisse
2264 1204 2507 1271 dicant:

451 1298 602 1382 quid
652 1298 709 1363 si
743 1299 882 1383 ipse
921 1296 1306 1385 [accusator]
1345 1298 1517 1362 idem
1552 1298 1762 1363 facere
1807 1298 2149 1363 voluisset?
2212 1298 2510 1365 defensor

451 1404 680 1459 eorum'
701 1394 948 1479 peccati
975 1393 1370 1461 sancitatem
1404 1390 1702 1478 proferet,
1740 1392 1807 1459 in
1842 1414 2003 1475 quos
2032 1392 2268 1457 crimen
2302 1404 2511 1459 traus-

449 1489 612 1553 feret
619 1512 638 1565 ;
675 1508 838 1565 rem,
875 1487 1115 1564 locum,
1162 1498 1413 1572 tempus
1452 1497 1599 1551 ante
1634 1486 1851 1551 oculos
1886 1498 2109 1572 ponet,
2162 1498 2234 1551 ut
2266 1486 2353 1564 ei,
2398 1488 2510 1571 qui

452 1582 735 1658 audient,
791 1580 1182 1659 existiment,
1237 1591 1349 1645 aut
1390 1603 1518 1648 non
1561 1579 1849 1666 potuisse
1894 1592 2003 1644 aut
2044 1580 2267 1645 inutile
2306 1581 2509 1647 fuisse

348 1674 416 1727 16
449 1698 585 1741 rem
617 1676 686 1739 in
718 1674 1021 1739 iudicium
1066 1674 1302 1739 venire.
1396 1674 1722 1739 concessio
1768 1684 1893 1753 est,
1939 1696 2054 1761 per
2098 1697 2290 1758 quam
2322 1675 2507 1741 nobis

355 1746 468 1785 23.

352 3110 405 3150 24

450 1768 695 1857 1gnosci
737 1768 1154 1854 postulamus.
1245 1790 1323 1833 ea
1358 1768 1657 1831 dividitur
1702 1768 1771 1831 in
1810 1768 2254 1855 purgationem
2298 1779 2364 1832 et
2399 1769 2509 1835 de·

448 1861 893 1949 precationem.
981 1860 1274 1947 purgatio
1311 1872 1431 1937 est,
1468 1881 1613 1924 cum
1650 1862 1936 1927 consulto
1972 1885 2015 1925 a
2046 1861 2231 1927 nobis
2268 1863 2507 1926 factum

449 1978 778 2042 negamus.
868 1977 946 2019 ea
979 1953 1281 2019 dividitur
1313 1954 1382 2017 in
1416 1954 1978 2032 necessitudinem,
2017 1956 2355 2033 fortunam,
2390 1956 2511 2021 im-

447 2048 867 2137 prudentiam.
960 2044 1070 2133 [de
1105 2046 1205 2112 his
1239 2048 1529 2133 partibus
1562 2047 1838 2133 primum
1882 2049 2345 2113 ostendendum
2378 2059 2505 2126 est3

451 2144 678 2207 deinde
715 2143 797 2208 ad
832 2141 1342 2229 deprecationem
1373 2143 1821 2207 revertendum
1854 2140 2151 2228 videtur]
2234 2143 2508 2229 primum

450 2236 980 2302 considerandum
1015 2246 1132 2314 est,
1167 2258 1322 2300 num
1357 2234 1545 2321 culpa
1579 2245 1840 2300 ventum
1876 2235 1959 2300 sit
1990 2235 2059 2300 in
2092 2234 2509 2302 necessitudi-

449 2353 596 2396 nem
629 2329 812 2416 [num
839 2331 1028 2416 culpa
1061 2329 1356 2394 veniendi
1390 2330 1927 2395 necessitudinem
1962 2328 2243 2417 fecerit];
2280 2329 2508 2406 deinde

450 2425 900 2508 quaerendum,
937 2446 1139 2508 ecquo
1165 2424 1356 2491 modo
1391 2425 1490 2489 vis
1516 2423 1626 2488 illa
1652 2422 1837 2488 vitari
1862 2423 2139 2508 potuerit
2174 2445 2249 2490 ac
2281 2424 2505 2501 levari3

451 2518 678 2584 deinde
721 2519 807 2596 is,
863 2518 973 2603 qui
1014 2519 1082 2583 in
1135 2517 1671 2584 necessitudinem
1723 2539 1982 2582 causam
2032 2517 2345 2594 conferet,
2396 2541 2507 2582 ex-

447 2625 749 2699 pertusne
796 2614 906 2691 sit,
961 2613 1115 2698 quid
1159 2624 1380 2680 contra
1432 2613 1643 2678 facere
1691 2623 1801 2678 aut
1844 2612 2205 2699 excogitare
2256 2621 2506 2699 posset3

449 2706 696 2785 deinde,
733 2731 888 2773 num
913 2731 1078 2792 quae
1107 2709 1491 2796 suspitiones
1521 2730 1604 2772 ex
1630 2707 2037 2774 coniecturali
2063 2706 2507 2773 constitutione

447 2801 614 2865 trahi
656 2802 936 2886 possint,
993 2825 1156 2886 quae
1212 2802 1573 2890 significent
1616 2801 1684 2866 id
1728 2802 2015 2866 consulto
2061 2801 2299 2865 factum
2342 2821 2505 2877 esse,

449 2895 619 2976 quod
681 2897 1041 2960 necessario
1106 2895 1413 2960 cecidisse
1477 2894 1731 2970 dicitur3
1796 2895 2053 2970 deinde,
2119 2893 2173 2957 si
2232 2891 2507 2957 maxime

445 2986 850 3052 necessitudo
887 2989 1221 3073 quaepiam
1263 2988 1484 3063 fuerit,
1532 2986 1948 3052 conveniatne
1996 3008 2138 3050 eam
2184 2986 2335 3050 satis
2370 2985 2509 3049 ido-

445 3103 633 3144 neam
673 3080 902 3164 putari.
993 3082 1047 3145 si
1096 3078 1364 3166 [autem]
1416 3079 1841 3164 imprudentia
1882 3103 2029 3143 reus
2086 3101 2153 3143 se
2205 3100 2507 3166 peccasse

447 3173 640 3250 dicet,
685 3173 958 3258 primum
1005 3184 1368 3257 quaeretur,
1414 3184 1629 3238 utrum
1674 3173 1950 3259 potuerit
1982 3173 2225 3238 nescire
2262 3196 2346 3237 an
2378 3196 2508 3239 non

443 3266 720 3354 potuerit
728 3291 747 3344 3
801 3267 1058 3344 deinde,
1113 3278 1326 3330 utrum
1369 3267 1523 3331 data
1566 3267 1651 3332 sit
1693 3289 1914 3352 opera,
1967 3277 2040 3330 ut
2078 3265 2369 3344 sciretur,
2426 3290 2507 3332 an

445 3383 600 3438 non3
647 3360 903 3438 deinde,
947 3372 1162 3428 utrum
1199 3382 1354 3426 casu
1387 3361 1687 3426 nescierit
1722 3384 1803 3424 an
1838 3362 2025 3448 culpa
2035 3387 2053 3440 3
2107 3385 2259 3428 nam
2293 3360 2402 3446 qui
2438 3385 2507 3428 se
2574 3420 2581 3424 .

443 3465 702 3542 propter
735 3455 953 3522 vinum
989 3466 1101 3520 aut
1135 3478 1417 3521 amorem
1454 3467 1565 3521 aut
1606 3456 1999 3522 iracundiam
2033 3457 2281 3544 fugisse
2316 3456 2507 3521 ratio-

445 3571 594 3613 nem
627 3549 821 3627 dicet,
853 3549 924 3614 is
962 3549 1156 3614 animi
1191 3548 1344 3615 vitio
1385 3549 1703 3616 videbitur
1746 3550 2060 3628 nescisse,
2106 3573 2236 3617 non
2269 3550 2507 3636 impru-

444 3645 685 3723 dentia3
739 3667 870 3729 qua
908 3668 979 3710 re
1022 3669 1152 3710 non
1195 3645 1623 3732 imprudentia
1668 3669 1737 3712 se
1784 3645 2109 3724 defendet,
2171 3646 2287 3712 sed
2320 3644 2505 3730 culpa

445 3739 913 3804 contaminabit.
1005 3741 1234 3806 deinde
1289 3741 1697 3806 coniecturali
1748 3741 2197 3807 constitutione
2242 3759 2504 3822 quaere-

445 3843 564 3908 tur,
601 3843 814 3898 utrum
843 3834 1054 3900 scierit
1082 3859 1164 3900 an
1187 3835 1597 3922 ignoraverit,
1622 3846 1690 3901 et
1715 3834 2235 3911 considerabitur,
2254 3830 2531 3910 ,sati-sne*

443 3925 512 3989 in
552 3927 976 4013 imprudentia
1025 3930 1326 4017 praesidii
1371 3931 1603 3996 debeat
1655 3953 1828 4008 esse,
1884 3951 2030 3992 cum
2074 3927 2313 3992 factum
2358 3949 2501 3992 esse

446 4031 710 4087 constet.
819 4046 963 4090 cum
1013 4025 1080 4090 in
1140 4025 1462 4092 fortunam
1521 4047 1717 4090 causa
1778 4022 2138 4089 conferetur
2190 4032 2256 4086 et
2306 4044 2383 4086 ea
2432 4043 2501 4085 re
