2784 4575
829 241 832 246 ’
866 273 970 328 DE
1009 270 1372 328 ORATORE
1410 273 1513 327 111.
1550 273 1821 330 93—101.
2250 263 2375 328 165

314 395 488 483 quod
539 389 670 463 non
725 396 932 461 solum
984 395 1280 473 delectet,
1335 395 1452 461 sed
1504 395 1695 461 etiam
1748 395 1885 462 sine
1931 395 2219 464 satietate
2264 399 2375 464 de·-

312 493 533 570 lectet3
586 513 717 556 non
752 489 924 556 enim
958 512 996 554 a
1029 511 1132 554 me
1165 489 1294 556 iam
1329 489 1687 578 exspect-ari
1717 500 1901 576 puto,
1953 501 2027 558 ut
2060 515 2371 571 moneam,

313 599 387 665 ut
440 585 746 664 caveatis,
797 606 881 650 ne
937 584 1146 663 exilis,
1198 607 1280 650 ne
1331 583 1571 649 inculta
1613 584 1697 650 sit
1746 595 1963 650 vestra
2010 587 2237 666 oratio,
2291 609 2373 653 ne
2459 616 2461 618 ’

317 681 627 769 volgaris,
681 701 764 744 ne
815 677 1132 758 obsoleta3
1187 677 1357 743 aliud
1402 678 1703 762 quiddam
1754 678 1959 744 maius
2011 690 2076 746 et
2115 679 2372 768 ingenia

316 797 421 841 me
455 775 786 843 hortantur
818 781 1034 839 vestra
1067 783 1132 837 et
1166 780 1427 838 aetates.
1517 769 1773 838 difficile
1826 773 1995 838 enim
2045 773 2217 839 dictu
2252 785 2368 854 est,

315 890 635 954 quaenam
669 889 864 933 causa
898 867 1006 945 sit,
1045 887 1157 930 cur
1192 885 1296 944 ea,
1353 886 1517 950 quae
1550 867 1825 933 maxime
1862 890 2087 933 sensus
2121 880 2373 936 nostros

314 963 650 1050 impellunt
681 961 1007 1048 voluptate
1043 973 1108 1026 et
1141 960 1353 1047 specie
1386 961 1597 1047 prima
1620 961 1920 1026 acerrime
1956 975 2371 1042 commovent,

321 1060 405 1124 ab
447 1057 542 1123 eis
597 1055 919 1144 celerrime
971 1055 1230 1120 fastidio
1283 1055 1560 1139 quodam
1612 1067 1677 1120 et
1720 1055 2008 1121 satietate
2060 1057 2375 1123 abaliene-

320 1173 483 1217 mur.
573 1158 805 1236 quanto
842 1150 1124 1215 colorum
1157 1148 1580 1236 pulcritudine
1614 1159 1681 1215 et
1714 1149 2017 1216 varietate
2056 1148 2377 1217 floridiora

321 1256 471 1312 sunt
501 1245 570 1309 in
602 1244 864 1332 picturis
908 1242 1093 1309 novis
1135 1243 1439 1330 pleraque
1486 1265 1675 1329 quam
1709 1243 1776 1308 in
1810 1243 2157 1310 veteribus!
2213 1267 2375 1330 quae

315 1353 563 1418 tamen,
619 1337 868 1404 etiamsi
898 1337 1104 1424 primo
1141 1347 1405 1424 aspectu
1439 1359 1557 1402 nos
1594 1349 1921 1424 ceperunt,
1976 1337 2210 1404 diutius
2246 1361 2377 1406 non

323 1432 666 1510 delectant3
723 1451 868 1496 cum
922 1430 1129 1496 eidem
1179 1453 1298 1496 nos
1344 1431 1412 1495 in
1468 1430 1741 1524 antiquis
1795 1431 2027 1497 tabulis
2078 1432 2252 1498 illo
2232 1457 2377 1520 ipso

321 1525 576 1593 horrido
612 1525 1025 1609 obsoletoque
1062 1535 1408 1591 teneamur.
1498 1535 1732 1610 quanto
1774 1525 2092 1592 molliores
2130 1538 2279 1592 sunt
2313 1539 2379 1594 et

318 1621 718 1688 delicatiores
769 1620 838 1684 in
891 1629 1082 1684 cantu
1133 1619 1439 1686 flexiones
1493 1629 1559 1684 et
1607 1619 1807 1685 falsae
1866 1621 2132 1686 voculae
2184 1643 2377 1706 quam

321 1725 530 1780 certae
565 1716 630 1780 e't
665 1713 952 1780 severae!
1007 1714 1236 1798 quibus
1272 1723 1487 1778 tamen
1529 1736 1658 1779 non
1692 1714 1883 1781 modo
1920 1715 2181 1792 austeri,
2241 1717 2373 1794 sed,

309 1808 380 1874 si
417 1807 668 1895 saepius
701 1808 892 1886 flunt,
945 1807 1282 1873 multitudo
1333 1807 1497 1895 ipsa,
1528 1807 1847 1873 reclamat.
1936 1807 2085 1873 licet
2126 1808 2249 1874 hoc
2282 1809 2377 1874 vi·-

321 1903 472 1968 dere
504 1903 573 1968 in
605 1902 866 1986 reliquis
921 1902 1248 1980 sensibuS,
1301 1903 1643 1988 unguentis
1696 1903 1906 1966 minus
1964 1901 2072 1967 diu
2104 1926 2223 1969 nos
2268 1904 2378 1969 de-

317 1997 540 2065 lectari
595 2019 842 2062 summa
895 2007 959 2061 et
1009 1996 1316 2062 acerrima
1367 1996 1677 2062 suavitate
1731 1993 1997 2062 conditis
2036 1991 2226 2080 quam
2277 1997 2376 2063 his

319 2090 682 2168 moderatis,
719 2101 784 2156 et
817 2091 1022 2176 magis
1057 2089 1302 2154 laudari
1338 2091 1509 2174 quod
1544 2101 1773 2156 terram
1810 2110 1999 2174 quam
2036 2091 2206 2175 quod
2240 2111 2379 2156 cro-

321 2207 469 2250 cum
507 2207 729 2271 sapere
765 2185 1055 2250 videatur
1063 2208 1082 2263 3
1117 2184 1186 2248 in
1219 2183 1360 2271 ipso
1398 2194 1571 2250 tactu
1598 2205 1743 2250 esse
1778 2184 2039 2250 modum
2074 2195 2139 2250 et
2171 2185 2377 2250 molli-

323 2277 560 2344 tudinis
597 2289 662 2343 et
701 2277 977 2344 levitatis
987 2304 1007 2357 ς
1063 2278 1217 2363 quin
1252 2278 1445 2345 etiam
1487 2290 1809 2367 gustatus,
1864 2279 1972 2363 qui
2017 2290 2115 2345 est
2151 2302 2376 2345 sensus

325 2394 408 2437 ex
444 2370 738 2439 omnibus
770 2372 1044 2437 maxime
1079 2372 1471 2459 voluptarius
1508 2374 1741 2457 quique
1778 2373 2163 2437 dulcitudine
2195 2394 2379 2459 prae-

323 2478 422 2532 ter
455 2476 697 2533 ceteros
735 2486 958 2532 sensus
996 2478 1445 2545 commovetur,
1483 2488 1675 2549 quam
1708 2466 1831 2531 cito
1866 2466 1951 2543 id,
1988 2466 2160 2549 quod
2193 2466 2379 2530 valde

323 2560 509 2625 dulce
563 2570 689 2637 est,
745 2570 1118 2647 aspernatur
1171 2581 1248 2625 ac
1295 2558 1567 2645 respuit!
1625 2559 1767 2642 quis
1816 2560 2074 2645 potione
2124 2558 2218 2621 uti
2270 2570 2380 2622 aut

323 2653 464 2719 cibo
501 2653 671 2718 dulci
707 2654 940 2720 diutius
975 2655 1224 2739 potest?
1263 2674 1407 2719 cum
1430 2664 1697 2737 utroque
1732 2652 1800 2715 in
1824 2673 2057 2738 genere
2082 2672 2180 2729 ea,
2218 2673 2378 2736 quae

319 2747 544 2813 leviter
581 2770 840 2813 sensum
885 2748 1210 2833 voluptate
1261 2758 1588 2825 moveant,
1644 2744 1941 2810 facillime
1984 2744 2243 2855 fugiant
2276 2768 2379 2810 sa—

2414 809 2557 868 os*

2419 1837 2470 1878 99

321 2842 625 2908 tietatem.
735 2840 828 2907 sie
880 2842 1176 2907 omnibus
1229 2840 1296 2905 in
1345 2842 1539 2907 rebus
1592 2839 2031 2951 volup-tatibus⁰
2074 2838 2368 2905 maximis
2406 2858 2481 2908 100

321 2935 647 2999 fastidium
680 2935 1017 3001 finitimum
1051 2945 1178 3014 est3-
1216 2957 1341 3018 quo
1375 2935 1500 3001 hoc
1532 2935 1741 2999 minus
1776 2934 1843 2997 in
1878 2932 2157 2999 oratione
2191 2934 2379 2999 mire—

323 3048 488 3093 mur
504 3025 604 3115 [in
631 3050 764 3113 qua
795 3029 898 3093 vel
935 3052 1014 3094 ex
1049 3029 1256 3115 poetis
1296 3029 1400 3094 vel
1437 3029 1788 3096 oratoribus
1841 3048 2181 3114 possumus
2217 3028 2379 3092 iudi-

319 3214 818 3295 intermissione,
867 3216 1004 3282 sine
1037 3216 1557 3303 reprehensione,
1612 3216 1747 3282 sine
1780 3214 2114 3293 varietate,
2160 3235 2381 3298 quam-

321 3309 421 3378 vis
457 3309 642 3375 claris
680 3310 764 3375 sit
803 3308 1121 3385 coloribus
1169 3311 1340 3397 picta
1385 3308 1517 3397 [vel
1550 3310 1765 3399 poesis
1808 3306 1911 3375 vel
1962 3307 2213 3394 oratio],
2250 3330 2381 3373 non

298 3119 498 3209 care]
555 3122 959 3200 concinnam,
1025 3122 1423 3201 distinctam,
1484 3132 1798 3200 ornatam,
1862 3120 2051 3185 festiv
2036 3139 2155 3184 am
2168 3169 2185 3199 ,
2242 3114 2377 3185 sine
2458 3125 2465 3130 ’

324 3423 520 3487 posse
561 3404 628 3467 in
673 3404 1086 3469 delectatione
1141 3426 1284 3469 esse
1341 3403 1667 3482 diuturna3
1722 3414 1911 3488 atque
1956 3422 2033 3467 eo
2086 3402 2269 3466 citius
2312 3401 2379 3465 in
2470 3422 2477 3425 ·

325 3496 592 3589 oratoris
623 3494 813 3583 [aut
794 3521 861 3562 ιιι
895 3496 1150 3585 poetae]
1181 3496 1485 3563 cincinnis
1523 3520 1599 3563 ae
1632 3497 1780 3563 fuco
1815 3494 2172 3572 offenditur,
2212 3494 2383 3579 quod

325 3610 553 3655 sensus
587 3590 654 3655 in
697 3591 894 3655 nimia
944 3592 1269 3678 voluptate
1311 3600 1565 3669 natura,
1616 3613 1745 3656 non
1788 3599 2000 3655 mente
2045 3589 2351 3653 satiantur
2358 3612 2377 3667 3

321 3682 390 3747 in
427 3683 680 3771 scriptis
717 3694 782 3749 et
810 3683 881 3749 in
917 3685 1100 3751 dictis
1137 3706 1266 3750 non
1311 3683 1557 3749 aurium
1602 3684 1845 3761 solum,
1901 3681 2015 3747 sed
2060 3682 2251 3746 animi
2284 3682 2381 3745 iu-

323 3776 488 3843 dicio
541 3778 734 3843 etiam
782 3778 988 3864 magis
1041 3778 1322 3845 infucata
1375 3775 1585 3865 [vitia]
1638 3787 2005 3845 noscuntur.
2112 3796 2239 3859 qua
2310 3792 2378 3835 re
2412 3776 2491 3889 ᾗῇ

325 3870 518 3935 ‘bene
554 3881 621 3936 et
651 3870 1004 3958 praeclare'
1079 3872 1369 3956 quamvis
1406 3872 1588 3940 nobis
1628 3890 1817 3958 saepe
1862 3869 2131 3949 dicatum
2184 3868 2377 3933 ‘belle

323 3973 392 4025 et
422 3962 678 4031 festive'
756 3965 1021 4031 nimium
1059 3988 1250 4053 saepe
1285 3966 1463 4045 nolo;
1517 3984 1901 4051 quamquam
1942 3960 2113 4028 illa
2092 3985 2235 4049 ipsa
2270 3984 2380 4028 ex-

323 4055 616 4125 clamatio
652 4067 808 4127 ‘non
843 4071 1056 4148 potest
1089 4058 1344 4127 melius’
1396 4060 1478 4126 sit
1504 4061 1691 4127 velim
1722 4059 1969 4138 crebra3
2008 4059 2123 4125 sed
2148 4058 2381 4126 habeat
2462 4075 2474 4086 ³
