2784 4575
463 211 588 277 114
1073 225 1150 279 Μ.
1187 223 1460 281 TULLII
1497 221 1905 282 CICERONIS

458 345 809 413 debuerint.
881 357 948 412 et
977 343 1046 412 in
1079 345 1306 412 ceteris
1341 345 1601 432 quidem
1636 343 2189 413 constitutionibus
2226 344 2310 411 ad
2345 345 2521 412 hunc

455 443 716 510 modum
765 442 1178 508 iudicationes
1239 443 1665 530 reperiuntur3
1724 442 1793 507 in
1844 441 2250 508 coniecturali
2302 452 2519 510 autem

456 537 931 616 constitutione,
985 537 1136 622 quia
1183 537 1344 602 ratio
1398 560 1530 604 non
1580 547 1707 614 est,
1749 572 1839 584 —-
1872 537 2111 603 factum
2164 536 2334 602 enim
2384 560 2521 604 non

455 633 820 701 conceditur
869 668 958 682 -—-
1005 655 1136 698 nou
1185 642 1400 720 potest
1450 655 1532 697 ex
1590 632 1953 699 diductione
2012 631 2273 699 rationis
2336 631 2519 698 nasci

453 727 780 805 iudicatio;
819 748 946 811 qua
977 747 1048 792 re
1081 747 1346 792 necesse
1382 735 1485 792 est
1516 725 1785 792 eandem
1810 747 1955 792 esse
1982 725 2417 810 quaestionem
2452 737 2521 792 et

453 822 900 888 iudicationem
937 819 1069 932 [ut.
1077 821 1318 886 factum
1361 829 1487 899 est3
1532 843 1662 886 non
1706 830 1805 886 est
1848 817 2147 907 factum].
2132 845 2149 860 ·
2194 820 2517 887 factumne

455 916 572 982 sit?
616 926 771 1000 quot
805 925 1018 981 autem
1049 914 1118 979 in
1152 935 1346 980 causa
1381 913 1861 980 constitutiones
1906 924 2015 978 aut
2048 935 2267 980 earum
2300 925 2513 1001 partes

455 1020 664 1090 erunt,
719 1010 983 1076 totidem
1025 1029 1290 1076 necesse
1333 1007 1454 1075 erit
1473 1007 1939 1120 quaestiones,
1993 1008 2301 1086 rationes,
2352 1007 2517 1073 iudi-

455 1106 765 1182 cationes,
802 1104 1200 1168 firmamenta
1229 1102 1514 1190 reperiri.

574 1198 745 1262 Tum
787 1197 886 1262 his
923 1197 1278 1264 omnibus'
1258 1221 1327 1263 ιιι
1369 1219 1565 1263 causa
1604 1195 1871 1284 repertis
1908 1195 2180 1280 denique
2225 1195 2515 1284 singulae

454 1301 667 1380 partes
721 1292 912 1357 totius
967 1313 1194 1358 causae
1255 1291 1753 1358 considerandae
1816 1300 1991 1367 sunt,
2054 1313 2205 1356 nam
2262 1313 2392 1356 non
2443 1302 2517 1357 ut

455 1385 731 1470 quidque
768 1385 1103 1452 dicendum
1129 1386 1423 1474 primum,
1460 1386 1552 1450 ita
1583 1385 1856 1473 primum
1885 1384 2519 1450 animadvertendum

455 1480 704 1546 videtur
710 1506 730 1560 3
783 1480 925 1546 ideo
969 1481 1141 1564 quod
1184 1481 1322 1560 illa,
1375 1502 1541 1566 quae
1591 1479 1797 1567 prima
1846 1479 2168 1557 dicuntur,
2222 1479 2279 1544 si
2320 1479 2519 1546 vehe-

454 1585 698 1640 menter
741 1575 900 1640 velis
946 1595 1295 1662 congruere
1331 1585 1397 1640 et
1429 1575 1767 1642 cohaerere
1820 1594 1967 1637 cum
2008 1593 2229 1650 causa,
2282 1595 2363 1637 ex
2416 1573 2513 1640 eis

454 1670 650 1736 ducas
686 1678 960 1757 oportet,
999 1691 1162 1754 quae
1195 1679 1344 1758 post
1377 1669 1649 1734 dicenda
1690 1678 1840 1732 sunt
1847 1692 1865 1745 ;
1905 1689 2033 1751 qua
2064 1690 2135 1732 re
2170 1688 2315 1732 cum
2348 1667 2517 1733 iudi-

455 1764 617 1830 catio
654 1774 719 1830 et
753 1786 857 1841 ea,
915 1785 1077 1848 quae
1113 1764 1196 1828 ad
1227 1763 1677 1829 iudicationem
1718 1770 1967 1848 oportet
2010 1771 2382 1848 argumenta
2414 1761 2517 1828 in-

453 1858 682 1936 veniri,
735 1856 1074 1942 diligenter
1117 1867 1302 1922 erunt
1344 1856 1607 1922 artificio
1652 1865 1931 1942 reperta,
1988 1876 2140 1920 cura
2174 1866 2239 1921 et
2272 1857 2515 1942 cogita-

453 1953 624 2016 tione
674 1960 1084 2038 pertractata,
1138 1961 1274 2014 tum
1316 1951 1589 2034 denique
1634 1948 2021 2016 ordinandae
2066 1961 2212 2014 sunt
2264 1961 2513 2016 ceterae

452 2055 666 2132 partes
695 2043 1018 2109 orationis.
1087 2064 1202 2108 eae
1235 2055 1450 2130 partes
1480 2067 1595 2110 sex
1624 2065 1767 2110 esse
1794 2042 2051 2110 omnino
2076 2043 2261 2111 nobis
2290 2043 2515 2108 viden-

452 2149 585 2203 tur:
632 2137 989 2215 exordium,
1034 2137 1338 2216 narratio,
1383 2138 1667 2226 partitiO,
1704 2137 2125 2216 confirmatio,
2169 2139 2513 2225 reprehen-

325 2277 334 2282 -
455 2232 578 2311 sio,
637 2230 977 2297 conclusio.
1065 2253 1236 2297 nunc
1271 2233 1570 2318 quoniam
1605 2231 1937 2298 exordium
1980 2232 2276 2320 princeps
2315 2232 2510 2299 debet

453 2347 625 2403 esse,
678 2346 796 2391 nos
833 2347 1084 2411 quoque
1125 2325 1401 2412 primum
1441 2326 1510 2392 in
1552 2326 1863 2393 rationem
1915 2326 2284 2392 exordiendi
2324 2348 2515 2415 prae-

454 2429 640 2507 cepta
673 2418 984 2485 dabimus.

351 2510 418 2623 {f}
569 2513 923 2580 Exordium
975 2523 1077 2579 est
1125 2513 1338 2580 oratio
1379 2513 1661 2583 animum
1712 2513 2015 2580 auditoris
2068 2511 2295 2581 idonee
2339 2536 2514 2581 com-

450 2632 682 2697 parans
721 2608 802 2674 ad
834 2608 1146 2692 reliquam
1181 2608 1549 2687 dictionem,
1596 2608 1769 2693 quod
1803 2609 2081 2688 eveniet,
2130 2609 2185 2674 si
2220 2632 2365 2675 eum
2396 2611 2516 2676 be-

449 2704 775 2781 nevolum,
822 2712 1160 2781 attentum,
1207 2702 1479 2770 docilem
1514 2702 1857 2768 confecerit
1863 2728 1883 2782 3
1940 2724 2067 2787 qua
2098 2724 2168 2767 re
2206 2702 2313 2787 qui
2346 2704 2513 2769 bene

451 2797 725 2863 exordiri
759 2818 1020 2863 causam
1063 2797 1263 2876 volet,
1309 2818 1459 2863 eum
1492 2818 1757 2862 necesse
1794 2807 1896 2862 est
1929 2818 2133 2883 genus
2172 2816 2325 2861 suae
2362 2818 2516 2862 cau-

451 2914 561 2957 sae
598 2892 932 2979 diligenter
966 2903 1112 2957 ante
1157 2914 1564 2981 cognoscere.
1657 2914 1895 2979 genera
1938 2914 2276 2957 causarum
2326 2893 2515 2977 quin-

451 3006 574 3069 que
629 2995 804 3052 sunt:
865 2986 1231 3065 honestum,
1288 2986 1687 3066 admirabile,
1747 2987 2014 3067 humile,
2078 3008 2342 3075 anceps,
2394 2988 2514 3055 ob-

453 3099 727 3144 scurum.
833 3077 1170 3144 honestum
1225 3101 1455 3145 causae
1508 3104 1712 3168 genus
1768 3091 1894 3159 est,
1950 3082 2053 3146 cui
2106 3081 2319 3147 statim
2374 3082 2511 3147 sine

451 3170 732 3237 oratione
801 3182 1019 3237 nostra
1069 3171 1245 3239 favet
1301 3173 1605 3239 auditoris
1670 3174 1949 3253 animus3
2014 3175 2411 3253 admirabile,
2472 3198 2515 3241 a

452 3286 578 3349 quo
613 3274 712 3331 est
747 3264 1052 3331 alienatus
1091 3266 1338 3336 animus
1393 3290 1641 3345 eorum,
1699 3269 1808 3352 qui
1844 3268 2117 3333 audituri
2162 3278 2311 3335 sunt
2319 3294 2337 3347 3
2392 3269 2515 3334 hu-

450 3358 626 3437 mile,
690 3359 861 3444 quod
919 3360 1280 3449 neglegitur
1333 3362 1415 3427 ab
1470 3362 1756 3427 auditore
1818 3373 1883 3427 et
1932 3386 2062 3429 non
2122 3384 2515 3451 magnopere

451 3454 903 3520 attendendum
936 3454 1188 3521 videtur
1195 3481 1214 3535 3
1263 3476 1526 3543 anceps,
1570 3455 1638 3520 in
1674 3478 1799 3540 quo
1838 3467 1947 3521 aut
1981 3457 2280 3523 iudicatio
2318 3456 2519 3523 dubia

451 3559 550 3614 est
585 3559 694 3614 aut
737 3570 932 3614 causa
976 3559 1042 3614 et
1083 3549 1436 3615 honestatis
1474 3560 1539 3615 et
1582 3550 1986 3639 turpitudinis
2039 3550 2384 3638 particeps,
2439 3559 2517 3615 ut

451 3652 515 3706 et
565 3642 1072 3709 benevolentiam
1130 3642 1338 3729 pariat
1387 3654 1453 3709 et
1503 3642 1949 3723 offensionem3
2013 3644 2381 3722 obscurum,
2444 3644 2515 3709 in

449 3756 577 3819 quo
615 3747 724 3801 aut
757 3737 922 3801 tardi
957 3734 1277 3802 auditores
1323 3747 1474 3802 sunt
1508 3748 1617 3803 aut
1657 3737 2118 3804 difficilioribus
2156 3738 2240 3802 ad
2274 3759 2515 3825 cogno-

451 3830 758 3895 scendum
792 3830 1065 3917 negotiis
1103 3852 1299 3897 causa
1341 3842 1442 3896 est
1484 3832 1823 3919 implicata.
1912 3854 2039 3917 qua
2080 3854 2149 3897 re
2196 3853 2343 3898 cum
2378 3843 2515 3898 tam

453 3924 705 3989 diversa
757 3925 882 3991 sint
932 3948 1170 4013 genera
1221 3946 1583 4005 causarum,
1638 3927 1911 3992 exordiri
1964 3948 2215 4011 quoque
2269 3927 2513 4013 dispari

447 4014 691 4081 ratione
733 4015 802 4083 in
839 4040 968 4087 uno
1003 4040 1255 4107 quoque
1297 4042 1533 4110 genere
1576 4042 1839 4088 necesse
1882 4032 1999 4087 est.
2086 4020 2280 4107 igitur
2323 4042 2518 4087 exor—
