2784 4575
742 331 848 388 AD
889 333 948 388 O
983 333 1451 391 HERENNIUM
1486 335 1624 390 1111.
1664 337 1772 392 7-
1782 338 1835 392 9.
2232 327 2315 392 61

257 479 556 547 peccare,
619 467 753 521 tum
812 434 1018 544 magis
1081 456 1272 523 etiam
1335 457 1726 542 delinquere,
1791 459 1964 544 quod
2015 485 2054 527 a
2103 462 2318 529 multis

261 551 555 638 exempla
591 561 870 618 sumant·
917 551 1033 616 sed
1067 551 1148 616 de
1185 573 1288 630 e0,
1329 554 1500 637 quod
1532 563 1761 640 postea
1792 555 2095 635 diximus,
2134 569 2320 624 antea

259 647 609 712 videamus.
677 645 732 710 si
755 645 1169 712 concederem
1197 601 1403 712 ali'ena
1428 657 1719 758 oportere
1746 648 2079 715 adsumere
2106 673 2321 716 exem-

256 741 393 829 pla,
447 741 768 805 vincerem
810 739 996 806 unius
1039 751 1360 826 oportere,
1413 741 1689 828 primum
1730 743 1901 826 quod
1945 755 2165 808 contra
2196 745 2320 812 1100

257 835 434 900 nulla
477 845 676 900 staret
717 833 969 899 illorum
1011 835 1202 913 rati03
1256 834 1477 900 liceret
1520 835 1689 902 enim
1732 837 2040 924 eligerent
2074 849 2141 904 et
2172 861 2320 926 pro-

0 882 9 967 1
255 929 485 994 barent
545 927 915 1012 quemlibet,
982 927 1091 1012 qui
1155 927 1276 993 sibi
1324 929 1392 993 in
1456 929 1663 996 omnis
1720 953 1825 997 res
1889 931 2320 1018 suppeditaret

0 1016 1 1046 ³
259 1023 582 1109 exempla,
655 1022 760 1086 vel
818 1033 1075 1108 poetam
1135 1023 1240 1087 vel
1302 1033 1644 1103 oratorem,
1708 1025 1886 1090 cuius
1950 1025 2317 1092 auctoritate

257 1118 627 1182 niterentur.
718 1117 946 1182 deinde
980 1117 1245 1183 interest
1277 1119 1495 1206 magni
1531 1119 1694 1198 eius,
1743 1119 1851 1204 qui
1886 1120 2129 1187 discere
2164 1121 2317 1198 volt,

257 1219 471 1275 utrum
506 1233 704 1274 unum
739 1211 952 1276 omnia
987 1235 1070 1277 an
1114 1213 1328 1278 omnia
1367 1213 1714 1294 neminem,
1770 1215 1885 1282 sed
1921 1215 2093 1282 aliud
2124 1215 2319 1282 alium

255 1315 437 1392 putet
474 1306 776 1390 consequi
809 1328 1032 1392 posset
1072 1306 1128 1372 si
1161 1307 1331 1372 enim
1363 1309 1614 1393 putabit
1643 1333 1837 1418 posse
1873 1310 2087 1376 omnia
2118 1333 2315 1398 penes

255 1423 456 1464 unum
499 1401 875 1478 consistere,
928 1401 1070 1486 ipse
1115 1422 1366 1486 quoque
1412 1403 1494 1466 ad
1536 1403 1817 1468 omnium
1850 1405 2085 1470 nitetur
2118 1405 2319 1470 facul-

258 1502 484 1570 tatem3
522 1494 578 1558 si
611 1494 678 1557 id
704 1495 1072 1601 desperarit,
1109 1495 1178 1558 in
1209 1494 1431 1580 paucis
1468 1517 1539 1560 se
1574 1498 1919 1576 exercebit}
1954 1498 2112 1584 ipsis
2148 1499 2317 1564 enim

257 1595 592 1651 contentus
646 1586 792 1664 erit,
851 1608 972 1650 nec
1021 1586 1279 1666 mirum,
1343 1609 1489 1652 cum
1537 1589 1677 1674 ipse
1739 1601 2110 1677 praeceptor
2164 1593 2314 1658 artis

257 1679 474 1744 omnia
505 1702 702 1765 penes
747 1701 945 1743 unum
987 1680 1264 1766 reperire
1305 1702 1437 1745 11011
1479 1682 1773 1768 potuerit.
1862 1684 2088 1748 adlatis
2124 1685 2317 1772 igitur

257 1774 567 1860 exemplis
624 1798 664 1838 a
707 1770 984 1852 Catone,
1039 1797 1079 1838 a
1123 1773 1463 1853 Gracchis,
1519 1799 1558 1839 a
1600 1774 1857 1854 Laelio,
1912 1799 1953 1840 a
1996 1774 2314 1863 Scipione,

257 1867 498 1946 Galba,
533 1868 840 1947 Porcina,
889 1867 1158 1946 Crasso,
1194 1869 1511 1948 Antonio,
1560 1871 1815 1949 ceteris,
1859 1871 2013 1936 item
2050 1873 2317 1959 sumptis

255 1961 396 2028 aliis
451 1987 490 2027 a
539 1962 746 2049 poetis
801 1973 864 2027 et
915 1961 1322 2028 historiarum
1383 1964 1821 2051 scriptoribus,
1884 1987 2147 2031 necesse
2200 1965 2340 2052 erit¹

251 2079 420 2134 eum,
459 2055 568 2140 qui
603 2055 825 2134 discet,
861 2067 1086 2142 putare
1122 2057 1204 2121 ab
1241 2056 1536 2122 omnibus
1574 2057 1805 2136 omnia,
1844 2059 1925 2123 ab
1960 2080 2087 2124 uno
2112 2080 2317 2145 pauca

253 2150 364 2214 vix
396 2149 681 2236 potuisse
719 2150 912 2214 sumi:
959 2171 1084 2235 qua
1115 2173 1186 2215 re
1221 2151 1409 2216 unius
1448 2151 1712 2216 alicuius
1758 2174 1901 2218 esse
1938 2175 2009 2217 se
2045 2152 2315 2218 similem
2350 2179 2377 2220 s

258 2243 412 2309 satis
437 2243 715 2323 habebit,
753 2243 984 2323 omnia,
1022 2264 1184 2328 quae
1213 2267 1435 2311 omnes
1464 2245 1817 2325 habuerint,
1846 2246 2055 2312 solum
2080 2246 2315 2313 habere

257 2360 329 2403 se
372 2360 563 2423 posse
607 2338 872 2404 diffidet.
963 2361 1114 2427 ergo
1158 2339 1378 2405 inutile
1431 2350 1531 2405 est
1572 2340 1657 2418 ei,
1714 2340 1823 2425 qui
1874 2342 2119 2407 discere
2161 2343 2313 2421 volt,

255 2441 481 2517 putare
517 2456 556 2497 a
596 2432 849 2497 nemine
885 2433 1100 2498 omnia
1129 2455 1323 2519 posse
1357 2437 1520 2499 sumi
1527 2460 1546 2513 3
1599 2434 1793 2521 igitur
1827 2459 2014 2501 nemo
2046 2435 2117 2500 in
2151 2437 2316 2501 hanc

0 2516 5 2625 Ι
253 2526 560 2592 incideret
619 2526 1010 2613 opinionem,
1078 2527 1132 2592 si
1186 2529 1266 2593 ab
1319 2551 1447 2593 uno
1511 2528 1803 2615 exempla
1864 2530 2313 2615 sumpsissent:

0 2626 3 2695 ξ
253 2641 423 2684 1111110
473 2620 596 2686 1100
650 2620 817 2707 signi
871 2631 971 2687 est
1029 2621 1206 2707 ipsos
1263 2621 1417 2686 artis
1482 2622 1820 2707 scriptores
1873 2646 2003 2687 non
2053 2632 2315 2708 putasse

0 2704 2 2747 ἱ
254 2736 452 2777 111111111
501 2710 786 2800 potuisse
828 2717 896 2781 in
941 2716 1234 2781 omnibus
1288 2715 1663 2782 elocutionis
1716 2716 2002 2801 partibus
2058 2716 2313 2795 enitere,

258 2807 554 2892 quoniam
588 2830 793 2893 neque
829 2834 946 2877 sua
986 2810 1384 2897 protulerunt
1426 2831 1633 2893 neque
1675 2810 1863 2873 unius
1910 2808 2171 2875 alicuius
2207 2822 2317 2875 aut

258 2901 528 2985 denique
583 2902 874 2983 duorum,
938 2906 1054 2970 sed
1106 2905 1186 2969 ab
1240 2904 1535 2969 omnibus
1588 2903 1941 2969 oratoribus
1994 2913 2060 2967 et
2108 2902 2313 2990 poetis

257 2996 548 3082 exempla
601 3008 1024 3084 sumpserunt.
1132 2979 1504 3075 (10111ᾶο,01
1556 2996 1696 3081 quis
1750 2996 1903 3062 velit
1956 3007 2155 3063 artem
2205 2997 2317 3063 de-

251 3101 606 3157 monstrare
640 3092 798 3157 1111111
840 3093 1148 3179 prodesse
1185 3092 1268 3157 ad
1313 3091 1677 3169 dicendum,
1730 3114 1861 3157 non
1902 3092 2069 3157 male
2102 3100 2317 3157 utatur

253 3185 376 3249 hoc
428 3186 820 3265 adiumento,
877 3187 1050 3271 quod
1098 3208 1262 3251 unus
1317 3186 1521 3251 omnis
1571 3186 1724 3251 artis
1767 3186 1966 3271 partis
2012 3186 2311 3271 consequi

251 3300 438 3345 nemo
491 3280 794 3367 potuerit:
849 3281 1024 3364 quod
1071 3281 1264 3367 igitur
1315 3280 1493 3345 iuvat
1545 3302 1763 3346 eorum
1812 3280 2149 3357 rationem,
2206 3280 2315 3364 qui

254 3372 510 3440 omnino
558 3374 924 3461 improbant
977 3386 1204 3453 artem,
1267 3374 1334 3439 id
1384 3398 1517 3439 non
1565 3375 1899 3439 ridiculum
1952 3384 2051 3440 est
2101 3374 2314 3461 ipsum

255 3466 625 3553 scriptorem
670 3470 822 3533 artis
877 3492 994 3533 suo
1045 3467 1278 3533 iudicio
1321 3470 1775 3553 comprobare?
1864 3490 2015 3554 ergo
2062 3469 2142 3533 ab
2184 3489 2313 3532 uno

0 3518 13 3701 Ι
253 3562 562 3629 sumenda
612 3563 812 3629 fuisse
875 3564 1202 3629 docuimus
1265 3563 1584 3650 exempla,
1650 3561 1705 3627 si
1759 3586 2009 3650 semper
2061 3560 2313 3627 aliunde

0 3702 3 3739 f
253 3666 671 3721 sumerentur.

368 3751 556 3816 Nunc
599 3750 856 3816 omnino
909 3752 1162 3817 aliunde
1209 3750 1517 3818 sumenda
1558 3774 1689 3817 non
1739 3749 1940 3815 fuisse
1994 3747 2085 3811 sic
2126 3746 2311 3811 intel-
2344 3742 2380 3797 6

0 3748 5 3981 Ι
249 3844 567 3931 legemus·
620 3844 896 3931 primum
948 3846 1230 3912 omnium
1281 3846 1452 3931 quod
1500 3847 1580 3911 ab
1634 3844 1786 3910 artis
1842 3841 2145 3929 scriptore
2199 3814 2370 3905 ad-9

250 3936 450 4002 fertur
493 3938 882 4025 exemplum,
938 3940 1070 4004 de
1050 3940 1251 4025 ipsius
1311 3939 1574 4005 artificio
1620 3938 1809 4002 debet
1852 3958 2023 4012 esse,
2076 3956 2206 3999 non
2238 3946 2311 3999 ut

253 4028 304 4094 si
343 4030 483 4114 quis
519 4056 864 4119 purpuram
899 4044 1008 4098 aut
1035 4034 1207 4099 aliud
1232 4033 1557 4119 quippiam
1583 4030 1865 4095 vendens
1896 4029 2066 4095 dicat
2101 4034 2309 4094 ‘sume

249 4148 296 4189 a
331 4148 464 4205 me,
519 4127 637 4193 sed
687 4126 874 4195 huius
929 4129 1290 4216 exemplum
1343 4127 1597 4193 aliunde
1647 4127 1918 4213 rogab0,
1972 4123 2087 4190 tibi
2138 4125 2311 4209 quod
