2784 4575
468 218 509 283 8
961 220 1382 281 CORNIFICII
1416 219 2036 281 RHETORIOORUM

409 430 415 437 ⁴
469 368 648 411 mum
689 368 757 411 re
798 358 1052 411 narrata
1094 346 1399 412 debemus
1444 345 1715 433 aperire,
1762 344 1915 431 quid
1956 345 2140 411 nobis
2188 346 2530 411 conveniat

472 462 616 507 cum
661 440 1066 519 adversariiS,
1121 440 1273 525 quid
1321 440 1392 505 in
1444 440 1875 506 controversia
1926 440 2036 518 sit3
2092 439 2147 503 si
2200 462 2303 517 ea,
2358 463 2529 524 quae

471 534 649 599 utilia
697 535 880 600 nobis
933 545 1143 614 erunt,
1199 533 1603 612 convenient,
1655 535 1778 599 hoc
1820 533 2040 600 modo:
2096 534 2531 601 ‘interfectam

469 652 612 695 esse
657 629 738 693 ab
783 628 1018 695 Oreste
1061 638 1328 693 matrem
1374 626 1670 693 convenit
1711 626 1867 691 mihi
1910 649 2057 692 cum
2111 628 2529 709 adversariis3

467 726 684 791 iurene
719 723 940 790 fecerit
975 734 1039 789 et
1069 723 1398 788 licueritne
1432 722 1670 801 facere,
1715 723 1785 787 id
1818 733 1916 787 est
1948 723 2015 787 in
2053 725 2527 791 controversia?

467 820 622 883 item
647 840 682 883 e
710 817 1050 883 contrario:
1091 818 1662 902 ‘Agamemnonem
1688 837 1831 881 esse
1858 840 1897 881 a
1925 814 2391 901 Clytaemestra
2414 834 2528 883 oc-

469 912 672 978 cisum
722 910 1124 987 confitentur3
1181 930 1328 975 cum
1367 910 1437 974 id
1474 910 1567 975 ita
1612 910 1719 987 sit,
1776 932 1879 975 me
1928 910 2152 975 ulcisci
2192 921 2527 997 parentem

465 1015 705 1090 negant
737 1002 1133 1090 oportuisse?
1208 1004 1455 1081 deinde,
1494 1024 1638 1067 cum
1673 1004 1795 1069 hoc
1828 1003 2185 1081 fecerimus,
2222 1004 2527 1069 distribu-

467 1098 639 1163 tione
672 1098 766 1161 uti
801 1098 1124 1163 debemus.
1213 1119 1292 1162 ea
1335 1096 1634 1161 dividitur
1666 1098 1734 1161 in
1778 1098 1935 1162 duas
1978 1098 2207 1184 partis:
2262 1120 2518 1163 enume-

466 1194 777 1259 rationem
827 1204 893 1257 et
945 1193 1425 1279 expositionem.
1522 1193 1991 1259 enumeratione
2042 1204 2318 1271 utemur,
2374 1215 2521 1259 cum

470 1287 752 1351 dicemus
787 1308 1080 1364 numero,
1118 1298 1274 1371 quot
1308 1286 1387 1353 de
1422 1289 1611 1353 rebus
1650 1287 1875 1352 dicturi
1910 1310 2128 1352 sumus
2140 1312 2159 1365 3
2197 1309 2339 1352 eam
2370 1288 2519 1374 plus

468 1403 660 1465 quam
703 1380 893 1445 trium
933 1380 1210 1467 partium
1261 1404 1525 1447 numero
1568 1404 1698 1447 non
1748 1392 1997 1467 oportet
2040 1403 2209 1458 esse,
2262 1404 2413 1445 nam
2454 1393 2522 1447 et

465 1474 892 1562 periculosum
944 1484 1070 1551 est,
1125 1498 1206 1541 ne
1259 1476 1512 1559 quando
1564 1476 1709 1563 plus
1752 1476 2043 1541 minusve
2088 1474 2401 1553 dicamne,
2454 1488 2523 1541 et

469 1568 883 1655 suspitionem
917 1567 1126 1633 adfert
1171 1569 1441 1635 auditori
1474 1569 1899 1635 meditationis
1936 1580 2003 1633 et
2036 1568 2307 1646 artificii,
2354 1591 2517 1654 quae

465 1686 567 1729 res
602 1664 796 1729 fidem
831 1663 1099 1750 abrogat
1133 1663 1421 1731 orationi.
1512 1662 1823 1749 expositio
1858 1673 1983 1740 est,
2022 1684 2168 1727 cum
2198 1684 2333 1740 res,
2378 1662 2519 1747 qui-

464 1761 584 1824 bus
631 1759 710 1825 de
751 1759 943 1824 rebus
991 1757 1218 1823 dicturi
1261 1780 1510 1835 sumus,
1565 1757 1937 1843 exponimus
1980 1757 2255 1823 breviter
2298 1766 2362 1821 et
2406 1756 2521 1821 ab-

469 1854 692 1917 solute.

373 1966 424 2006 18
585 1944 771 2008 Nunc
807 1945 890 2008 ad
915 1943 1455 2009 confirmationem
1490 1954 1555 2009 et
1578 1943 2071 2008 confutationem
2098 1955 2515 2009 transeamus.

467 2047 600 2101 tota
643 2033 799 2122 ‘spes
862 2036 1156 2101 vincendi
1205 2036 1493 2120 ratioque
1551 2037 1975 2123 persuadendi
2032 2036 2243 2123 posita
2302 2048 2401 2102 est
2450 2038 2521 2103 in

468 2129 940 2196 confirmatione
993 2141 1059 2195 et
1100 2130 1168 2194 in
1219 2130 1667 2197 confutatione.
1755 2154 1904 2195 nam
1958 2152 2103 2195 eum
2156 2130 2517 2197 adiumenta

464 2235 684 2291 nostra
717 2224 1194 2311 exposuerimus
1217 2226 1667 2310 contrariaque
1694 2225 2190 2302 dissolverimus,
2228 2225 2517 2292 absolute

363 2330 428 2383 11
465 2318 761 2384 nimirum
795 2341 1024 2383 munus
1053 2319 1397 2385 oratorium
1422 2321 1900 2386 confecerimus.
1963 2331 2298 2402 utrumque
2324 2319 2518 2406 igitur

465 2415 674 2480 facere
709 2413 1076 2500 poterimus,
1115 2414 1171 2480 si
1206 2414 1717 2480 constitutionem
1744 2437 1973 2480 causae
2008 2414 2513 2501 cognoverimus.

466 2531 802 2574 causarum
862 2509 1339 2575 constitutiones
1405 2509 1511 2573 alii
1571 2519 1865 2594 quattuor
1924 2511 2237 2575 fecerunt.
2300 2519 2517 2574 noster

466 2604 684 2670 doctor
735 2603 848 2668 tris
901 2602 1149 2690 putavit
1201 2625 1372 2681 esse,
1435 2627 1564 2669 non
1614 2615 1687 2668 ut
1738 2603 1819 2668 de
1878 2601 2129 2670 illorum
2180 2602 2517 2686 quicquam

466 2699 825 2764 detraheret
855 2697 1246 2776 inventione,
1295 2697 1411 2763 sed
1443 2709 1516 2762 ut
1548 2698 1937 2776 ostenderet,
1989 2697 2085 2776 id,
2122 2697 2293 2780 quod
2328 2719 2516 2782 opor-

465 2791 694 2856 tuisset
729 2791 1094 2878 simpliciter
1129 2813 1204 2856 ac
1241 2791 1547 2879 singulari
1588 2793 1779 2858 modo
1816 2792 2069 2868 docere,
2124 2791 2267 2856 illos
2306 2790 2515 2854 distri·
2548 2864 2555 2868 ,

464 2882 680 2946 buisse
709 2884 1039 2968 dupliciter
1067 2895 1130 2947 et
1154 2885 1467 2970 bipertito.
1542 2884 1905 2950 constitutio
1932 2895 2032 2947 est
2054 2883 2260 2968 prima
2296 2884 2517 2971 depre-

469 2974 632 3040 catio
669 2975 1020 3040 defensoris
1058 2998 1203 3040 cum
1239 2979 1623 3042 accusatoris
1660 2977 2127 3042 insimulatione
2164 2978 2515 3043 coniuncta.

467 3069 946 3134 constitutiones
991 3069 1230 3152 itaque,
1283 3082 1356 3134 ut
1399 3081 1545 3136 ante
1592 3071 1895 3148 diximus,
1950 3081 2077 3134 tres
2134 3082 2310 3135 sunt:
2368 3095 2517 3137 con-

465 3161 802 3240 iecturalis,
840 3162 1140 3249 legitima,
1176 3163 1561 3229 iuridicialis.
1628 3163 2063 3229 coniecturalis
2102 3172 2219 3240 est,
2256 3185 2403 3230 cum
2436 3166 2517 3230 de

467 3258 636 3322 facto
681 3257 1110 3322 controversia
1161 3269 1285 3334 est,
1339 3258 1462 3323 hoc
1503 3257 1721 3324 modo:
1774 3256 1949 3321 Aiax
1990 3258 2057 3321 in
2102 3257 2289 3336 silva,
2342 3269 2517 3344 post-

467 3373 659 3435 quam
688 3351 922 3428 resciit,
961 3373 1122 3434 quae
1157 3350 1417 3417 fecisset
1448 3376 1562 3439 per
1594 3351 1926 3430 insaniam,
1964 3352 2177 3440 gladio
2211 3352 2513 3419 incubuit.

465 3445 694 3514 Ulixes
747 3443 1112 3522 intervenit,
1175 3445 1456 3512 occisum
1507 3446 1934 3532 conspicatur,
2000 3468 2259 3535 corpore
2321 3449 2516 3513 telum

469 3549 798 3604 cruentum
849 3539 1078 3604 educit.
1169 3537 1417 3605 Teucer
1476 3540 1841 3616 intervenit,
1904 3540 2163 3608 fratrem
2216 3542 2511 3618 occisum,

466 3631 790 3698 inimicum
815 3632 1026 3698 fratris
1057 3653 1202 3696 cum
1225 3633 1439 3719 gladio
1467 3644 1726 3699 cruento
1752 3633 1945 3712 videt,
1980 3635 2205 3722 capitis
2232 3633 2515 3700 arcessit.

467 3725 571 3791 hic
622 3727 982 3792 coniectura
1031 3748 1254 3790 verum
1305 3728 1651 3811 quaeritur3
1718 3726 1826 3814 [de
1878 3729 2047 3795 facto
2100 3729 2219 3793 erit
2268 3736 2515 3792 contro-

474 3820 730 3908 versia‚]
772 3845 852 3886 ex
887 3843 963 3886 eo
1000 3820 1363 3886 constitutio
1401 3841 1631 3888 causae
1666 3822 2101 3888 coniecturalis
2136 3819 2509 3886 nominatur.

375 3929 428 3976 ἰε
467 3911 750 3998 legitima
791 3925 891 3980 est
932 3915 1322 3994 constitutio,
1377 3937 1523 3980 cum
1574 3939 1655 3981 ex
1700 3916 1933 4002 scripto
1988 3915 2225 3998 aliquid
2267 3925 2513 3981 contro-

470 4006 713 4072 versiae
747 4007 1044 4094 nascitur.
1107 4031 1211 4080 ,ea
1245 4009 1546 4076 dividitur
1578 4009 1647 4074 in
1679 4009 1877 4096 partis
1913 4030 2055 4072 sex:
2106 4007 2409 4094 scriptum
2452 4019 2513 4076 et
