2784 4575
407 787 471 871 ἢ

401 1471 471 1511 ,ΙΞΗ

519 276 639 343 132
1122 288 1198 344 M.
1241 286 1517 345 TULLII
1553 272 1951 342 cIcERoms

511 411 772 479 versarii
806 410 1204 497 confligendo
1235 420 1423 494 atque
1450 408 1766 475 interdum
1803 408 2027 475 acriter
2061 408 2145 473 ad
2176 408 2453 476 iudicem
2476 409 2575 497 ip-

515 531 655 571 sum
695 504 1099 582 revertend03
1157 526 1283 587 quo
1326 504 1394 567 in
1436 504 1577 569 loco
1619 503 1813 568 iudici
1858 502 2418 568 demonstrandum
2452 514 2577 579 est,

511 599 662 683 quid
684 597 927 663 iuratus
956 598 1057 674 sit,
1095 597 1250 681 quid
1284 597 1467 680 sequi
1502 597 1755 661 debeat:
1784 597 2033 662 duabus
2051 597 2132 663 de
2167 596 2379 661 causis
2406 596 2577 662 iudi-

511 715 651 755 cem
673 691 962 757 dubitare
988 702 1298 779 oportere,
1337 691 1394 755 si
1422 700 1533 755 aut
1565 692 1869 777 scriptum
1904 691 1986 756 sit
2011 691 2280 757 obscure
2312 700 2426 755 aut
2458 712 2578 755 ne-

511 799 615 871 get
635 783 872 869 aliquid
889 784 1287 850 adversarius
1297 810 1317 864 3
1347 806 1494 849 cum
1519 795 1585 849 et
1602 786 1905 871 scriptum
1923 794 2137 871 aperte
2156 784 2240 849 sit
2262 794 2327 849 et
2342 784 2577 849 adver-

455 872 463 895 *
511 883 711 947 sarius
739 880 953 946 omnia
977 880 1367 957 confiteatur,
1382 889 1524 944 tum
1536 880 1810 947 iudicem
1825 879 1955 966 legi
1969 902 2213 966 parere,
2229 901 2360 944 non
2374 878 2577 944 inter-

507 975 741 1063 prem-i
756 976 968 1061 legem
985 984 1294 1059 oportere.
1332 973 1620 1040 hocloco
1649 974 2015 1040 confirmato
2041 984 2178 1038 tum
2204 974 2435 1038 diluere
2461 994 2569 1049 ea,

511 1091 670 1151 quae
696 1078 918 1134 contra
942 1067 1068 1132 diei
1090 1077 1407 1154 poterunt,
1443 1068 1774 1154 oportebit.
1822 1078 2043 1133 contra
2066 1077 2279 1133 autem
2305 1066 2571 1141 dicetur,

511 1167 559 1226 si
591 1172 696 1227 aut
720 1183 983 1247 prorsus
1005 1160 1179 1225 aliud
1207 1160 1487 1225 sensisse
1520 1161 1786 1247 scriptor
1812 1172 1876 1227 et
1903 1162 2235 1249 scripsisse
2261 1160 2433 1226 aliud
2460 1160 2576 1225 de-

511 1255 960 1322 monstrabitur
969 1280 988 1334 3
1041 1264 1116 1319 ut
1145 1252 1216 1318 in
1248 1254 1360 1319 illa
1394 1254 1475 1319 de
1521 1265 1925 1332 testamento,
1981 1277 2173 1339 quam
2211 1253 2572 1341 posuimus,

511 1347 1104 1429 ‹zxnntroversiakaut
1121 1368 1316 1413 eausa
1341 1348 1744 1434 adsumptiva
1769 1348 2093 1425 inferetur,
2121 1369 2316 1431 quam
2330 1348 2415 1413 ob
2431 1369 2577 1414 rem

511 1443 742 1527 scripto
777 1464 910 1507 non
941 1441 1217 1529 potuerit
1258 1451 1369 1506 aut
1409 1464 1541 1507 non
1591 1442 1940 1528 oportuerit
1979 1440 2423 1527 obtemperari.
2518 1441 2577 1507 si

511 1536 681 1599 uliud
715 1535 995 1602 sensisse
1049 1534 1345 1623 scriptor,
1403 1534 1577 1600 aliud
1624 1535 1955 1623 scripsisse
1998 1535 2289 1613 dicetur,
2316 1535 2404 1613 is,
2448 1536 2578 1620 qui

515 1631 743 1715 scripto
769 1640 1000 1708 utetur,
1038 1628 1197 1694 haec
1231 1630 1426 1695 dicet:
1461 1652 1593 1695 non
1627 1640 1917 1715 oportere
1952 1630 2032 1695 de
2068 1629 2204 1695 eius
2239 1628 2578 1695 voluntate

511 1751 627 1791 nos
664 1723 1121 1811 argumentari,
1177 1724 1313 1808 qui,
1366 1746 1451 1789 ne
1484 1723 1553 1788 id
1594 1723 1804 1789 facere
1846 1745 2208 1809 possemus,
2262 1722 2578 1788 indicium

507 1819 691 1885 nobis
733 1818 1058 1903 reliquerit
1100 1841 1253 1884 suae
1309 1817 1679 1895 voluntatis3
1731 1818 1933 1883 multa
1972 1817 2373 1883 incommoda
2418 1838 2577 1884 con-

511 1913 716 1995 sequi,
754 1913 810 1977 si
842 1912 1225 1988 instituatur,
1260 1922 1335 1976 ut
1369 1913 1452 1978 ab
1488 1911 1723 1998 scripto
1757 1911 2107 1989 recedatur,
2142 1934 2295 1976 nam
2329 1922 2395 1977 et
2430 1934 2572 1990 eos,

511 2007 615 2087 qui
655 2006 891 2090 aliquid
925 2006 1234 2083 scribant,
1270 2028 1403 2072 non
1437 2006 1903 2071 existimaturos
1938 2005 2034 2083 id,
2083 2006 2255 2089 quod
2292 2005 2574 2092 scripse-

509 2103 660 2175 rint,
694 2109 903 2163 ratum
937 2099 1250 2177 futurum3
1297 2109 1363 2165 et
1397 2122 1538 2177 eos,
1584 2098 1695 2183 qui
1727 2099 2031 2176 iudicent,
2078 2110 2346 2177 certum,
2394 2100 2574 2183 quod

511 2202 879 2275 sequantur,
933 2192 1090 2258 nihil
1125 2192 1484 2271 habituros,
1539 2194 1595 2258 si
1631 2194 1829 2259 semel
1873 2194 1953 2259 ab
1989 2194 2223 2281 scripto
2265 2195 2571 2259 recedere

511 2285 969 2354 consueverint.
1075 2287 1246 2372 quod
1299 2286 1355 2354 si
1406 2287 1698 2354 voluntas
1754 2289 2075 2375 scriptoris
2132 2289 2573 2355 conservanda

511 2383 619 2460 sit,
674 2403 774 2459 se,
825 2404 955 2447 non
1006 2381 1433 2460 adversarios,
1496 2405 1537 2447 a
1586 2382 1909 2448 voluntate
1962 2382 2098 2447 eius
2155 2393 2323 2448 stare
2330 2407 2349 2460 3
2414 2405 2572 2448 nam

510 2476 706 2542 multo
762 2475 1027 2563 propius
1081 2476 1380 2541 accedere
1436 2477 1520 2540 ad
1571 2477 1893 2562 scriptoris
1955 2476 2345 2542 voluntatem
2395 2475 2569 2553 eum,

511 2572 615 2652 Qui
651 2591 732 2634 ex
764 2569 968 2656 ipsius
1005 2592 1148 2634 eam
1181 2569 1407 2635 litteris
1451 2570 1923 2655 interpretetur,
1968 2591 2159 2654 quam
2200 2569 2409 2647 illum,
2455 2570 2571 2653 qui

511 2663 884 2729 sententiam
922 2663 1244 2750 scriptoris
1279 2686 1412 2728 non
1444 2686 1527 2728 ex
1557 2663 1761 2749 ipsius
1798 2664 2031 2749 scripto
2068 2674 2337 2749 spectet,
2390 2663 2572 2746 quod

507 2760 611 2820 ille
659 2779 811 2823 suae
863 2755 1208 2824 voluntatis
1262 2757 1446 2840 quasi
1496 2756 1839 2843 imaginem
1887 2757 2235 2842 reliquerit,
2290 2757 2409 2822 sed
2452 2757 2572 2822 do-

399 2880 471 2916 1:ss
511 2851 788 2916 mesticis
835 2850 1292 2937 suspitionibus
1335 2862 1784 2936 perscrutetur.
1873 2851 1973 2916 sin
2016 2873 2275 2917 causam
2316 2851 2569 2919 adferet

395 3627 471 3664 13⁴]

509 2944 559 3004 is
575 2992 591 3016 2.
639 2943 746 3026 qui
782 2966 822 3007 a
855 2945 1170 3010 sententia
1204 2944 1424 3021 stabit,
1469 2944 1745 3031 primum
1779 2945 1898 3010 erit
1932 2955 2152 3011 contra
2192 2944 2566 3011 dicendum:

511 3058 701 3116 quam
735 3037 1082 3104 absurdum
1125 3060 1254 3104 non
1297 3060 1535 3125 negare
1580 3048 1801 3105 contra
1849 3038 2060 3124 legem
2108 3038 2368 3115 fecisse,
2423 3038 2565 3114 sed,

511 3152 635 3208 qua
683 3151 753 3193 re
804 3129 1055 3209 fecerit,
1119 3152 1381 3196 causam
1434 3131 1712 3215 aliquam
1760 3130 2074 3209 invenire3
2128 3131 2357 3197 deinde
2407 3151 2567 3196 con-

509 3244 692 3286 uersa
727 3244 871 3288 esse
905 3224 1144 3303 omnia3
1191 3235 1338 3290 ante
1374 3225 1595 3291 solitos
1632 3247 1775 3291 esse
1810 3235 2209 3291 accusatores
2244 3223 2562 3289 iudicibus

507 3315 917 3400 persuadere,
963 3317 1238 3384 adfinem
1271 3340 1417 3383 esse
1451 3318 1716 3383 alicuius
1752 3318 1974 3404 culpae
2010 3340 2186 3395 eum,
2230 3317 2342 3401 qui
2374 3337 2567 3382 accu-

511 3419 780 3490 sat-etun
826 3432 1091 3491 causam
1121 3413 1370 3479 adferre
1414 3434 1578 3496 quae
1613 3435 1761 3478 eum
1797 3412 1879 3477 ad
1917 3411 2312 3498 peccandum
2352 3410 2564 3497 impu-

507 3508 713 3584 lisset3
767 3527 936 3570 nunc
985 3506 1198 3593 ipsum
1247 3528 1429 3572 reum
1471 3528 1732 3572 causam
1774 3505 2048 3584 adferre,
2104 3526 2234 3589 qua
2281 3528 2351 3571 re
2405 3505 2565 3570 deli-

507 3598 738 3680 querit3
785 3599 1016 3665 deinde
1050 3599 1216 3665 hanc
1247 3599 1548 3664 inducere
1580 3599 1983 3686 partitionem
2016 3599 2340 3685 oportebit,
2378 3599 2563 3663 cuius

507 3696 567 3752 in
623 3690 906 3778 singulas
958 3693 1156 3778 partis
1216 3692 1454 3756 multae
1515 3692 1891 3759 convenient
1949 3691 2560 3778 argumentationes:

507 3788 806 3872 J‘srimum,
867 3785 1044 3850 nulla
1091 3786 1160 3851 in
1210 3785 1354 3871 lege
1404 3785 1602 3850 ullam
1662 3807 1922 3852 causam
1982 3795 2202 3853 contra
2254 3784 2562 3870 scriptum

507 3904 579 3944 sc:
587 3879 706 3964 cipi
740 3879 1108 3958 convenire3
1161 3877 1420 3956 deinde,
1468 3879 1524 3944 si
1557 3880 1624 3944 in
1657 3880 1882 3947 ceteris
1916 3880 2166 3968 legibus
2202 3878 2561 3955 conveniat,

507 3972 670 4036 hanc
730 3994 872 4037 esse
935 3973 1071 4037 eius
1132 3973 1308 4038 modi
1364 3972 1603 4058 legem,
1662 3985 1737 4038 ut
1794 3973 1862 4038 in
1909 3996 1990 4039 ea
2047 3996 2179 4039 non
2239 3982 2559 4058 oporteat3

507 4088 623 4148 pos
631 4076 856 4142 tremo,
910 4065 966 4128 si
999 4066 1065 4129 in
1098 4065 1220 4129 hac
1255 4085 1505 4152 quoque
1541 4067 1683 4152 lege
1727 4076 2039 4155 oporteat,
2092 4066 2257 4132 hanc
2301 4065 2561 4149 quidem
