2784 4575
471 249 597 316 122
783 203 799 222 ο
895 284 898 289 ·
1081 261 1160 316 Μ.
1200 261 1475 320 TULLII
1512 259 1918 318 CICERONIS

467 408 644 464 nem,
698 385 765 449 id
817 385 990 470 quod
1040 384 1523 452 vitiosissimum
1566 406 1643 450 ac
1694 383 2129 470 turpissimum
2182 393 2310 460 est,
2364 382 2547 448 infe-

467 491 660 546 ratur.
765 479 1050 565 paucitas
1102 478 1171 543 in
1221 478 1559 565 partitione
1613 488 1927 556 servatur,
1992 476 2050 542 si
2100 499 2337 564 genera
2385 477 2548 563 ipsa

465 595 678 639 rerum
711 582 1034 660 ponuntur
1073 595 1284 656 neque
1324 571 1635 659 permixte
1680 593 1825 636 cum
1867 571 2155 680 partibus
2199 569 2545 656 implican-

467 678 600 746 tur3
649 689 800 732 nam
853 689 1058 755 genus
1103 678 1230 746 est,
1285 667 1457 751 quod
1498 667 1699 752 pluris
1734 665 1933 752 partis
1978 665 2403 752 amplectitur,
2456 677 2545 730 ut

468 757 728 839 811111181,
791 783 941 847 pars
997 771 1124 839 est,
1187 783 1378 846 quae
1405 762 1627 827 subest
1684 758 1932 846 generi,
1994 770 2069 824 ut
2118 780 2349 843 equus,
2412 761 2545 826 sed

467 878 660 942 saepe
713 855 938 951 eadem
986 878 1106 921 res
1148 855 1255 920 alii
1307 877 1541 942 genus,
1596 853 1703 920 alii
1760 876 1911 941 pars
1956 863 2083 931 est,
2134 875 2285 918 nam
2335 854 2540 920 homo

361 965 431 1020 23
467 951 758 1016 animalis
819 973 970 1036 pars
1031 960 1162 1027 est,
1224 948 1518 1015 Thebani
1572 958 1682 1014 aut
1731 947 1995 1014 Troiani
2054 969 2279 1034 genus.
2367 947 2538 1014 haee

464 1043 610 1112 ideo
663 1043 1027 1130 diligentius
1082 1043 1398 1108 inducitur
1448 1040 1891 1131 praescriptio,
1952 1052 2026 1105 ut
2076 1052 2293 1128 aperte
2342 1041 2539 1112 intel-

463 1141 632 1206 lecta
672 1139 957 1226 generali
1005 1139 1340 1228 partitione
1396 1137 1680 1226 paucitas
1733 1159 2041 1224 generum
2080 1136 2149 1201 in
2189 1135 2537 1223 partitione

468 1235 708 1300 servari
749 1233 956 1320 possit
962 1259 983 1312 ;
1036 1257 1186 1298 nam
1238 1233 1348 1318 qui
1399 1233 1490 1300 ita
1539 1231 1806 1319 partitur
1860 1231 2219 1298 ‘ostendam
2268 1242 2537 1320 propter

463 1327 876 1416 cupiditatem
911 1339 976 1393 et
1010 1327 1342 1394 audaciam
1377 1338 1443 1393 et
1476 1326 1804 1394 avaritiam
1850 1325 2356 1393 adversariorum
2390 1347 2534 1391 om-

461 1421 572 1489 nia
619 1421 1021 1489 incommoda
1082 1422 1166 1488 ad
1223 1445 1359 1488 rem
1418 1421 1737 1509 publicam
1799 1419 2223 1508 pervenisse,'
2286 1419 2343 1485 is
2394 1443 2533 1486 non

461 1515 774 1584 intellexit
823 1517 890 1582 in
949 1517 1285 1605 partitione
1347 1516 1639 1603 exposito
1698 1537 1931 1603 genere
1992 1525 2238 1601 partem
2290 1536 2359 1580 se
2412 1537 2533 1600 ge-

461 1609 631 1676 neris
669 1609 1114 1688 admiscuisse,
1157 1634 1308 1676 nam
1343 1633 1549 1697 genus
1593 1620 1693 1675 est
1726 1609 2009 1676 omnium
2052 1607 2348 1674 nimirum
2380 1608 2531 1675 libi-

464 1703 682 1770 dinum
717 1705 1060 1792 cupiditas,
1107 1705 1244 1770 eius
1283 1715 1496 1770 autem
1530 1702 1783 1793 generis
1830 1703 1965 1770 sine
2002 1703 2195 1770 dubio
2238 1725 2387 1790 pars
2424 1715 2531 1770 est

370 1822 422 1865 ss
467 1798 748 1867 avaritia.
837 1800 959 1866 hoc
1001 1799 1194 1887 igitur
1236 1799 1567 1866 vitandum
1610 1808 1735 1877 081,
1788 1821 1899 1876 110,
1954 1797 2133 1863 0111118
2176 1801 2268 1864 rei
2317 1821 2526 1886 genus

460 1895 780 1982 posueris,
837 1894 1004 1972 eius,
1059 1893 1246 1958 sicuti
1289 1893 1567 1977 aliquam
1619 1892 1937 1958 diversam
1967 1915 2095 1958 rem
2139 1913 2215 1957 ac
2250 1891 2527 1958 dissimi-

449 1988 618 2078 lem,
661 1997 908 2074 partem
940 2009 1144 2072 ponas
1181 1987 1252 2052 in
1283 1985 1508 2053 eadem
1540 1985 1897 2073 partitione.
1988 1986 2217 2071 quodsi
2252 1987 2423 2070 quod
2452 1987 2525 2052 in

462 2104 664 2168 genus
708 2080 924 2166 plures
978 2081 1260 2148 incident
1308 2093 1553 2168 partes,
1606 2081 1674 2151 id
1724 2102 1871 2146 cum
1920 2081 1987 2146 in
2036 2081 2241 2166 prima
2290 2101 2523 2147 causae

460 2176 798 2262 partitione
849 2175 969 2242 erit
1021 2175 1389 2262 simpliciter
1452 2175 1839 2263 expositum,
1904 2175 2312 2242 distribuetur
2362 2186 2525 2241 tem-
2732 2169 2748 2228 '-

459 2293 615 2358 pore
659 2292 736 2337 eo
781 2270 1318 2350 commodissime,
1374 2293 1522 2338 cum
1566 2271 1648 2338 ad
1689 2271 1903 2358 ipsum
1944 2281 2207 2337 ventum
2250 2271 2369 2337 erit
2410 2293 2525 2337 ex·-

458 2364 825 2451 plicandum
873 2365 942 2430 in
995 2388 1226 2432 causae
1279 2365 1553 2433 dictione
1604 2376 1757 2454 post
1803 2366 2225 2452 partitionem.
2332 2376 2523 2449 atque

460 2458 619 2524 illud
653 2481 904 2544 quoque
937 2460 1212 2547 pertinet
1247 2462 1330 2526 ad
1361 2460 1775 2548 paucitatem,
1820 2482 1903 2525 ne
1940 2470 2049 2524 aut
2080 2459 2290 2546 plura,
2330 2482 2523 2545 quam

462 2552 616 2621 satis
654 2564 780 2631 est,
818 2554 1358 2621 demonstraturos
1396 2577 1515 2620 nos
1552 2554 1857 2631 dicamus,
1894 2554 2018 2618 1100
2052 2554 2242 2619 1110ἁο
2280 2559 2521 2619 ‘osten-

462 2649 609 2714 dam
645 2646 1072 2727 adversarios,
1129 2649 1300 2733 quod
1350 2671 1724 2736 arguamus,
1778 2658 1843 2713 et
1884 2647 2169 2733 potuisse
2212 2648 2421 2715 facere
2456 2659 2523 2713 01

458 2741 738 2809 voluisse
773 2752 842 2809 et
873 2742 1162 2821 fecisse3’
1207 2766 1358 2808 nam
1392 2741 1626 2809 fecisse
1664 2741 1819 2807 satis
1856 2750 1957 2807 est
1990 2740 2323 2809 ostendere
2333 2766 2353 2820 3
2390 2751 2518 2820 aut,

461 2856 605 2901 011111
638 2836 706 2901 111
751 2858 948 2903 081188
989 2836 1244 2924 partitio
1279 2836 1456 2903 nulla
1492 2837 1577 2902 sit
1618 2847 1683 2902 et
1718 2857 1865 2901 cum
1908 2833 2177 2920 simplex
2220 2830 2521 2919 quiddam

461 2939 714 3015 agatur,
759 2940 973 2997 tamen
1006 2942 1260 2997 utamur
1294 2930 1765 3009 distributione,
1810 2929 1879 2995 id
1912 2928 2083 3013 quod
2115 2945 2372 3014 perraro
2406 2950 2521 3016 po-

461 3032 588 3087 test
640 3022 946 3089 accidere.
1035 3045 1112 3089 ac
1165 3035 1315 3092 sunt
1367 3024 1493 3089 alia
1544 3046 1796 3109 quoque
1848 3034 2189 3110 praecepta
2237 3022 2519 3110 partitio-

459 3138 640 3193 num,
702 3138 866 3199 quae
919 3118 1003 3182 ad
1053 3117 1224 3182 hunc
1273 3140 1465 3183 usum
1516 3118 1859 3184 oratorium
1910 3140 2040 3183 non
2100 3128 2275 3183 tanto
2330 3138 2517 3203 opere

457 3207 842 3295 pertineant,
907 3231 1069 3294 quae
1130 3222 1465 3277 versantur
1524 3211 1592 3277 in
1652 3210 2093 3299 philosophia,
2146 3234 2229 3277 ex
2290 3211 2515 3296 quibus

461 3302 675 3368 haec
654 3325 800 3389 ipsa
832 3303 1296 3384 transtulimus,
1350 3328 1515 3389 quae
1551 3305 1889 3372 convenire
1924 3288 2327 3384 videbantur,
2365 3325 2518 3389 quo-

458 3418 603 3462 rum
652 3396 811 3462 nihil
859 3398 928 3463 in
979 3398 1206 3466 ceteris
1270 3400 1511 3465 artibus
1572 3399 2072 3466 inveniebamus.
2178 3410 2368 3484 atque
2418 3398 2515 3465 1118

460 3492 540 3557 de
575 3490 911 3579 partitione
944 3494 1300 3581 praeceptis
1335 3495 1403 3561 in
1439 3494 1611 3561 omni
1638 3494 1911 3561 dictione
1934 3494 2301 3561 meminisse
2336 3517 2519 3581 opor-
2742 3492 2749 3575 1

457 3586 644 3666 tebit,
703 3596 778 3652 ut
835 3599 900 3653 et
957 3588 1164 3674 prima
1223 3608 1514 3676 quaeque
1574 3612 1753 3678 pars,
1814 3599 1888 3653 ut
1946 3588 2238 3675 exposita
2297 3600 2398 3654 est
2452 3588 2517 3653 in
2746 3580 2748 3619 f

461 3680 824 3768 partitione,
878 3681 970 3747 sic
1023 3683 1242 3749 ordine
1295 3684 1683 3771 transigatur
1726 3694 1791 3749 et
1842 3681 2138 3747 omnibus
2190 3682 2515 3770 explicatis

458 3788 821 3863 peroratum
857 3777 940 3843 sit
987 3774 1138 3865 [hoc
1171 3778 1391 3869 modo]
1406 3829 1423 3859 ,
1476 3790 1550 3845 ut
1589 3802 1673 3845 ne
1726 3777 1879 3863 quid
1918 3778 2235 3866 posterius
2270 3790 2517 3865 praeter

461 3872 932 3939 conclusionem
983 3872 1307 3941 inferatur.
1412 3872 1681 3960 partitur
1732 3872 1905 3959 apud
1954 3872 2327 3939 Terentium
2376 3872 2516 3937 bre-

461 3960 624 4029 viter
658 3975 722 4030 et
755 3966 1086 4033 commode
1135 3989 1331 4034 senex
1373 3967 1443 4032 in
1476 3966 1753 4045 Andria,
1808 3986 1971 4050 quae
2025 3986 2411 4052 cognoscere
2438 3964 2515 4031 'li-

462 4056 712 4123 bertum
744 4058 926 4125 velit:
