2784 4575
376 796 455 837 103

374 1455 450 1491 15¹4

378 2175 442 2223 Ξῖ]

370 2247 446 2283 ιῡῡ

358 3424 430 3460 1⁴3?

357 4068 430 4108 1¹:¹5

491 258 577 322 22
1107 269 1188 322 Μ.
1223 267 1488 324 TULLII
1525 264 1928 323 CICERONIS

491 393 573 458 de
618 414 746 476 qua
776 412 918 457 meo
971 389 1276 456 arbitratu
1320 390 1561 473 loquar,
1606 388 1882 475 ponitis?
1935 390 2190 474 quando
2230 390 2402 456 enim
2447 414 2560 458 me

486 487 615 552 ista
646 508 905 552 curasse
941 496 1050 550 aut
1103 484 1423 571 cogitasse
1474 482 1862 548 arbitramini
1896 497 1962 549 et
1994 507 2125 550 non
2169 507 2423 572 semper
2453 486 2564 551 in-

486 580 711 648 risisse
744 579 958 665 potius
993 601 1213 644 comm
1246 576 1575 644 hominum
1617 576 2105 664 impudentiam,
2160 578 2268 661 qui
2303 600 2451 644 cum
2482 580 2558 645 in

494 674 714 740 schola
747 673 1148 739 adsedissent
1181 694 1417 759 magna
1449 670 1773 736 hominum
1803 672 2177 756 frequentia,
2216 672 2426 739 dicere
2453 673 2557 740 iu-

487 770 729 847 berent,
760 767 815 833 si
842 767 981 852 quis
1010 766 1163 850 quid
1190 766 1555 850 quaereret?
1591 766 1762 850 quod
1790 766 2068 851 primum
2093 766 2305 831 ferunt
2330 769 2555 835 Leon-

489 862 690 927 tinum
724 861 957 927 fecisse
994 859 1334 947 Gorgiam,
1391 860 1501 943 qui
1543 882 1963 946 permagnum
2007 860 2309 944 quiddam
2343 863 2553 927 susci-

484 978 637 1043 pere
674 976 752 1021 ac
782 953 1064 1040 profiteri
1099 954 1462 1030 videbatur,
1516 974 1660 1017 cum
1696 974 1767 1018 se
1803 953 1886 1017 ad
1920 954 2161 1032 omnia,
2199 955 2280 1021 de
2311 955 2547 1038 quibus

487 1048 755 1134 quisque
791 1047 1009 1113 audire
1045 1047 1264 1124 vellet,
1318 1067 1464 1111 esse
1498 1057 1792 1132 paratum
1846 1047 2268 1127 denuntiaret3
2319 1059 2551 1135 postea

485 1166 639 1208 vero
689 1141 880 1228 volgo
931 1141 1055 1208 hoc
1106 1141 1316 1207 facere
1376 1151 1721 1226 coeperunt
1771 1140 2085 1226 hodieque
2137 1141 2404 1219 faciunt,
2469 1154 2549 1207 ut

490 1239 665 1300 nulla
717 1234 800 1299 sit
850 1257 953 1300 res
1007 1256 1215 1318 neque
1268 1245 1446 1299 tanta
1496 1255 1702 1317 neque
1762 1244 1895 1299 tam
1944 1234 2286 1322 improvisa
2331 1256 2550 1319 neque

490 1348 618 1391 tam
649 1351 846 1407 nova,
890 1330 970 1393 de
1006 1351 1132 1413 qua
1166 1351 1237 1394 se
1270 1352 1404 1394 non
1438 1328 1678 1405 omnia,
1725 1349 1888 1411 quae
1925 1328 2049 1393 dici
2082 1328 2356 1415 possint,
2389 1351 2550 1415 pro-

490 1427 777 1491 fiteantur
812 1446 956 1489 esse
992 1424 1290 1489 dicturos.
1379 1422 1608 1506 quodsi
1642 1432 1734 1501 te,
1790 1420 2010 1500 Cotta,
2065 1422 2400 1488 arbitrarer
2435 1434 2549 1488 aut

490 1536 578 1595 te,
626 1517 897 1604 Sulpici,
953 1518 1033 1583 de
1079 1517 1172 1583 eis
1228 1517 1420 1584 rebus
1466 1516 1684 1582 audire
1727 1516 1921 1594 velle,
1977 1515 2384 1582 adduxissem
2418 1516 2547 1582 huc

490 1611 806 1676 [ii-aecum
858 1610 1161 1697 aliquem,
1218 1609 1327 1696 qui
1377 1633 1497 1676 vos
1547 1609 1730 1676 istius
1782 1609 1954 1675 modi
2009 1610 2541 1695 disputationibus

486 1707 851 1783 delectaren
907 1705 1080 1788 quod
1120 1727 1201 1771 ne
1246 1726 1419 1770 nunc
1463 1703 1717 1789 quidem
1762 1704 2018 1769 difficile
2053 1703 2229 1767 factu
2264 1714 2392 1769 est:
2445 1714 2544 1768 est

482 1803 650 1867 mim
696 1800 868 1886 apud
901 1798 1000 1864 M.
1035 1798 1343 1864 Pisonem
1398 1799 1873 1863 adulescentem
1924 1797 2072 1862 huic
2116 1796 2327 1863 studio
2365 1796 2542 1862 dedi·
2618 1822 2625 1827 ·
2730 1791 2733 1855 ’ς

484 1907 643 1972 mm,
699 1915 947 1959 summo
982 1892 1306 1958 hominem
1356 1892 1614 1977 ingenio
1667 1891 1992 1976 nostrique
2038 1890 2539 1977 cupidissimum,

482 1986 943 2072 Peripateticus
983 1983 1247 2050 Staseas
1285 1983 1477 2050 homo
1523 1985 1708 2051 nobis
1755 2007 1908 2050 sane
1952 1984 2280 2051 familiaris
2326 1996 2416 2063 et,
2468 1995 2540 2049 ut

482 2080 643 2143 inter
700 2078 990 2143 homines
1041 2078 1279 2163 peritos
1342 2088 1633 2144 constare
1696 2078 1910 2155 video,
1964 2078 2031 2143 in
2082 2078 2193 2144 illo
2257 2101 2374 2144 suo
2423 2102 2537 2165 ge-

482 2195 631 2235 nere
684 2171 965 2237 omnium
1017 2170 1355 2258 princeps?
1430 2177 1647 2257 ‘quem
1702 2183 1772 2237 tu
1805 2172 1988 2238 mihi'
2048 2172 2254 2256 inquit
2279 2172 2532 2237 Mucius

486 2271 502 2297 ‘²
517 2267 837 2344 ffitaseam,
874 2285 1064 2349 quem
1096 2264 1594 2353 Peripateticum
1628 2268 1888 2332 narras?
1935 2267 2254 2353 gerendus
2290 2277 2391 2332 est
2423 2265 2536 2333 tibi

478 2379 614 2423 mss
654 2359 1183 2438 adulescentibus,
1223 2357 1482 2439 Crasse,
1518 2361 1626 2445 qui
1662 2384 1794 2427 non
1822 2360 2054 2428 Graeci
2082 2360 2344 2426 alicuius
2381 2361 2535 2427 coti-

478 2451 731 2518 dianam
780 2453 1229 2538 loquacitatem
1282 2453 1420 2520 sine
1455 2477 1578 2521 usu
1622 2477 1828 2540 neque
1875 2477 1956 2520 ex
1999 2453 2231 2520 scholis
2277 2455 2539 2520 cantile-

474 2571 622 2611 nam
655 2548 1009 2632 requirunt,
1064 2547 1180 2613 sed
1213 2571 1296 2612 ex
1328 2548 1584 2614 homine
1620 2548 1901 2615 omnium
1938 2547 2396 2635 sapientissimo
2436 2558 2538 2612 at-

478 2663 598 2723 que
632 2641 1153 2726 eloquentissimo
1189 2653 1379 2727 atque
1417 2665 1500 2708 ex
1533 2664 1640 2720 ec,
1696 2643 1804 2726 qui
1839 2664 1970 2707 non
2002 2642 2070 2707 in
2103 2641 2362 2718 libellis,
2417 2642 2536 2707 sed

474 2735 537 2795 in
574 2735 866 2801 maximis
912 2737 1121 2801 causis
1159 2747 1224 2801 et
1254 2737 1325 2800 in
1368 2736 1492 2802 hoc
1543 2735 1860 2801 domicilio
1903 2736 2152 2823 imperii
2188 2747 2252 2801 et
2295 2735 2534 2822 gloriae

474 2831 554 2892 sit
610 2829 873 2918 consilio
926 2828 1275 2917 linguaque
1318 2830 1646 2917 princeps,
1701 2831 1878 2896 cuius
1924 2831 2198 2918 vestigia
2237 2831 2533 2917 persequi

390 2956 438 2992 ,ω
474 2924 760 3008 eupiunt,
797 2923 934 2990 eius
972 2925 1351 2990 sententiam
1389 2925 1818 2991 sciscitantur:
1856 2925 2150 3010 equidem
2184 2937 2248 2992 te
2285 2948 2428 2990 cum
2463 2925 2530 2989 in

470 3017 739 3082 dicendo
794 3040 1046 3104 semper
1096 3019 1318 3105 putavi
1370 3021 1590 3098 deum,
1644 3031 1782 3085 tum
1824 3043 1977 3086 vero
2021 3021 2136 3086 tibi
2185 3041 2533 3103 numquam

474 3111 867 3196 eloquentiae
928 3113 1235 3180 maiorem
1288 3113 1480 3179 tribui
1531 3114 1787 3179 laudem
1838 3136 2032 3199 quam
2091 3111 2530 3191 humanitatis3

470 3228 598 3284 qua
644 3227 813 3269 nunc
845 3207 939 3270 uti
974 3206 1077 3271 vel
1129 3207 1407 3272 maxime
1460 3209 1644 3273 decet
1677 3218 1741 3274 te
1785 3231 1992 3293 neque
2048 3208 2350 3295 defugere
2385 3228 2531 3272 eam

470 3298 987 3384 disputationem,
1035 3301 1119 3366 ad
1154 3322 1347 3385 quam
1384 3311 1449 3366 te
1485 3302 1611 3368 duo
1649 3303 2031 3369 excellentes
2067 3303 2340 3389 ingeniis
2377 3301 2533 3366 adu-

466 3392 777 3457 lescentes
813 3393 1075 3480 cupiunt
1108 3394 1451 3461 accedere?
1543 3401 1692 3484 ‘ego
1737 3397 1917 3462 vero'
1953 3397 2160 3481 inquit
2212 3394 2379 3462 ‘istis
2416 3396 2531 3461 ob-

470 3485 646 3572 sequi
699 3486 923 3553 studeo
974 3510 1181 3572 neque
1234 3488 1552 3576 gravabor
1602 3490 1881 3558 breviter
1922 3513 2066 3556 meo
2120 3513 2325 3569 more,
2380 3489 2532 3574 quid

466 3602 714 3664 quaque
750 3581 831 3646 de
864 3602 934 3645 re
971 3581 1267 3660 sentiam,
1315 3583 1544 3650 dicere.
1634 3605 1709 3649 ac
1742 3584 2017 3671 primum
2051 3584 2212 3648 illud
2243 3619 2336 3632 --
2369 3605 2530 3668 quo-

466 3672 634 3737 niam
687 3674 1124 3740 auctoritatem
1150 3686 1351 3741 tuam
1404 3679 1773 3765 neglegere,
1830 3676 2171 3756 Scaevola,
2225 3678 2327 3744 fas
2371 3677 2528 3742 mihi

466 3792 594 3828 non
646 3788 791 3832 esse
842 3778 1000 3854 puto
1042 3803 1132 3816 —
1171 3771 1560 3857 respondeo,
1613 3772 1770 3837 mihi
1820 3771 2073 3838 dicendi
2125 3781 2236 3838 aut
2286 3771 2530 3836 nullam

466 3876 663 3924 artem
696 3874 805 3924 aut
836 3872 1205 3947 pertenuem
1260 3863 1488 3941 videri,
1541 3864 1657 3930 sed
1691 3887 1944 3930 omnem
1989 3887 2133 3932 esse
2175 3864 2532 3931 contentio-

466 3976 610 4016 nem
643 3952 808 4018 inter
846 3955 1134 4021 homines
1170 3956 1394 4023 doctos
1429 3957 1498 4022 in
1531 3957 1711 4025 verbi
1753 3959 2186 4027 controversia
2218 3959 2529 4045 positam3

469 4068 614 4108 nam
650 4046 706 4110 si
741 4069 845 4113 ars
879 4048 971 4113 ita
1006 4049 1317 4132 definitur,
1351 4062 1427 4116 ut
1459 4051 1649 4137 paulo
1687 4064 1832 4119 ante
1860 4053 2155 4141 exposuit
2176 4053 2529 4134 Antonius,
