2784 4575
355 287 544 335 XXVI
1133 288 1471 331 ADNOTA'I'IO
1509 287 1755 331 CRITICA.

357 400 552 457 Orelli.
571 398 632 453 in
651 397 854 453 animis
874 398 1227 453 extollendis,
1245 400 1431 453 inanis.
1468 416 1701 453 rursum.
1736 398 2183 452 consultationum.
2219 413 2275 467 p.
2314 394 2545 449 consul·

353 478 532 549 pgbss.
553 476 684 530 incl.
705 475 976 529 immanis.
1002 478 1023 545 11
1049 480 1132 529 82.
1153 476 1431 546 quaequis—
1468 476 1717 531 tationis.
1742 477 1764 545 11
1789 470 1901 548 31,
1938 480 2052 529 107.
2095 474 2144 526 si
2166 489 2315 543 quae.
2352 472 2450 542 pb.
2498 470 2549 525 si

308 554 315 563 “
352 572 470 625 que.
515 570 571 623 p.
617 553 775 621 quod
801 552 1059 623 quisque.
1113 554 1298 605 eisdem
1326 566 1433 603 om.
1470 570 1599 624 qua.
1652 553 1882 621 coaryui.
1934 567 2054 623 ΡΠ.
2107 548 2287 618 argui.
2349 550 2547 619 scripto

356 632 464 701 pb,
501 629 636 683 incl.
661 631 684 697 11
707 624 818 701 24,
861 632 946 682 83.
989 629 1104 682 iure
1127 630 1254 697 ipse.
1296 626 1434 697 pgb.
1469 636 1769 698 nonpotest.
1793 645 1851 698 Ρ.
1878 642 1995 681 11011
2011 631 2207 697 potest
2226 625 2456 695 scripto.
2484 642 2551 677 ea:

355 708 481 777 ipse
506 706 646 760 iure.
681 706 758 759 ita
781 707 1082 775 referuntur
1111 705 1301 757 omnia.
1335 702 1435 770 b‚p
1469 707 1677 774 scripto.
1705 704 1801 774 pb.
1828 703 1902 757 de
1922 703 2149 772 scripto.
2176 702 2199 771 1
2225 706 2338 756 108.
2365 702 2554 771 scripti

357 784 490 855 (om.
510 781 690 855 ‘ita’).
727 782 914 836 omnia
939 781 1021 835 ita
1047 780 1426 850 τοῖοι-1111111011
1470 781 1909 851 siqnificationem.
1960 796 2017 848 p.
2074 776 2551 849 significationem

355 866 444 914 84.
491 858 706 911 etiamsi.
751 857 848 927 pb.
895 856 1020 911 etsi.
1071 875 1177 909 non
1200 858 1433 911 necessa·
1474 856 1687 926 scripti.
1722 872 1787 909 ac
1804 856 1939 907 velit.
1965 871 2087 923 prv.
2124 854 2163 926 (⁴
2176 858 2236 909 et
2252 854 2434 909 velit’.
2464 852 2547 923 b.)

358 936 496 988 rium
513 934 732 1005 aliquid.
769 950 825 1004 p.
859 932 1078 1004 aliquid
1103 949 1221 987 non
1237 948 1433 987 neces·
1471 938 1571 987 aut
1588 930 1739 987 velit.
1772 932 1927 985 iudea:
1942 939 2206 1001 sequatur.
2242 928 2303 985 Ο.
2340 946 2546 1001 sequa·

359 1012 586 1065 sarium.
623 1027 680 1080 Ρ.
721 1012 789 1068 ‚sit
814 1011 870 1063 id
895 1027 1155 1079 maynum.
1190 1026 1322 1080 pvg.
1363 1009 1439 1062 sit
1472 1008 1762 1062 tux-iudex.
1788 1008 1809 1076 11
1833 1003 2063 1079 32,110.
2076 1007 2254 1075 prima
2268 1008 2385 1059 duo.
2403 1006 2547 1076 pgb.

357 1102 642 1156 magnum.
667 1089 688 1155 11
713 1092 797 1141 86.
833 1103 1054 1156 quorum
1079 1088 1192 1139 alia
1207 1094 1328 1138 sunt
1337 1102 1439 1155 per
1474 1086 1585 1137 duo
1603 1084 1799 1154 prima.
1826 1084 1847 1153 1
1872 1090 1987 1137 113.
2018 1084 2263 1136 Ιιίεεηίηι.
2300 1083 2396 1151 pb.
2431 1083 2546 1137 his.

359 1182 416 1217 se
441 1165 724 1233 expetenda
739 1192 810 1203 —
825 1171 882 1214 ut
899 1180 1022 1232 opes
1038 1170 1086 1214 et
1101 1163 1281 1231 copiae
1306 1162 1437 1216 incl.
1472 1160 1782 1215 facultatis.
1817 1175 1875 1228 p.
1910 1158 2174 1213 facultas.
2212 1161 2420 1229 aliquis.
2448 1164 2547 1228 Ρβ.

366 1242 490 1309 1187.
527 1256 660 1309 quae
673 1246 893 1308 propter
909 1256 964 1291 se
981 1247 1285 1307 expetuntur
1301 1238 1434 1292 incl.
1473 1238 1638 1292 alius.
1692 1253 1848 1307 quam
1874 1235 1939 1289 ob
1965 1254 2075 1289 rem
2098 1234 2231 1289 incl.
2274 1238 2401 1289 haec
2426 1237 2545 1288 sint.

355 1333 458 1385 per
472 1332 596 1368 sese.
615 1331 669 1383 p.
688 1330 794 1383 per
811 1328 890 1390 se.
915 1316 936 1383 11
960 1309 1061 1387 25,
1081 1319 1163 1367 90.
1190 1332 1300 1369 esse
1317 1316 1436 1368 duo.
1470 1313 1605 1383 pvb',
1618 1314 1742 1385 rg·(‘
1755 1313 1899 1365 haec
1918 1312 2113 1383 sunt').
2160 1313 2272 1366 sint
2286 1311 2449 1365 haec.
2486 1313 2550 1365 de

361 1391 459 1460 pb.
479 1391 590 1444 duo
613 1405 756 1443 esse.
775 1399 824 1443 et
836 1391 1069 1459 politum.
1079 1392 1178 1460 pb,
1191 1390 1436 1445 Ernesti.
1472 1407 1649 1443 causa.
1678 1407 1732 1459 p.
1770 1388 1840 1443 de
1861 1388 2063 1441 causis.
2089 1390 2110 1457 11
2134 1384 2237 1461 33,
2276 1394 2394 1442 114.
2430 1395 2550 1441 sunt

363 1470 536 1537 atque
555 1466 878 1535 expolitum.
901 1469 922 1535 11
947 1462 1048 1537 26,
1061 1474 1146 1519 91.
1165 1469 1437 1521 videndum
1472 1468 1625 1537 quasi
1640 1467 1820 1518 tacita:
1842 1464 1978 1534 pgb.
2018 1466 2183 1535 quasi
2200 1466 2378 1521 tacita
2398 1470 2548 1518 sunt.

359 1551 452 1597 est.
477 1549 574 1611 Ρβ.
599 1542 920 1598 videndum.
950 1543 1200 1613 expetivit.
1219 1560 1313 1613 py.
1343 1559 1436 1597 ex·
1470 1542 1718 1610 interfuit.
1766 1559 1823 1610 p.
1874 1539 2206 1596 interfuerit.
2260 1544 2409 1595 talia.
2454 1558 2548 1611 pv,

359 1621 537 1687 petat.
563 1617 717 1687 fuyit.
745 1636 803 1689 y.
829 1618 1030 1690 fugiat.
1065 1621 1351 1689 estqravis.
1379 1636 1436 1689 Ρ.
1474 1618 1701 1673 Schiitz.
1738 1622 1798 1671 et
1823 1616 1979 1670 talia.
2005 1619 2025 1687 11
2050 1613 2161 1690 34,
2200 1625 2316 1672 117.
2350 1618 2551 1687 falsum

365 1694 553 1764 gravis
583 1698 684 1748 est.
709 1696 730 1765 11
757 1700 840 1749 92.
880 1714 1075 1765 yenera
1093 1697 1352 1749 virtutum.
1379 1712 1436 1764 p.
1471 1696 1539 1748 sit
1556 1712 1660 1747 scr.
1688 1693 1896 1747 falsum
1914 1698 2017 1747 est.
2043 1696 2191 1747 huius
2207 1696 2297 1748 rei.
2317 1711 2414 1763 py.
2434 1690 2549 1764 (fot

361 1770 628 1823 virtutum
646 1786 874 1839 genera.
891 1774 1129 1826 honestas
1146 1770 1437 1840 minuapb.
1474 1772 1625 1825 ‘eius
1647 1772 1775 1842 rei’)
1803 1770 2093 1839 cuiusque.
2146 1789 2249 1841 quo
2266 1772 2331 1824 de
2356 1778 2553 1839 ayatur

361 1844 544 1898 minus
561 1846 848 1901 honestas.
877 1865 984 1917 qua
999 1866 1058 1902 re
1073 1850 1211 1917 quid.
1238 1865 1295 1918 p.
1323 1862 1440 1917 qua
1474 1863 1579 1900 scr.
1599 1846 1639 1918 (⁴
1653 1848 1806 1917 quod
1825 1846 2069 1916 agatur'.
2086 1846 2166 1917 p.)
2190 1848 2259 1901 de
2281 1862 2394 1916 quo
2413 1860 2549 1915 aga·

363 1933 424 1974 re
452 1922 624 1994 quod.
659 1922 681 1991 11
715 1928 796 1977 93.
834 1926 906 1975 ad
929 1925 1306 1993 conficiendum
1340 1925 1436 1976 ali·
1474 1928 1579 1975 tur.
1592 1925 1820 1992 primum
1834 1940 2014 1991 qenus.
2025 1940 2081 1991 p.
2101 1923 2549 1991 genusprimum.

362 2012 533 2065 quam.
543 2013 638 2066 pg.
651 1998 902 2067 aliquam
921 1997 994 2051 ad
1007 1996 1437 2051 conficiendum.
1473 2001 1569 2053 erit
1596 2015 1705 2052 om.
1738 2016 1794 2069 Ρ.
1834 1998 1966 2051 incl.
2009 2000 2245 2067 quirem.
2280 2004 2413 2067 Ρνβ.
2452 1996 2551 2065 qui

367 2072 390 2137 11
415 2077 498 2123 94.
527 2075 598 2124 ad
614 2074 826 2141 aliquid.
847 2090 902 2141 p.
923 2072 1154 2143 aliquid.
1181 2076 1202 2142 11
1228 2069 1329 2143 27,
1350 2080 1433 2128 96.
1474 2091 1599 2129 eam
1615 2092 1750 2129 rem.
1776 2077 1796 2144 11
1826 2079 1938 2127 118.
1960 2084 2129 2128 tamen
2145 2076 2207 2127 de
2222 2075 2433 2127 incestu.
2446 2072 2546 2141 pb.

361 2146 1169 2219 deretinendis.p.retinendis.fl
1193 2156 1275 2203 97.
1295 2151 1438 2203 debe·
1475 2152 1545 2205 de
1579 2151 1803 2205 incestu
1836 2156 2042 2205 tamen.
2076 2152 2097 2219 11
2135 2156 2248 2203 119.
2292 2158 2547 2217 apertum.

365 2221 503 2273 bunt.
521 2238 643 2291 prv.
663 2224 890 2277 debent.
917 2225 938 2294 11
962 2220 1063 2296 28,
1083 2232 1164 2279 99.
1183 2243 1290 2279 non
1305 2226 1437 2280 incl.
1474 2229 1609 2298 gbss.
1634 2228 1777 2301 (⁴aut
1792 2228 2037 2281 certum’.
2063 2226 2143 2298 p.)
2164 2226 2257 2279 Or.
2278 2225 2546 2294 ineptum.

363 2295 628 2350 Lambin.
653 2300 674 2368 11
703 2305 817 2354 100.
854 2318 920 2354 ac
938 2303 1270 2372 publicarum
1303 2303 1436 2357 incl.
1480 2300 1637 2374 1135,
1686 2311 1801 2358 120.
1848 2307 1993 2357 dicet.
2029 2321 2114 2372 pr.
2159 2302 2312 2356 dicit.
2358 2303 2549 2371 quoad.

363 2374 642 2442 capiendis.
670 2392 762 2445 pv.
801 2377 1163 2448 accipiendis,
1195 2383 1435 2449 paulum.
1476 2381 1666 2436 Orelli.
1704 2380 1874 2450 quod.
1902 2382 1922 2449 11
1953 2385 2063 2433 121.
2128 2395 2397 2431 commune
2430 2379 2551 2430 insi-

360 2465 417 2518 p.
477 2450 786 2518 paululum.
867 2453 1096 2518 formam
1139 2473 1436 2509 causarum.
1472 2460 1695 2511 diarum.
1722 2474 1815 2527 pv.
1840 2456 2169 2510 insidiarum
2188 2471 2499 2508 commune.
2525 2457 2547 2522 11

359 2525 532 2595 Png·
559 2525 812 2582 formam·
839 2530 859 2597 ΙΙ
883 2525 986 2602 29,
1028 2538 1142 2586 101.
1185 2549 1433 2602 arquare.
1472 2528 1573 2604 36,
1614 2539 1728 2587 125.
1766 2551 1829 2586 ne
1848 2541 2019 2585 ratum
2035 2532 2321 2596 haberetur.
2359 2548 2420 2600 p.
2460 2546 2551 2583 ra-

360 2619 416 2671 p,
445 2600 706 2656 Lambin.
742 2621 997 2676 arguere.
1029 2608 1051 2676 11
1088 2613 1201 2661 102.
1247 2610 1437 2662 descri-
1473 2616 1591 2662 tum
1609 2610 1838 2664 habere.
1867 2627 1975 2660 non
1992 2615 2268 2675 corruptus
2288 2622 2397 2659 scr.
2428 2621 2555 2659 cor-

357 2679 532 2763 ptione
549 2689 642 2732 aut
662 2696 767 2734 om.
781 2683 877 2751 gb.
896 2682 1027 2736 incl.
1050 2690 1098 2736 et
1113 2685 1245 2736 recti
1259 2700 1367 2738 om.
1379 2684 1436 2737 b.
1473 2692 1689 2754 ruptus.
1708 2703 1815 2738 non
1824 2686 2125 2738 rescindere.
2137 2700 2192 2753 Ρ.
2202 2681 2549 2736 rescindere.

359 2753 494 2806 11101.
523 2757 703 2824 aliquo
721 2767 879 2812 certo.
898 2776 994 2828 py.
1026 2758 1237 2829 aliquo.
1265 2760 1437 2827 fatea-
1474 2761 1762 2832 aequitate
1780 2760 2045 2815 utilitate.
2076 2760 2135 2813 C.
2164 2759 2286 2826 (ant
2325 2758 2563 2829 ‘aequi-·

357 2836 464 2884 lur-
498 2847 554 2899 p-
599 2831 874 2902 fatena-‚u
911 2837 1023 2888 108.
1073 2845 1343 2890 vocantur.
1379 2855 1435 2906 p.
1473 2844 1592 2893 tate
1613 2843 1671 2892 et
1686 2835 2015 2907 utilitate’?)
2044 2834 2330 2904 aequitate
2348 2839 2415 2888 ut
2434 2835 2552 2888 illa.

358 2911 649 2958 vocentur.
677 2909 918 2962 rationes.
938 2927 994 2978 p.
1022 2911 1313 2966 rationem.
1341 2929 1437 2981 ap·
1472 2933 1500 2968 e
1518 2932 1624 2984 qua
1639 2915 1908 2966 scribenda
1928 2916 2013 2966 lex
2030 2913 2095 2965 sit
2115 2927 2220 2964 scr.
2242 2910 2281 2982 (‘
2293 2927 2481 2982 aequa
2502 2909 2554 2964 si

354 2981 626 3047 pellemus.
661 2998 716 3051 p.
762 2984 1132 3052 appellamus.
1185 2990 1326 3057 quod
1349 2990 1438 3041 de-
1474 2990 1778 3044 scribenda
1812 2990 1904 3043 lex
1940 2989 2053 3042 sit'.
2096 2986 2177 3060 p.)
2214 2985 2378 3057 quasi
2414 2986 2555 3040 scri-

359 3053 609 3142 fenden-et:
648 3073 705 3123 p.
752 3059 887 3127 quid
913 3060 1262 3118 defenderet.
1287 3065 1309 3132 11
1333 3058 1435 3134 30,
1472 3067 1664 3120 beuda
1679 3067 1773 3119 lex
1792 3064 1875 3118 sic
1892 3070 2060 3118 esset.
2090 3080 2321 3135 quaeque
2338 3071 2461 3114 tum.
2490 3079 2553 3132 p.

365 3134 481 3181 104.
501 3147 574 3216 ec
589 3131 718 3184 11101.
753 3139 1008 3203 quaedam
1025 3141 1272 3192 cxci-itur.
1300 3156 1433 3208 pvg.
1473 3156 1731 3212 quaeque
1750 3147 1952 3194 tamen.
1971 3142 2428 3209 complecterentur
2438 3154 2552 3194 scr.

362 3209 612 3293 efontur
647 3209 942 3296 quaedam.
1012 3216 1124 3268 lata
1159 3224 1206 3268 et
1239 3223 1297 3267 ut
1331 3217 1440 3267 duci
1474 3219 1958 3287 complecteretur.
2004 3217 2140 3269 dicit.
2176 3233 2233 3284 p.
2272 3214 2495 3268 dicitur.
2521 3217 2547 3285 11

246 3302 254 3306 ·
361 3279 570 3350 diffusa.
589 3280 846 3336 Lambln.
875 3286 996 3342 lata
1011 3295 1075 3342 ut
1093 3289 1207 3343 dixi
1226 3295 1286 3344 et
1303 3307 1435 3344 con·
1475 3299 1587 3346 126.
1611 3295 1765 3364 quasi
1776 3311 2039 3347 converso.
2050 3310 2105 3362 p.
2126 3293 2290 3362 quasi
2306 3308 2379 3346 ex
2394 3307 2551 3346 vere.

359 3354 504 3409 fusa.
523 3353 583 3410 O.
605 3356 810 3427 (⁴fusa’.
829 3360 1046 3416 Manat.
1069 3365 1188 3436 Or.)
1205 3375 1436 3420 extrema
1471 3387 1610 3423 vare.
1641 3369 1717 3422 M.
1740 3369 1974 3424 Gesner.
2000 3369 2171 3424 varie.
2202 3370 2406 3438 positus
2422 3385 2552 3423 esse.

359 3440 448 3484 est.
477 3449 534 3502 p.
565 3439 654 3488 est
671 3441 934 3525 extrema.
1009 3447 1123 3495 105.
1153 3444 1328 3511 potius
1345 3453 1433 3496 est.
1469 3445 1565 3514 pb.
1606 3461 1731 3500 esse
1758 3445 1995 3515 positus.
2048 3448 2274 3516 adfinem
2293 3447 2553 3516 aliquam.

359 3508 492 3593 pyb.
531 3515 620 3563 est
635 3517 842 3579 potius.
916 3522 1029 3571 106.
1061 3518 1211 3571 ineis
1239 3533 1344 3572 scr.
1373 3518 1434 3572 in
1471 3521 1698 3576 Schiitz.
1752 3521 1826 3575 ad
1862 3519 2031 3576 finem
2065 3522 2333 3592 aliquem.
2389 3522 2560 3574 locuti

359 3581 466 3635 h1s.
486 3583 702 3672 factum
719 3605 825 3642 om.
851 3598 949 3660 Ρβ,
976 3591 1107 3645 incl.
1139 3593 1332 3648 Orelli.
1368 3595 1436 3648 ab
1467 3600 1585 3652 sint.
1604 3615 1661 3667 p.
1690 3597 1865 3651 locuti
1886 3602 2033 3651 sunt.
2056 3600 2077 3667 11
2107 3603 2219 3652 127.
2250 3598 2559 3652 accusatori

358 3656 527 3746 Det-³2⁰
553 3670 642 3748 ἢεί.
679 3664 777 3731 pb.
815 3672 904 3720 est
925 3666 1006 3721 ‚ab
1025 3665 1226 3722 Decio.
1263 3672 1318 3723 in
1343 3673 1431 3724 eis.
1467 3675 1534 3726 sit
1552 3691 1657 3728 scr.
1688 3674 2041 3748 (‘accusator
2059 3673 2173 3729 sit’.
2202 3674 2281 3746 p.)
2313 3691 2556 3729 accusa-

359 3751 412 3802 p.
450 3751 510 3820 m
533 3734 639 3789 his.
676 3754 741 3791 ac
758 3743 1082 3808 temporibus.
1119 3741 1180 3798 0.
1218 3750 1278 3799 et
1295 3750 1430 3799 tem·
1468 3750 1594 3804 tori.
1620 3751 2065 3820 frequentioribus.
2082 3767 2141 3819 p.
2169 3749 2550 3822 frequentius.

357 3809 610 3898 poribus.
644 3815 885 3869 detractis
912 3821 1219 3888 temporibus
1243 3831 1290 3874 et
1310 3840 1429 3891 per·
1472 3825 1493 3892 11
1522 3830 1635 3880 128.
1680 3829 1751 3879 ad
1784 3828 1927 3880 omni
1954 3830 2106 3880 modo
2144 3829 2360 3882 animos.
2405 3827 2552 3897 pgb.

357 3901 499 3936 soma
533 3901 644 3974 ser.
703 3889 1037 3962 (‘detractis
1083 3898 1431 3964 temporibus
1467 3901 1693 3956 omnino
1720 3903 1794 3956 ad
1820 3902 2053 3956 animos.
2080 3900 2225 3975 1137,
2276 3911 2391 3958 129.
2434 3905 2551 3974 pri-

358 3963 660 4042 PFl'SOms’·
694 3965 776 4036 Ρ.)
804 3966 1185 4054 detractisque
1215 3977 1426 4042 tempo·
1464 3993 1577 4028 mas
1598 3980 1784 4046 partis.
1822 3995 1877 4047 p.
1913 3979 2089 4047 partis
2118 3981 2345 4050 primas.
2370 3983 2392 4050 11
2422 3985 2545 4034 190.

357 4032 516 4084 nbus
552 4040 610 4088 et
643 4055 921 4106 personis.
991 4054 1040 4098 et
1081 4065 1305 4100 rursum.
1367 4065 1426 4118 p.
1464 4054 1585 4104 veri.
1632 4070 1688 4122 p.
1742 4059 1800 4109 et
1826 4055 1960 4108 veri.
2008 4060 2235 4125 poenitio
2264 4073 2374 4111 scr.
2420 4056 2553 4128 Ceo·
