2784 4575
460 253 591 323 358
1066 267 1143 320 M.
1182 265 1453 324 TULLH
1475 263 1886 322 *CICERONIS
1927 254 1930 256 ’

456 389 759 456 virtutum
808 389 1225 473 vitiorumque
1276 401 1582 454 versetur.
1665 385 1978 470 reliquum
2029 398 2240 452 autem
2289 409 2528 473 genus

460 506 791 550 causarum
826 493 933 547 aut
966 482 1035 546 in
1066 481 1426 569 provisione
1459 481 1696 568 posteri
1739 481 2038 566 temporis
2075 491 2183 544 aut
2213 479 2282 544 in
2315 503 2528 566 prae-

458 577 625 642 teriti
642 575 1095 662 disceptatione
1123 586 1436 651 versatum
1467 595 1730 658 quorum
1747 573 2012 638 alterum
2030 573 2526 638 deliberationis

362 691 415 732 ἰο
459 681 583 748 est,
620 671 884 736 alterum
916 668 1157 745 iudicii3
1208 691 1289 734 ex
1323 690 1451 751 qua
1481 667 1812 752 partitione
1846 666 1968 731 tria
1998 687 2234 752 genera
2274 686 2526 732 eausa--

456 785 600 828 rum
632 761 1035 827 exstiterunt:
1068 783 1291 838 unum,
1330 761 1500 844 quod
1535 783 1574 824 a
1604 759 1862 824 meliore
1905 771 2085 845 parte
2118 757 2524 824 laudationis

458 867 559 922 est
582 855 1005 946 appellatum,
1020 853 1482 919 deliberationis
1511 853 1794 930 alterum,
1832 852 2082 917 tertium
2104 851 2521 917 iudiciorum

462 971 653 1034 quam
688 949 770 1015 ob
804 969 939 1036 rem
974 949 1053 1013 d'e
1102 947 1317 1036 primo
1358 946 1658 1032 primum,
1714 945 1770 1009 si
1800 945 2035 1030 placet,
2081 943 2518 1029 disputemus

462 1041 540 1108 C.
574 1043 655 1108 F.
689 1040 847 1106 mihi
878 1063 1029 1104 vero
1062 1039 1345 1124 placet:

360 1143 428 1197 21
582 1132 661 1200 O.
696 1131 775 1198 P.
809 1134 915 1198 Ae
946 1130 1245 1196 laudandi
1280 1129 1798 1217 vituperandique
1829 1129 2136 1206 rationes,
2174 1149 2336 1213 quae
2369 1152 2518 1194 non

463 1227 545 1290 ad
575 1227 737 1291 bene
791 1225 1125 1289 dicendum
1169 1222 1402 1300 solum,
1425 1259 1434 1267 ·
1458 1223 1574 1288 sed
1626 1223 1814 1288 etiam
1850 1222 1932 1286 ad
1963 1221 2226 1286 honeste
2278 1221 2519 1286 viven—

463 1319 612 1382 dum
654 1317 896 1394 valent,
950 1338 1263 1402 exponam
1314 1316 1589 1381 breviter
1641 1325 1827 1399 atque
1863 1339 1902 1380 8
1941 1313 2262 1400 principiis
2315 1335 2517 1379 exor-

368 1431 419 1471 τι
466 1411 601 1475 diar
645 1420 709 1474 et
748 1409 1047 1474 laudandi
1090 1421 1157 1474 et
1197 1409 1610 1495 vituperandi.
1697 1408 1907 1473 omnia
1950 1407 2117 1472 enim
2160 1419 2308 1471 sunt
2351 1429 2510 1493 pro-

466 1503 631 1568 fecto
664 1502 999 1576 laudanda,
1038 1521 1199 1587 quae
1235 1503 1568 1567 coniuncta
1601 1523 1744 1568 eum
1779 1501 2005 1566 virtute
2041 1512 2208 1578 sunt,
2244 1512 2308 1566 et
2335 1523 2514 1585 quae

462 1618 605 1660 cum
639 1594 833 1672 vitiis,
887 1595 1297 1681 vituperanda
1305 1620 1324 1672 ;
1378 1617 1570 1678 quam
1601 1596 1685 1660 ob
1718 1616 1854 1658 rem
1903 1593 2046 1658 finis
2104 1593 2360 1658 alterius
2398 1607 2512 1659 est

461 1689 787 1767 honestas,
824 1687 1076 1754 alterius
1113 1688 1451 1774 turpitudo·
1537 1688 1860 1753 conficitur
1894 1697 2104 1751 autem
2137 1708 2340 1772 genus
2375 1687 2510 1752 hoe

464 1781 752 1846 dictionis
788 1783 1114 1846 narrandis
1172 1780 1684 1867 exponendisque
1736 1779 1920 1845 factis
1958 1779 2094 1844 sine
2127 1779 2271 1844 ullis
2307 1801 2514 1864 argu-

462 1875 975 1952 mentationibus,
1031 1875 1112 1938 ad
1148 1875 1338 1938 animi
1378 1885 1590 1939 motus
1634 1872 1856 1937 leniter
1897 1873 2253 1937 tractandos
2287 1873 2505 1957 magis

464 1987 651 2048 quam
686 1967 767 2029 ad
798 1967 991 2031 fidem
1041 1966 1394 2030 faciendam
1439 1977 1550 2029 aut
1600 1965 2090 2029 confirmandam
2138 1965 2500 2028 adcommo-

464 2059 627 2122 date.
713 2081 841 2122 non
876 2059 1042 2121 enim
1078 2057 1268 2122 dubia
1300 2058 1652 2134 firmantur,
1691 2058 1804 2122 sed
1839 2080 1942 2134 ea,
1989 2078 2143 2141 (11188
2174 2065 2338 2119 certa
2371 2065 2492 2118 aut

462 2173 577 2236 pro
614 2150 797 2213 certis
840 2150 1049 2234 posita
1100 2159 1275 2227 sunt,
1330 2162 1639 2235 augentur
1646 2175 1665 2228 3
1722 2171 1911 2233 quam
1954 2152 2038 2215 ob
2077 2155 2216 2214 'rem
2256 2169 2336 2212 ex
2371 2147 2499 2224 eis,

464 2261 623 2324 quae
668 2251 812 2305 ante
856 2241 1025 2307 dieta
1076 2253 1249 2319 sunt,
1303 2254 1366 2307 et
1407 2242 1701 2307 narrandi
1744 2253 1808 2307 et
1851 2243 2121 2329 augendi
2159 2251 2507 2328 praecepta.

370 2352 421 2390 ⁷2
463 2344 840 2419 repetentur.
928 2345 991 2399 et
1044 2336 1337 2419 quoniam
1386 2336 1452 2399 in
1497 2336 1596 2399 his
1649 2336 1854 2400 causis
1899 2333 2102 2400 omnis
2151 2335 2310 2401 ratio
2361 2335 2504 2399 fere

473 2427 553 2491 ad
605 2426 992 2512 voluptatem
1054 2428 1353 2503 auditoris
1417 2440 1480 2493 et
1531 2428 1614 2492 ad
1674 2428 2150 2493 delectationem
2208 2426 2508 2503 refertur,

462 2520 762 2585 utendum
787 2520 906 2585 erit
936 2521 1003 2585 in
1037 2521 1127 2585 eis
1168 2518 1261 2605 [in
1294 2520 1602 2607 oratione]
1641 2531 1705 2585 et
1741 2521 2128 2606 singulorum
2162 2522 2502 2585 verborum

461 2612 844 2697 insignibus,
898 2634 1061 2695 quae
1110 2612 1347 2679 habent
1397 2614 1733 2699 plurimum
1771 2614 2125 2690 suavitatis3
2177 2613 2246 2677 id
2286 2614 2386 2691 fit,
2441 2612 2509 2675 si

462 2706 645 2769 factis
682 2706 891 2771 verbis
928 2716 1035 2770 aut
1064 2707 1333 2771 vetustis
1366 2716 1475 2769 aut
1501 2706 1816 2771 translatis
1843 2708 2202 2790 frequenter
2225 2715 2504 2783 utamur,

464 2810 529 2861 et
558 2798 701 2883 ipsa
734 2799 1193 2864 construetione
1226 2806 1586 2877 verborum,
1622 2810 1693 2863 ut
1726 2800 1902 2885 paria
1934 2799 2190 2885 paribus
2226 2809 2290 2863 et
2325 2798 2512 2861 simi-

462 2890 548 2953 lia
582 2889 887 2954 similibus
924 2914 1113 2977 saepe
1145 2892 1499 2957 referantur
1505 2898 1526 2970 3
1577 2904 1650 2957 ut
1683 2893 2017 2969 contraria,
2052 2902 2124 2955 ut
2158 2892 2504 2977 geminata,

462 2993 535 3045 ut
586 2983 1057 3070 circumscripta
1105 3007 1470 3069 numerose,
1521 3008 1650 3051 non
1703 2988 1783 3050 ad
1836 2984 2304 3051 similitudinem
2353 3006 2508 3049 ver-

466 3098 675 3151 suum,
731 3076 846 3141 sed
880 3078 961 3141 ad
1004 3079 1383 3164 explendum
1436 3079 1678 3143 aurium
1731 3102 2012 3143 sensum·
2031 3089 2178 3165 apto
2221 3078 2512 3161 quodam

371 3198 423 3239 73
466 3167 648 3251 quasi
687 3170 1022 3235 verborum
1063 3171 1271 3235 mode.
1360 3172 1838 3254 adhibendaque
1880 3172 2268 3255 frequentius
2306 3171 2504 3235 etiam

460 3260 571 3325 illa
602 3274 967 3332 ornamenta
997 3284 1209 3327 rerum
1242 3274 1418 3341 sunt,
1475 3265 1608 3331 sive
1643 3286 1802 3349 quae
1856 3265 2247 3329 admirabilia
2280 3273 2344 3327 et
2377 3284 2512 3327 1188

464 3354 719 3441 opinata
752 3356 885 3420 sive
921 3356 1273 3441 significata
1303 3359 1630 3436 monstris,
1663 3358 1966 3444 prodigiis
1979 3406 1996 3435 ,
2033 3356 2322 3433 oraculis,
2361 3358 2511 3421 sive·

463 3470 624 3531 quae
659 3448 1035 3513 videbuntur
1068 3450 1156 3527 ei,
1211 3450 1290 3516 de
1327 3474 1451 3535 quo
1487 3474 1779 3538 agemus,
1815 3452 2119 3517 cecidisse
2155 3450 2367 3514 divina
2403 3469 2510 3514 at-

465 3562 585 3623 que
620 3540 853 3605 fatalia.
942 3542 1144 3607 omnis
1182 3544 1349 3607 enim
1393 3546 1780 3629 exspectatio
1815 3546 1980 3622 eius,
2035 3544 2142 3627 qui
2178 3542 2378 3619 audit,
2403 3554 2502 3606 ·et

465 3632 790 3699 admiratio
826 3644 890 3698 et
921 3635 1246 3719 improvisi
1281 3638 1486 3701 exitus
1517 3638 1751 3703 habent
1777 3637 2101 3720 aliquam
2080 3660 2148 3701 m
2183 3635 2509 3700 audiendo

358 3726 431 3778 22
464 3728 870 3811 voluptatem.
960 3730 1075 3793 sed
1109 3730 1405 3811 quoniam
1447 3731 1700 3795 tribus
1679 3754 1748 3794 111
1789 3730 2127 3815 generibus
2161 3730 2330 3793 bona
2361 3750 2506 3791 ma-

394 3796 603 3885 4¹lave
636 3832 993 3898 versantur,
1048 3824 1349 3901 externis,
1408 3824 1684 3908 corporis
1731 3834 1794 3888 et
1845 3823 2064 3899 animi,
2115 3821 2318 3907 prima
2369 3821 2504 3883 sint

464 3923 749 3986 externa,
804 3933 963 3994 quae
1016 3914 1321 3979 ducantur
1356 3938 1394 3979 8
1429 3939 1686 4001 genere3
1742 3938 1864 3998 quo
1897 3916 2173 3980 breviter
2219 3912 2498 3977 modice-

464 4020 585 4078 que
618 4002 873 4065 laudato
911 4014 1048 4078 aut,
1102 4005 1155 4067 si
1194 4008 1311 4069 erit
1342 4007 1606 4083 infame,
1641 4008 2112 4091 praetermissO,
2151 4006 2206 4071 si
2240 4004 2498 4081 humile,
