2784 4575
919 254 1230 312 usurus
1264 249 1370 309 228
1383 253 1579 309 -23a
2143 237 2271 306 249

219 379 423 462 tonio,
479 393 545 450 et
579 381 725 446 cum
755 377 1056 466 Philippo
1093 376 1222 442 iam
1265 399 1419 442 sene
1452 397 1569 462 pro
1606 372 1729 441 Cn.
1763 372 2059 460 Pompeii
2090 374 2274 441 bonis

221 478 438 542 dicens
473 475 542 540 in
575 474 686 538 illa
717 493 940 549 causa,
995 471 1368 536 adulescens
1405 490 1553 534 cum
1586 479 1785 545 esset,
1829 466 2125 554 princeps
2159 467 2279 532 fuit

201 582 288 637 ·et
319 571 388 640 in
421 589 669 646 eorum,
705 589 866 652 quos
901 565 970 630 in
1005 563 1274 652 Sulpicii
1308 574 1515 630 aetate
1547 561 1782 649 posui,
1816 583 2148 628 numerum
2182 561 2280 628 fa-

221 665 342 730 cile
383 671 762 750 pervenerat
809 669 877 726 et
917 681 1069 726 suos
1111 657 1277 724 inter
1327 656 1609 743 aequalis
1651 655 1751 722 Μ.
1792 655 2127 732 Pisonem,
2178 655 2277 720 M.

132 782 151 792 “
222 755 566 835 Crassum,
631 752 755 822 Cn.
816 753 1195 832 Lentulum,
1255 751 1336 818 P.
1387 750 1739 819 Lentulum
1795 747 2029 816 Suram
2089 748 2279 837 longe

203 849 538 937 -praestitit
569 858 636 915 et
667 870 772 914 me
807 847 1281 914 adulescentem
1312 855 1540 912 nactus
1577 844 1882 910 aemulum
1917 853 2060 909 octo
2096 843 2278 909 annis

207 945 560 1023 minorem,
612 964 808 1028 quam
841 953 978 1008 erat
1009 941 1178 1030 ipse,
1232 941 1467 1007 multos
1512 962 1712 1006 annos
1746 938 1817 1003 in
1860 938 2069 1005 studio
2112 938 2282 1004 eius-

219 1041 371 1106 dem
403 1038 608 1104 laudis
645 1038 926 1104 exercuit
959 1047 1026 1103 et
1056 1047 1268 1102 tecum
1303 1033 1511 1114 simul,
1541 1033 1715 1100 sicut
1746 1055 1867 1120 ego
1901 1055 2019 1119 pro
2043 1031 2279 1110 multis,

207 1133 318 1198 ‘sic
367 1133 476 1198 ille
535 1153 653 1218 pro
703 1130 923 1219 Appio
977 1127 1252 1196 Claudio
1314 1129 1476 1195 dixit
1534 1128 1723 1217 paulo
1784 1137 1930 1192 ante
1990 1137 2278 1192 mortem.

222 1227 404 1291 vides
455 1224 676 1312 igitur,
728 1236 802 1289 ut
857 1225 940 1289 ad
991 1235 1056 1290 te
1107 1234 1449 1301 oratorem,
1500 1223 1731 1300 Brute,
1783 1221 2277 1308 pervenerimus,
2313 1215 2381 1328 ἐξ

221 1333 355 1385 tam
389 1319 603 1386 multis
637 1319 804 1385 inter
835 1329 1124 1386 nostrum
1167 1329 1471 1403 tuumque
1513 1317 1761 1384 initium
1803 1316 2055 1382 dicendi
2086 1316 2279 1382 inter-
2368 1291 2389 1329 ¹

222 1415 450 1501 positis
496 1415 887 1480 oratoribus?
939 1437 1021 1480 ex
1067 1414 1326 1499 quibus,
1381 1413 1680 1499 quoniam
1721 1413 1788 1478 in
1821 1412 1945 1479 hoc
1989 1433 2279 1478 sermone

209 1521 442 1576 ‘nostro
488 1510 682 1575 statui
730 1510 1053 1575 neminem
1103 1531 1350 1588 eorum,
1406 1508 1514 1594 qui
1565 1508 1877 1586 viverent,
1930 1507 2276 1585 nominare,

209 1621 309 1670 ‘ne
345 1627 461 1670 vos
497 1603 808 1670 curiosius
845 1602 1154 1671 eliceretis
1199 1628 1279 1671 ex
1313 1628 1417 1670 me
1454 1604 1607 1688 quid
1642 1605 1721 1670 de
1756 1623 2006 1688 quoque
2040 1603 2280 1668 iudica-

208 1721 385 1776 ·rem,
423 1719 532 1764 eos
544 1746 563 1776 ,
610 1699 720 1782 qui
753 1698 880 1763 iam
917 1709 1067 1766 sunt
1097 1699 1355 1778 mortui,
1391 1697 1773 1764 nominabo.’
1870 1708 2005 1762 tum
2037 1697 2277 1761 Brutus

223 1797 384 1858 ‘non
419 1792 543 1857 est’
599 1792 806 1876 inquit
841 1792 994 1859 ‘ista
1027 1815 1251 1871 causa,
1308 1815 1501 1878 quam
1544 1792 1731 1870 dicis,
1786 1813 1976 1876 quam
2018 1791 2102 1858 ob
2142 1813 2279 1856 rem

223 1885 306 1951 de
341 1884 464 1964 eis,
502 1885 612 1970 qui
647 1887 896 1964 vivunt,
949 1887 1108 1952 nihil
1142 1886 1301 1953 velis
1341 1885 1590 1953 dicere?
1680 1891 2024 1970 ‘quaenam
2056 1883 2277 1972 igitur’

221 1979 482 2062 inquam
519 1980 708 2045 ‘esst’
763 1981 997 2046 ‘vereri
1031 1980 1123 2046 te'
1168 1981 1378 2065 inquit
1427 1980 1722 2046 ‘arbitror
1754 2002 1838 2045 ne
1871 2001 1987 2067 per
2020 2002 2139 2046 nos
2176 1978 2279 2043 hic

224 2095 432 2140 sermo
467 2083 616 2138 tuus
669 2084 922 2140 emanet
955 2084 1021 2140 et
1055 2073 1115 2140 ei
1155 2074 1271 2140 tibi
1307 2084 1751 2150 suscenseant,
1805 2091 1965 2157 quos
2000 2083 2281 2159 praeter-

218 2165 410 2231 ieris?
502 2167 721 2250 ‘quidP
776 2167 920 2234 vos'
974 2168 1233 2252 inquam
1278 2173 1518 2234 ‘tacere
1562 2189 1693 2233 non
1724 2165 2076 2255 poteritis?’
2134 2173 2279 2231 ‘nos

223 2259 506 2343 quidem'
559 2258 764 2345 inquit
816 2262 1144 2329 ‘facillime
1152 2287 1172 2343 3
1229 2263 1346 2329 sed
1393 2273 1611 2329 tamen
1661 2271 1725 2327 te
1780 2260 2048 2328 arbitror
2090 2261 2279 2327 malle

221 2352 436 2439 ipsum
469 2363 680 2419 tacere
715 2375 907 2437 quam
940 2357 1433 2423 taciturnitatem
1458 2367 1743 2422 nostram
1770 2355 2082 2444 experiri.’
2144 2368 2279 2421 tum
2314 2382 2393 2422 232

223 2468 348 2533 ego
394 2453 570 2511 ‘vere
625 2446 786 2525 tibi:
839 2447 1098 2531 inquam
1145 2451 1403 2527 ‘Brute,
1456 2448 1693 2516 dicam:
1745 2472 1876 2515 non
1915 2471 2021 2515 me
2064 2449 2281 2513 existi·-

225 2538 395 2605 mavi
429 2538 496 2605 in
538 2538 662 2605 hoc
707 2562 998 2606 sermone
1039 2563 1244 2626 usque
1291 2542 1372 2607 ad
1408 2540 1573 2606 hanc
1626 2551 1899 2608 aetatem
1940 2563 2083 2608 esse
2130 2563 2285 2606 ven-

212 2645 466 2711 ·turum3
514 2633 629 2699 sed
662 2631 754 2698 ita
788 2632 976 2698 traxit
1011 2635 1167 2701 ordo
1203 2646 1485 2701 aetatum
1518 2635 1895 2713 orationem,
1930 2645 2002 2699 ut
2034 2634 2163 2699 iam
2200 2636 2283 2699 ad

225 2726 500 2792 minores
537 2726 728 2791 etiam
760 2728 1197 2813 pervenerim?
1287 2728 1645 2815 ‘interpone
1678 2728 1872 2814 igitur
1882 2727 1918 2806 ,'
1956 2728 2162 2812 inquit
2197 2728 2284 2793 ‘si

225 2841 387 2904 quos
424 2820 702 2898 videtur-3
747 2819 976 2887 deinde
1019 2821 1354 2887 redeamus
1392 2821 1476 2886 ad
1511 2833 1573 2887 te
1609 2832 1675 2887 et
1708 2822 1793 2886 ad
1823 2820 2280 2887 Hortensium!

227 2913 450 2979 ‘immo
487 2911 668 2979 vero’
703 2913 964 2998 inquam
1000 2914 1112 2979 ‘ad
1143 2915 1593 2992 Hortensium;
1647 2915 1727 2981 de
1746 2937 1865 2981 -me
1900 2914 2007 2980 alii
2052 2915 2281 3005 dicent,

227 3008 284 3073 si
319 3008 429 3093 qui
462 3008 717 3075 volent?
807 3008 1094 3075 ‘minime
1145 3010 1356 3089 vero,’
1412 3009 1617 3096 inquit
1668 3016 1846 3075 ‘nam
1880 3009 2002 3075 etsi
2040 3032 2145 3074 me
2186 3010 2285 3075 fa-

223 3102 345 3168 cile
398 3102 572 3169 omni
624 3113 735 3169 tuo
791 3126 1080 3171 sermone
1125 3105 1411 3183 tenuisti,
1467 3115 1681 3171 tamen
1730 3102 1787 3170 is
1838 3101 1997 3169 mihi
2036 3102 2285 3192 longior

223 3196 501 3275 videtur,
555 3197 726 3283 quod
773 3220 1045 3287 propero
1099 3200 1316 3266 audire
1369 3198 1451 3265 de
1503 3209 1565 3264 te
1574 3223 1593 3277 3
1647 3218 1767 3263 nec
1817 3219 1969 3263 vero
2020 3207 2150 3262 tam
2203 3196 2283 3262 de

211 3288 564 3355 virtutibus
625 3290 876 3356 dicendi
930 3292 1084 3371 tuis,
1148 3315 1311 3378 quae
1373 3314 1521 3357 cum
1579 3291 1873 3359 omnibus
1926 3301 2062 3356 tum
2112 3300 2281 3357 certe

227 3382 382 3445 mihi
426 3383 796 3449 notissimae
841 3397 1018 3464 sunt,
1074 3408 1266 3472 quam
1317 3387 1490 3471 quod
1540 3387 1777 3473 gradus
1821 3397 1965 3452 tuos
2000 3395 2067 3451 et
2102 3384 2284 3469 quasi

224 3496 564 3561 processus
637 3477 886 3543 dicendi
957 3480 1184 3546 studeo
1254 3480 1688 3565 cognoscere)
1813 3478 2124 3566 ‘geretur'
2188 3478 2283 3544 in-
2318 3504 2395 3545 23³

227 3590 421 3653 quam
455 3568 600 3635 ‘tibi
631 3592 803 3648 mos,
858 3571 1160 3656 quoniam
1191 3595 1295 3639 me
1329 3595 1461 3639 non
1502 3572 1741 3661 ingenii
1784 3573 2283 3661 praedicatorem

217 3684 372 3728 -esse
425 3662 552 3742 vis,
607 3664 722 3729 sed
773 3664 1007 3731 laboris
1061 3666 1216 3745 mei3
1278 3689 1500 3733 verum
1551 3667 1974 3754 interponam,
2025 3678 2099 3732 ut
2146 3667 2287 3754 pla-

225 3768 355 3834 cet,
411 3757 568 3825 alios
623 3768 687 3823 et
728 3781 769 3823 a
809 3756 909 3824 M.
956 3756 1223 3840 Crasso,
1279 3761 1388 3847 qui
1438 3760 1561 3826 fuit
1605 3760 1885 3845 aequalis
1928 3760 2280 3838 Hortensii,

227 3852 538 3919 exordiar.

347 3945 415 4011 Is
451 3946 644 4033 igitur
683 3948 1081 4015 mediocriter
1117 3972 1156 4015 a
1189 3948 1477 4017 doctrina
1518 3950 1890 4030 instructus,
1945 3950 2279 4038 angustius
2314 3963 2383 4018 66

220 4037 418 4105 etiam
454 4064 492 4106 a
522 4052 776 4121 natura,
811 4042 1028 4110 labore
1074 4054 1138 4109 et
1172 4042 1484 4109 industria
1518 4054 1583 4111 et
1617 4045 1788 4129 quod
1822 4044 2161 4111 adhibebat
2199 4044 2281 4110 ad
