2784 4575
439 252 520 319 18
926 262 1347 343 cosmmcn
1381 259 2003 319 RHETomeoRUM

437 388 706 467 stiones,
763 388 844 453 ab
881 386 1266 474 argumentis
1307 396 1527 453 contra
1563 396 1960 473 argumenta,
2018 386 2097 451 ab
2132 387 2494 453 rumoribus
2538 448 2545 454 .

439 494 658 550 contra
690 505 996 547 rumores.

555 578 666 642 Ab
702 577 968 641 testibus
1005 575 1289 641 dicemus
1329 576 1680 641 secundum
1724 538 2161 641 auctoritatem
2196 584 2261 639 et
2294 576 2493 642 vitam

436 671 692 736 testium
733 681 800 736 et
843 668 1263 735 constantiam
1307 669 1839 746 testimoniorum,
1886 679 2105 733 eontra
2148 668 2354 746 testis,
2401 692 2497 735 ae·-

435 768 698 830 cmzdum
731 763 900 829 vitae
936 762 1425 849 turpitudinem,¹
1447 762 1949 828 testimoniorum
1974 762 2460 828 inconstantiam
2473 788 2492 827 t

437 860 493 923 si
537 870 646 923 aut
687 857 826 923 fieri
867 881 996 923 non
1049 858 1334 943 potuisse
1390 857 1671 923 dicemus
1717 867 1827 921 aut
1866 878 1999 921 non
2042 856 2281 921 factum
2324 880 2490 935 esse,

435 954 606 1037 quod
641 952 878 1029 dicant,
935 961 1044 1015 aut
1089 951 1249 1016 scire
1291 950 1435 1016 illos
1478 973 1609 1016 non
1648 951 1933 1038 potuisse
1980 961 2091 1014 aut
2134 950 2360 1035 cupide
2396 951 2493 1015 di-

435 1067 576 1111 cere
621 1056 686 1111 et
730 1046 1173 1133 argumentari.
1263 1045 1423 1110 haec
1467 1055 1532 1110 et
1584 1047 1667 1110 ad
1715 1044 2241 1130 improbationem
2294 1055 2358 1109 et
2408 1046 2493 1108 ad

365 1138 398 1191 7
434 1140 990 1227 interrogationem
1026 1139 1283 1205 testium
1317 1140 1741 1225 pertinebunt.
1813 1161 1853 1203 a
1887 1138 2357 1223 quaestionibus
2395 1138 2493 1202 di-

359 1208 410 1249 ²⁰
436 1256 681 1311 cemus,
745 1256 892 1298 cum
943 1234 1549 1310 demonstrabimus,
1612 1232 1882 1298 maiores
1936 1232 2072 1297 veri
2128 1231 2492 1297 inveniendi

436 1350 632 1393 causa
664 1328 990 1393 tormentis
1028 1338 1094 1392 et
1127 1326 1407 1391 cruciatu
1451 1326 1729 1391 voluisse
1766 1326 1983 1410 quaeri
2011 1336 2076 1389 et
2102 1347 2347 1391 summo
2376 1326 2491 1391 do·-

434 1422 568 1487 lore
604 1421 891 1487 homines
921 1421 1084 1508 cogi,
1121 1432 1194 1485 ut
1220 1420 1521 1505 quicquid
1548 1421 1768 1498 sciant,
1806 1418 2038 1497 dicant,
2074 1428 2138 1483 et
2161 1429 2492 1505 praeterea

437 1516 858 1582 confirmatior
910 1514 1085 1581 haec-
1122 1514 1241 1581 erit
1293 1514 1666 1602 disputatio,
1732 1514 1786 1579 si
1839 1535 2001 1597 quae
2064 1512 2233 1577 dicta
2284 1524 2487 1590 erunt,

436 1610 938 1697 argumentando
963 1610 1170 1675 isdem
1203 1610 1344 1687 viis,
1383 1609 1611 1693 quibus
1644 1604 1863 1674 omnis
1876 1608 2237 1673 coniectura
2259 1618 2491 1671 tracta„-

435 1714 554 1784 tur‚
591 1703 914 1771 trahemus
952 1704 1036 1769 ad
1069 1704 1206 1769 veri
1241 1704 1513 1769 similem
1550 1702 1964 1789 suspitionem
1975 1726 1992 1780 3
2030 1702 2322 1785 idemque
2367 1702 2491 1767 hoc

431 1797 502 1863 in
544 1798 922 1865 testimoniis
967 1798 1180 1864 facere
1233 1796 1568 1884 oportebit.
1658 1806 1877 1861 contra
1920 1796 2324 1879 quaestiones
2366 1794 2491 1860 hoc

431 1892 622 1957 modo
669 1892 980 1957 dicemus:
1026 1891 1301 1978 primum
1335 1889 1608 1955 maiores
1654 1889 1931 1955 voluisse
1976 1890 2162 1955 certis
2195 1889 2265 1953 in
2296 1889 2486 1953 rebus

431 1985 748 2072 interponi
783 1986 1205 2070 quaestiones,
1242 2006 1407 2063 cum,
1446 2006 1608 2068 quae
1643 2006 1791 2049 vere
1819 1984 2191 2061 dicerentur,
2228 1984 2485 2060 servari,

441 2100 604 2163 quae
637 2079 804 2144 falso
837 2079 907 2143 in
942 2079 1309 2162 quaestione
1343 2078 1924 2166 pronuntiarentur,
1968 2078 2171 2144 refelli
2204 2087 2486 2163 possent,

435 2172 556 2238 hoc
589 2172 806 2238 modo:
847 2195 971 2257 quo
1005 2173 1072 2239 in
1105 2173 1244 2239 loco
1281 2174 1437 2283 quid
1466 2173 1747 2259 positum
1784 2173 1882 2250 sit,
1920 2184 1985 2237 et
2020 2173 2075 2236 si
2111 2172 2264 2255 quid
2290 2172 2489 2236 videri

437 2276 546 2332 aut
580 2266 790 2350 aliquo
837 2290 1032 2332 sensu
1073 2268 1313 2355 percipi
1357 2267 1591 2354 possit,
1646 2267 1875 2334 deinde
1920 2266 2120 2332 dolori
2154 2266 2327 2332 credi
2358 2286 2488 2332 non

435 2371 753 2471 oportere,
809 2362 981 2446 quod
1035 2362 1194 2440 alius
1249 2362 1372 2428 alio
1425 2363 1736 2428 recentior
1783 2362 1867 2427 sit
1908 2362 1976 2426 in
2020 2360 2263 2438 dolore,
2319 2360 2491 2445 quod

434 2455 820 2542 ingeniosior
865 2457 948 2520 ad
992 2457 1519 2535 eminiscendum‚
1575 2457 1747 2541 quod
1792 2456 2061 2539 denique
2098 2477 2289 2541 saepe
2328 2456 2489 2521 scire

437 2561 546 2615 aut
589 2551 936 2638 suspicari
948 2551 1179 2638 possit,
1236 2552 1390 2636 quid
1442 2553 1764 2635 quaesitor
1814 2551 1968 2616 velit
2020 2550 2265 2628 audire,
2320 2551 2491 2634 quod

435 2666 582 2710 cum
617 2646 872 2724 dixerit,
918 2646 1246 2734 intellegat
1283 2647 1409 2712 sibi
1439 2647 1633 2712 finem
1670 2645 1903 2712 doloris
1941 2643 2243 2710 futurum.
2332 2643 2491 2710 haec

434 2741 776 2829 disputatio
805 2741 1333 2828 comprobabitur,
1373 2742 1430 2806 si
1462 2742 1844 2819 refellemus,
1884 2763 2045 2825 quae
2080 2740 2145 2804 in
2174 2739 2491 2824 quaestio-

432 2835 620 2900 nibus
657 2846 842 2900 erunt
875 2836 1062 2912 dicta,
1099 2835 1413 2922 probabili
1450 2834 2026 2922 argumentatione3
2064 2833 2255 2917 idque
2296 2833 2493 2920 parti-

431 2929 556 2992 bus
593 2922 1016 3006 coniecturae,
1056 2950 1212 3011 quas
1252 2939 1399 2994 ante
1434 2929 1873 3014 exposuimus,
1910 2927 2121 2991 facere
2156 2926 2488 3010 oportebit.

361 3043 410 3082 ιι
439 3021 518 3086 ab
563 3021 952 3128 argumentis
999 3032 1064 3086 et
1099 3022 1298 3108 signis
1337 3032 1403 3086 et
1444 3021 1669 3086 ceteris
1714 3020 1901 3096 loeis,
1958 3019 2187 3101 quibus
2226 3029 2493 3105 augetur

439 3113 734 3199 suspitiO,
791 3113 998 3180 dicere
1043 3114 1166 3180 hoc
1201 3116 1390 3181 modo
1438 3113 1759 3179 convenit:
1815 3135 1961 3176 cum
1993 3110 2195 3175 multa
2229 3132 2493 3177 concur-

435 3218 580 3273 rant
613 3219 986 3294 argumenta
1019 3219 1085 3276 et
1119 3209 1330 3296 signa,
1377 3229 1539 3291 quae
1573 3209 1737 3271 inter
1772 3229 1844 3271 se
1888 3205 2310 3284 consentiant,
2355 3229 2493 3272 rem

436 3301 863 3388 perspicuam,
917 3324 1048 3367 non
1084 3301 1491 3388 suspitiosam
1534 3300 1736 3364 videri
1778 3309 2066 3392 oportere
2078 3324 2097 3377 3
2150 3299 2303 3365 item
2345 3300 2490 3386 plus

438 3405 726 3481 oportere
765 3395 963 3480 signis
1000 3406 1066 3460 et
1099 3394 1487 3482 argumentis
1526 3393 1725 3471 credi,
1764 3415 1953 3476 quam
1990 3393 2286 3460 testibus:
2333 3395 2491 3460 haec

439 3489 608 3554 enim
661 3510 736 3553 eo
786 3489 978 3554 modo
1033 3489 1294 3575 exponi,
1350 3510 1474 3571 quo
1528 3487 1718 3554 modo
1770 3511 1839 3553 re
1894 3509 2047 3553 vera
2100 3489 2228 3554 sint
2279 3502 2462 3578 gesta
2470 3517 2488 3570 3

439 3582 618 3648 testis
675 3580 1014 3666 corrumpi
1033 3604 1226 3668 posse
1261 3581 1364 3646 vel
1407 3582 1611 3668 pretio
1656 3581 1761 3647 vel
1804 3583 2010 3668 gratia
2043 3583 2146 3648 vel
2181 3595 2352 3649 metu
2388 3584 2490 3648 vel

441 3676 778 3742 simultate.
867 3684 1088 3740 contra
1133 3686 1508 3762 argumenta
1550 3687 1616 3742 et
1658 3676 1845 3764 signa
1887 3687 1952 3741 et
1996 3687 2237 3742 ceteras
2284 3677 2493 3761 suspi-

439 3768 642 3836 tiones
699 3771 982 3835 dicemus
1034 3769 1158 3836 hoc
1209 3769 1430 3836 modo:
1486 3771 1542 3835 si
1596 3770 2197 3845 demonstrabimus,
2251 3767 2491 3834 nullam

437 3883 574 3926 rem
627 3887 796 3942 esse,
852 3885 1043 3948 quam
1086 3886 1215 3929 non
1269 3863 1721 3950 suspitionibus
1776 3862 1983 3948 quivis
2035 3861 2241 3947 possit
2284 3862 2490 3926 crimi-

439 3955 604 4032 nari3
661 3957 888 4022 deinde
931 3981 1126 4022 unam
1171 3980 1485 4043 quamque
1540 3958 1955 4045 suspitionem
2008 3955 2486 4020 extenuabimus

439 4057 506 4112 et
539 4048 828 4118 dabimus
874 4074 1158 4140 operam,
1213 4065 1284 4118 ut
1327 4053 1735 4120 ostendamus
1779 4049 1976 4115 nihilo
2020 4049 2223 4133 magis
2268 4049 2335 4114 in
2368 4071 2487 4116 nos
