2784 4575
16 2800 26 3005 k

999 245 1312 306 BRUTUS
1350 248 1587 305 72-81.
2190 238 2320 306 213
2351 335 2359 343 ἱ

256 370 518 458 quidem
563 370 728 450 eiu's,
781 371 840 436 is
887 371 996 456 qui
1039 371 1210 438 hunc
1259 371 1571 439 minorem
1607 367 1977 459 Scipionem
2019 395 2060 439 a
2090 372 2321 440 Paullo

257 465 612 554 adoptavit,
667 465 725 530 si
768 487 1032 554 corpore
1083 465 1421 545 valuisset,
1474 466 1544 531 in
1582 465 1805 552 primis
1849 465 2104 532 habitus
2150 477 2322 532 esset
2414 501 2417 504 ⁴

253 561 562 627 disertum
613 559 900 644 indicant
941 581 1086 626 cum
1139 560 1569 627 oratiunculae
1620 571 1759 626 tum
1809 560 2075 627 historia
2127 581 2320 646 quae-

159 653 172 664 ‘
252 654 408 720 dam
451 653 705 722 Graeca
757 651 996 742 scripta
1047 653 1443 733 dulcissime3
1494 676 1887 739 numeroque
1930 655 2157 721 eodem
2198 653 2323 720 fuit
2354 651 2425 761 {g

251 745 410 814 Sex.
455 747 715 826 Aelius,
766 748 921 814 iuris
974 747 1234 832 quidem
1286 747 1490 813 civilis
1542 747 1826 814 omnium
1875 747 2317 834 peritissimus,

251 841 370 907 sed
403 841 597 908 etiam
633 842 718 908 ad
754 842 1092 907 dicendum
1125 851 1418 927 paratus3
1464 841 1545 906 de
1588 841 1939 908 minoribus
1987 851 2201 908 autem
2237 839 2317 908 C.

243 933 578 1022 Sulpicius
617 934 876 1013 Gallus,
913 934 1032 1017 'qui
1064 933 1342 999 maxime
1378 933 1662 1000 omnium
1703 935 2016 1000 nobilium
2049 933 2315 1001 Graecis

171 1108 176 1111 ,
241 1027 475 1092 litteris
529 1028 800 1106 studuit3
853 1027 1037 1112 isque
1083 1037 1149 1091 et
1199 1037 1523 1092 oratorum
1570 1028 1640 1090 in
1680 1049 1945 1094 numero
1990 1038 2091 1093 est
2139 1027 2321 1093 habi-

245 1132 354 1184 tus
411 1131 476 1185 et
527 1119 650 1185 fuit
696 1121 958 1204 reliquis
1007 1119 1202 1185 rebus
1256 1128 1522 1184 ornatus·
1570 1129 1760 1203 atque
1813 1121 2095 1207 elegans.
2189 1121 2319 1186 iam

243 1213 422 1278 enim
457 1223 594 1277 erat
618 1211 866 1278 unctior
901 1212 1219 1296 quaedam
1253 1211 1769 1298 splendidiorque
1805 1214 2197 1280 consuetudo
2221 1214 2319 1280 lo-

241 1305 512 1389 quendi:
565 1327 716 1370 nam
760 1304 883 1371 hoc
931 1315 1228 1392 praetore
1278 1305 1467 1372 ludos
1512 1305 1802 1392 Apollini
1851 1306 2123 1372 faciente
2168 1328 2312 1372 cum

231 1399 579 1484 Thyesten
639 1397 926 1464 fabulam
993 1399 1344 1476 docuisset,
1477 1448 1494 1464 .
1545 1399 1795 1466 Marcio
1860 1397 1983 1466 Cn.
2039 1397 2312 1467 Servilio

235 1491 614 1558 consulibus
668 1503 939 1558 mortem
990 1492 1148 1559 obiit
1189 1493 1363 1558 Enni
1412 1516 1463 1584 s.
1551 1505 1689 1560 erat
1730 1494 1972 1561 eisdem
2014 1494 2313 1581 tempori·
2357 1519 2407 1559 '19

239 1585 366 1652 bus
405 1585 508 1651 Ti.
548 1583 880 1652 Gracchus
915 1585 996 1651 P.
1030 1587 1140 1665 F„
1197 1586 1313 1670 qui,
1361 1587 1459 1652 bis
1514 1587 1738 1654 consul
1790 1599 1858 1654 et
1900 1610 2127 1655 censor
2169 1587 2311 1665 fuit,

241 1680 428 1744 cuius
463 1689 562 1745 est
595 1678 796 1745 oratio
836 1678 1088 1747 Graeca
1122 1679 1295 1766 apud
1326 1680 1645 1760 Rhodios3
1700 1703 1891 1765 quem
1926 1681 2132 1746 civem
2166 1702 2313 1744 cum

234 1796 511 1860 gravem
545 1783 680 1838 tum
713 1773 906 1840 etiam
953 1774 1354 1858 eloquentem
1402 1785 1653 1841 constat
1695 1775 1917 1841 fuisse.
2002 1773 2083 1839 P.
2120 1773 2312 1838 etiam

239 1866 618 1954 Scipionem
666 1867 994 1947 Nasicam,
1050 1867 1160 1952 qui
1212 1879 1312 1934 est
1358 1865 1706 1935 Corculum
1758 1868 2147 1954 appellatus,
2203 1867 2313 1950 qui

233 1963 398 2028 item
431 1961 531 2027 bis
569 1961 792 2028 consul
827 1972 892 2028 et
925 1983 1153 2028 censor
1177 1961 1318 2040 fuit,
1357 1962 1646 2027 habitum
1675 1963 2078 2047 eloquentem
2113 1961 2308 2038 aiunt,

232 2055 442 2134 illius,
489 2055 598 2140 qui
635 2077 820 2122 sacra
861 2055 1204 2143 acceperit,
1247 2055 1479 2134 filium3
1524 2057 1745 2122 dicunt
1786 2057 1977 2122 etiam
2012 2054 2097 2121 L.
2131 2054 2311 2119 Len-

228 2151 464 2229 tulum,
502 2150 611 2234 qui
645 2169 793 2214 cum
830 2147 908 2214 O.
943 2149 1180 2237 Figulo
1217 2151 1443 2216 consul
1475 2149 1598 2216 fuit
1605 2177 1625 2230 ;
1664 2149 1748 2234 Q.
1783 2150 2175 2218 Nobiliorem
2208 2147 2309 2212 M.

227 2245 316 2313 F.
372 2244 501 2311 iam
553 2243 760 2332 patrio
813 2243 1102 2311 instituto
1157 2243 1444 2312 deditum
1496 2245 1708 2311 studio
1758 2244 2139 2322 litterarum,
2202 2239 2311 2327 qui

226 2338 438 2405 etiam
473 2336 557 2420 Q.
593 2338 906 2417 Ennium,
958 2339 1072 2423 qui·
1106 2361 1252 2405 cum
1284 2352 1467 2428 patre
1512 2340 1649 2406 eius
1684 2340 1754 2407 in
1787 2339 2047 2405 Aetolia
2078 2336 2310 2402 milita-

231 2444 451 2512 verat,
507 2432 1085 2513 civitate..donavit,
1137 2455 1289 2500 ,cum
1324 2432 1615 2498 triumvir
1660 2432 1974 2498 coloniam
2009 2426 2312 2494 deduxis-

223 2538 369 2607 set3
426 2536 491 2592 et
534 2526 614 2593 T.
658 2525 949 2591 Annium
989 2526 1283 2593 Luscum
1335 2525 1526 2591 huius
1580 2523 1665 2605 Q.
1708 2523 1925 2590 Fulvii
1977 2520 2311 2605 conlegam

229 2645 372 2687 non
421 2620 798 2687 indisertum
850 2620 1070 2686 dicunt
1119 2620 1352 2699 fuisse3
1418 2630 1608 2703 atque
1662 2617 1854 2682 etiam
1905 2616 1989 2683 L.
2040 2610 2308 2678 Paullus
2352 2628 2405 2667 8⁰

229 2714 536 2780 Africani
584 2726 768 2801 pater
817 2737 1160 2801 personam
1220 2711 1527 2801 principis
1581 2710 1738 2776 civis
1791 2708 1979 2774 facile
2041 2702 2308 2770 dicendo

231 2807 570 2888 tuebatur3
622 2819 687 2874 et
737 2831 891 2875 vero
945 2809 1138 2875 etiam
1189 2820 1324 2874 tum
1362 2805 1612 2873 Catone
1658 2802 1806 2869 vivo
1840 2838 1932 2850 —
1964 2799 2073 2885 qui
2108 2818 2309 2863 annos

231 2901 524 2986 quinque
559 2912 624 2966 et
665 2900 990 2989 octoginta
1031 2913 1220 2967 natus
1266 2898 1543 2967 excessit
1577 2921 1613 2964 e
1650 2894 1810 2972 vita,
1865 2914 2011 2957 cum
2056 2889 2313 2977 quidem

225 3018 320 3062 eo
376 2994 519 3082 ipso
572 3018 740 3061 anno
793 3006 1016 3063 contra
1060 2992 1202 3061 Ser.
1250 2992 1529 3061 Galbam
1580 2990 1666 3057 ad
1707 2985 2017 3077 populum
2062 3003 2313 3050 summa

229 3088 646 3156 contentione
683 3088 980 3168 dixisset,
1026 3111 1219 3173 quam
1253 3088 1447 3154 etiam
1480 3084 1831 3152 orationem
1878 3079 2179 3166 scriptam
2210 3096 2312 3139 re-

227 3182 426 3268 liquit
455 3218 546 3233 —-
581 3184 697 3249 sed
747 3182 896 3249 vivo
934 3179 1183 3249 Catone
1216 3181 1493 3248 minores
1546 3189 1702 3245 natu
1751 3174 1935 3242 multi
1986 3195 2116 3238 uno
2150 3181 2311 3235 tem-

227 3300 400 3365 pore
426 3288 707 3344 oratores
735 3276 1109 3355 floruerunt3
1135 3299 1286 3342 nam
1311 3286 1376 3342 et
1400 3276 1488 3340 A.
1516 3272 1815 3349 Albinus,
1842 3268 1898 3334 is
1926 3266 2035 3352 qui
2064 3264 2310 3331 Graece

231 3369 504 3456 scripsit
554 3371 912 3448 historiam,
966 3370 1076 3455 qui
1126 3369 1351 3437 consul
1402 3390 1549 3434 cum
1592 3365 1677 3432 L.
1721 3362 1999 3430 Lucullo
2044 3357 2167 3423 fuit
2174 3404 2192 3435 ,
2248 3365 2314 3421 et

213 3460 560 3530 'litteratus
595 3476 664 3529 et
696 3464 971 3530 disertus
1007 3463 1157 3542 fuit3
1194 3473 1259 3529 et
1292 3461 1497 3527 tenuit
1530 3483 1677 3527 cum
1709 3458 1834 3525 hoc
1866 3457 2079 3524 locum
2114 3471 2313 3536 quen-

207 3558 397 3625 ‚dam
449 3558 642 3624 etiam
696 3555 838 3624 Ser.
880 3556 1148 3624 Fulvius
1203 3566 1269 3623 et
1317 3578 1449 3621 una
1495 3553 1637 3622 Ser.
1688 3551 1932 3619 Fabius
1976 3546 2195 3614 Pictor
2247 3553 2313 3612 et

225 3651 398 3719 iuris
435 3663 500 3717 et
542 3652 896 3718 litterarum
930 3662 996 3718 et
1030 3649 1421 3736 antiquitatis
1464 3650 1630 3715 bene
1673 3646 1914 3734 peritus
1926 3670 1945 3721 ;
1981 3639 2311 3723 'Quintus-

227 3767 369 3831 que
418 3746 665 3813 Fabius
725 3746 954 3812 Labeo
1014 3745 1138 3811 fuit
1188 3755 1447 3811 ornatus
1502 3742 1745 3809 eisdem
1806 3739 1942 3805 fere
1992 3733 2308 3801 laudibus.

225 3862 397 3905 nam
423 3839 508 3921 Q.
528 3840 858 3918 Metellus,
893 3839 951 3905 is
980 3839 1158 3905 cuius
1179 3849 1475 3925 quattuor
1500 3836 1615 3902 filii
1642 3833 2007 3901 consulares
2032 3830 2307 3906 fuerunt,

229 3934 313 3999 in
339 3933 559 4017 primis
589 3946 689 4002 est
705 3934 958 4001 habitus
989 3933 1310 4018 eloquens,
1340 3932 1451 4018 qui
1475 3954 1591 4020 pro
1610 3930 1695 3996 L.
1717 3926 1914 3994 Cotta
1938 3924 2097 3991 dixit
2123 3942 2310 3990 accu-

203 4036 430 4108 ,sante
458 4029 799 4110 Africano;
835 4028 1014 4095 cuius
1052 4040 1119 4096 et
1151 4028 1311 4095 aliae
1348 4039 1497 4094 sunt
1524 4024 1840 4094 orationes
1876 4033 1941 4089 et
1977 4042 2131 4109 quae
2157 4041 2311 4086 con-

2346 3158 2415 3213 21

2353 3232 2406 3271 81
