2784 4575
864 251 970 308 DE
1005 250 1492 311 INVENTIONE
1528 255 1575 310 Ι.
1612 255 1852 310 72-77.
2264 246 2387 314 139

198 455 202 460 ,
321 377 582 466 spicuus
607 386 740 456 cst,
778 376 1224 442 consecutione
1259 375 1403 464 uti]
1470 376 1525 442 si
1562 377 1667 462 qui
1706 388 1918 444 autem
1952 402 2034 444 ex
2068 403 2197 446 una
2231 402 2389 465 quo-

318 495 444 558 que
476 483 661 561 parte
703 471 1022 559 putabunt
1063 482 1354 538 constare
1400 472 2038 558 argumentationem,
2089 486 2389 562 poterunt

322 567 530 635 dicere
577 589 773 654 saepe
827 565 982 632 satis
1027 588 1172 632 esse
1213 565 1340 633 hoc
1391 566 1583 632 modo
1638 567 2247 654 argumentationem
2291 571 2390 638 faa-

321 684 494 728 cere:
549 660 878 746 ‘quoniam
919 659 1194 747 peperit,
1248 682 1394 726 cum
1430 659 1567 726 viro
1604 661 1944 728 concubuit
1952 687 1971 740 3
1988 662 2003 691 '
2058 686 2211 729 nam
2260 665 2385 730 hoc

322 756 556 822 nullius
591 777 802 840 neque
837 753 1312 841 approbationis
1345 775 1556 840 neque
1582 755 2035 844 complexionis
2070 756 2385 845 indigere3

323 850 440 916 sed
473 849 659 916 nobis
697 847 1110 936 ambiguitate
1153 847 1429 915 nominis
1474 848 1767 914 videntur
1812 872 2021 918 errare
2030 875 2057 930 ς,
2102 875 2253 918 nam
2289 876 2389 918 ar-

318 943 714 1032 gumentatio
765 941 1021 1008 nomine
1073 965 1202 1010 uno
1253 964 1358 1010 res
1413 943 1571 1009 duas
1623 944 1964 1031 significat,
2018 945 2163 1012 ideo
2219 947 2392 1032 quod.

323 1049 392 1104 et
429 1037 760 1103 inventum
811 1036 1089 1121 aliquam
1131 1036 1200 1101 in
1241 1059 1379 1103 rem
1421 1037 1751 1125 probabile
1802 1050 1915 1104 aut
1956 1041 2389 1108 necessarium

325 1130 786 1220 argumentatio
820 1142 1085 1198 vocatur
1119 1141 1184 1196 et
1217 1130 1354 1198 eius
1399 1131 1640 1198 inventi
1684 1133 2023 1202 artificiosa
2056 1134 2387 1221 expolitioz

321 1247 472 1290 cum
513 1225 706 1312 igitur
754 1225 1082 1312 proferent
1135 1225 1374 1310 aliquid
1417 1225 1607 1292 huius
1650 1227 1851 1294 modi:
1906 1227 2235 1313 ‘quoniam
2276 1249 2389 1314 pe-
2432 1247 2483 1290 ἰε

315 1319 511 1406 perit,
559 1341 706 1384 cum
741 1319 878 1387 viro
913 1319 1304 1398 concubuit,’
1349 1319 1681 1386 inventum
1711 1321 2066 1407 proferent,
2112 1345 2243 1389 non
2278 1344 2389 1387 ex-

321 1413 717 1500 politionem3
761 1435 882 1479 nos
919 1421 1133 1479 autem
1167 1414 1248 1480 de
1283 1414 1685 1501 expolitionis
1728 1415 2016 1501 partibus
2050 1416 2387 1500 loquimur,

320 1507 477 1574 nihil
509 1508 705 1596 igitur
741 1508 824 1573 ad
867 1508 1034 1574 hanc
1077 1531 1214 1574 rem
1253 1509 1418 1577 ratio
1461 1509 1573 1576 illa
1613 1509 1977 1596 pertinebit:
2033 1519 2224 1594 atque
2261 1507 2390 1576 hac
2420 1526 2489 1582 41

321 1602 729 1681 distinctione
782 1601 907 1670 alia
959 1623 1239 1686 quoque,
1295 1625 1459 1688 quae
1511 1603 1892 1669 videbuntur
1942 1603 2197 1670 officere
2242 1604 2391 1669 huic

317 1696 672 1783 partitioni,
725 1696 1268 1784 propulsabimus,
1321 1696 1380 1762 si
1425 1696 1534 1781 qui
1578 1702 1689 1763 aut
1732 1697 2241 1784 adsumptionem
2274 1699 2389 1763 ali-

320 1791 578 1875 quando
631 1789 770 1856 tolli
825 1813 1020 1877 posse
1070 1801 1298 1878 putent
1358 1801 1471 1856 aut
1528 1791 2053 1902 propositionem,
2117 1813 2280 1876 quae
2334 1791 2391 1858 si

323 1884 476 1970 quid
537 1883 734 1951 habet
789 1884 1120 1973 probabile
1182 1896 1293 1950 aut
1349 1886 1809 1964 necessarium,
1870 1908 2135 1996 ‘quoquo
2196 1886 2389 1952 modo

319 1989 720 2044 commoveat
754 1978 1106 2044 auditorem
1139 1998 1405 2046 necesse
1441 1991 1558 2047 est.
1630 1981 1801 2065 quod
1838 1980 1891 2046 si
1928 1979 2187 2046 solum’
2166 2003 2391 2046 mven-

319 2083 456 2138 tum
489 2083 884 2160 spectaretur
918 2093 994 2138 ac
1026 2072 1214 2152 nihil,
1267 2096 1394 2161 quo
1428 2085 1619 2162 pacto
1656 2085 2031 2142 tractaretur
2064 2075 2160 2154 id,
2216 2074 2388 2159 quod

323 2178 497 2234 esset
523 2167 973 2256 excogitatum,
998 2167 1284 2248 referret,
1319 2191 1725 2254 nequaquam
1752 2180 1999 2236 tantum
2024 2169 2191 2237 inter
2218 2192 2390 2235 sum-

319 2283 464 2327 mos
516 2272 798 2329 oratores
843 2272 910 2329 et
953 2262 1289 2331 mediocris
1343 2262 1653 2331 interesse
1704 2262 2187 2331 existimaretur.
2276 2287 2389 2329 va·-
2430 2287 2481 2329 ἰο

272 2372 279 2377 ’
323 2356 488 2423 riare
525 2366 735 2421 autem
765 2356 1114 2423 orationem
1139 2380 1374 2445 magno
1410 2381 1602 2445 opere
1627 2358 1969 2446 oportebit3
2003 2382 2154 2423 nam
2188 2358 2391 2424 omni-

323 2449 492 2518 bus
471 2473 540 2514 m
561 2451 754 2515 rebus
783 2449 1128 2517 similitudo
1157 2462 1258 2517 est
1285 2450 1595 2519 satietatis
1621 2463 1844 2519 mater.
1896 2452 1965 2517 id
1981 2450 2119 2517 fieri
2134 2450 2385 2537 poterit,

321 2544 379 2611 si
411 2567 542 2611 non
581 2543 868 2611 similiter
905 2568 1156 2632 semper
1189 2545 1673 2632 ingrediamur·
1654 2570 1723 2610 m
1758 2543 2387 2632 argumentationem,

321 2662 472 2703 nam
522 2638 798 2725 primum
851 2640 1134 2705 omnium
1191 2639 1531 2725 generibus
1584 2639 1742 2726 ipsis
1798 2638 2185 2725 distinguere
2240 2658 2391 2703 con—

324 2732 528 2823 venit,
579 2734 704 2799 hoc
726 2744 874 2813 -est,
929 2744 1066 2799 tum
1107 2732 1474 2798 inductione
1526 2734 1648 2811 uti,
1705 2743 1842 2798 tum
1890 2729 2387 2807 ratiocinatione,

326 2826 556 2892 deinde
607 2827 675 2892 in
723 2828 868 2915 ipsa
919 2827 1468 2915 argumentatione
1520 2850 1650 2893 non
1704 2847 1955 2911 semper
2010 2848 2049 2889 a
2098 2824 2391 2912 proposi-

326 2922 496 2987 tione
530 2921 808 3010 incipere
851 2944 970 2987 nec
1015 2944 1268 3009 semper
1312 2923 1590 3007 quinque
1633 2920 1919 3009 partibus
1964 2918 2139 2987 abuti
2182 2940 2392 3003 neque

326 3016 548 3082 eadem
581 3016 780 3103 partis
823 3016 1068 3083 ratione
1121 3016 1434 3103 expolire,
1487 3016 1603 3083 sed
1638 3026 1773 3081 tum
1820 3015 1901 3080 ab
1946 3013 2389 3103 adsumptione

319 3110 599 3198 incipere
632 3112 807 3189 licet,
846 3122 982 3177 tum
1017 3113 1098 3178 ab
1135 3110 1589 3198 approbatione
1626 3110 1953 3188 alterutra,
2012 3106 2177 3195 [tum
2217 3118 2391 3175 utra-

260 3274 263 3277 .
323 3227 448 3290 que
455 3204 506 3293 ,]
545 3216 685 3271 tum
717 3206 872 3284 hoc,
906 3216 1044 3274 tum
1077 3206 1188 3271 illo
1224 3228 1459 3292 genere
1496 3202 1949 3291 complexionis
1985 3202 2099 3269 uti.
2192 3200 2287 3289 [id
2320 3212 2393 3267 ut

322 3300 772 3387 perspiciatur,
829 3309 940 3365 aut
985 3298 1337 3365 scribamus
1383 3310 1495 3365 aut
1537 3299 1606 3364 in
1648 3297 1931 3384 quolibet
1974 3296 2263 3384 exemplo
2311 3296 2391 3361 de

325 3391 450 3469 eis,
487 3414 650 3477 quae
682 3392 1011 3479 proposita
1047 3401 1222 3471 sunt,
1261 3392 1384 3459 hoc
1416 3394 1588 3459 idem
1623 3412 2059 3470 exerceamus,
2094 3401 2166 3456 ut
2202 3412 2393 3475 quam

325 3486 514 3551 facile
546 3488 722 3552 factu
759 3486 868 3565 sit,
904 3485 1245 3574 periclitari
1283 3485 1509 3574 liceat]

445 3582 551 3647 Ac
595 3582 676 3647 de
726 3582 1014 3669 partibus
1069 3581 1326 3667 quidem
1379 3578 1942 3668 argumentationis
1998 3576 2151 3643 satis
2204 3575 2389 3642 nobis
2435 3602 2485 3645 ⁷⁷

263 3728 276 3763 ,-
323 3675 568 3741 dictum
602 3676 872 3741 videtur.
951 3676 1110 3741 illud
1144 3685 1358 3741 autem
1393 3675 1689 3741 volumus
1722 3670 2007 3763 intellegi
2037 3692 2156 3734 nos
2192 3667 2393 3755 probe

325 3780 544 3836 tenere
580 3769 720 3836 aliis
759 3791 1010 3854 quoque
1044 3769 1397 3836 rationibus
1434 3768 1687 3835 tractari
1714 3763 2291 3853 argumentationes
2325 3763 2393 3828 in

249 3858 254 3861 ’
325 3863 733 3952 philosophia
765 3864 981 3931 multis
1018 3876 1082 3932 et
1115 3866 1424 3945 obscuris,
1462 3866 1542 3931 de
1578 3864 1807 3950 quibus
1836 3872 2076 3928 certum
2111 3869 2211 3925 est
2246 3860 2393 3925 arti-

328 3957 544 4025 ficium
595 3962 1006 4027 constitutum
1013 3986 1034 4040 3
1087 3984 1310 4027 verum
1359 3960 1472 4026 illa
1520 3957 1705 4026 nobis
1760 3957 2099 4022 abhorrere
2144 3955 2225 4020 ab
2268 3976 2393 4021 usu

328 4054 597 4121 oratoris
649 4057 792 4127 visa
845 4066 994 4123 sunt
998 4081 1019 4136 3
1074 4078 1236 4141 quae
1285 4054 1603 4143 pertinere
1657 4061 1869 4119 autem
1921 4050 2004 4117 ad
2056 4049 2393 4119 dicendum
