2784 4575
403 268 409 272 ’
498 279 582 346 64
1109 291 1190 347 M.
1231 289 1511 349 ‘runnu
1542 289 1949 348 mosaoms

491 439 687 502 quam
733 414 1185 504 philosophum
1235 415 1481 480 malunt
1488 439 1509 493 3
1570 414 1681 498 qui
1734 414 1921 482 simul
1972 425 2043 481 ut
2093 415 2437 503 increpuit,
2469 417 2554 484 'in

491 511 719 578 media.
743 511 1026 578 oratione
1071 511 1150 576 de
1193 511 1488 576 maximis
1540 511 1731 576 rebus
1777 520 1843 574 et
1884 509 2280 596 gravissimis
2336 513 2555 600 dispu-

491 616 732 672 tantem
782 604 1234 692 philosophum
1285 626 1507 671 omnes
1552 603 1867 670 unctionis
1921 625 2115 672 causa
2156 605 2524 692 relinquunt
2531 634 2551 687 3

487 699 580 766 ita
611 698 1004 768 levissimam
1039 698 1522 764 delectationem
1555 699 2001 785 gravissimae,
2052 708 2125 764 ut
2157 699 2286 787 ipsi
2318 701 2549 782 ferunt,

411 823 466 864 22
492 793 748 860 utilitati
803 804 1212 880 anteponunt.
1300 793 1501 858 otium
1544 803 1755 858 autem
1790 793 1962 877 quod
2004 794 2163 859 dicis
2208 817 2385 876 esse,
2440 799 2552 862 ad·

490 888 754 967 sentior;
808 910 1032 954 verum
1066 887 1178 953 otii
1221 887 1466 953 fructus
1502 898 1605 953 est
1635 910 1767 954 non
1802 888 2119 954 contentio
2158 890 2377 968 animi,
2432 891 2552 957 sed

417 998 458 1052 6
487 983 824 1050 relaxatio:
881 1005 1073 1070 saepe
1120 1003 1202 1046 ex
1253 1003 1477 1047 socero
1528 1005 1675 1048 meo
1726 980 1967 1061 audivi,
2022 1004 2169 1060 cum
2210 982 2267 1048 is
2310 983 2550 1050 diceret

489 1099 780 1144 socerum
825 1099 1010 1142 suum
1041 1074 1342 1140 Laelium
1396 1097 1647 1162 semper
1690 1076 1825 1142 fere
1868 1097 2017 1140 cum
2052 1072 2355 1164 Scipione
2397 1078 2549 1144 soli-

485 1182 624 1236 tum
653 1169 945 1236 rusticari
979 1191 1215 1254 eosque
1249 1169 1699 1235 incredibiliter
1730 1167 2181 1256 repuerascere
2214 1193 2359 1238 esse
2396 1171 2549 1238 soli-

485 1278 616 1343 tos,
671 1287 816 1330 cum
865 1287 975 1328 rus
1029 1286 1114 1328 ex
1157 1264 1316 1329 urbe
1367 1273 1695 1348 tamquam
1737 1285 1774 1328 e
1818 1263 2044 1330 vinclis
2098 1263 2545 1331 evolavissent.

483 1381 616 1427 non
649 1359 854 1424 audeo
908 1357 1118 1423 dicere
1162 1358 1242 1423 de
1297 1357 1529 1424 talibus
1583 1358 1765 1436 viris,
1821 1359 1937 1423 sed
1980 1369 2191 1424 tamen
2236 1358 2327 1424 ita
2378 1359 2548 1426 solet

483 1475 740 1518 narrare
777 1449 1117 1530 Scaevola,
1173 1451 1449 1518 conchas
1494 1474 1605 1516 eos
1650 1462 1716 1516 et
1756 1452 2090 1518 umbilicos
2136 1453 2220 1518 ad
2252 1451 2546 1520 Caietam

485 1557 550 1612 et
593 1547 679 1612 ad
709 1545 1112 1611 Laurentum
1161 1545 1375 1632 legere
1430 1567 1775 1612 consuesse
1819 1557 1885 1612 et
1928 1547 2012 1612 ad
2054 1570 2309 1612 omnem
2352 1547 2547 1612 animi

403 1665 458 1706 23
483 1639 924 1706 remissionem
974 1639 1322 1724 ludumque
1375 1639 1782 1706 descendere.
1880 1641 1973 1706 sic
2025 1641 2194 1706 enim
2243 1664 2349 1708 res
2403 1664 2545 1708 sese

481 1735 700 1813 habet,
745 1745 844 1814 ut,
883 1756 1074 1819 quem
1107 1735 1192 1799 ad
1225 1733 1487 1800 modum
1520 1733 1795 1800 volucris
1830 1734 2119 1800 videmus
2162 1735 2546 1822 procreatio-

480 1830 580 1894 nis
635 1840 824 1913 atque
875 1827 1164 1894 utilitatis
1229 1849 1384 1894 suae
1438 1849 1633 1894 causa
1684 1829 1989 1916 effingere
2042 1839 2109 1894 et
2164 1830 2545 1897 constituere

481 1924 696 2001 nidos,
761 1923 1022 1989 easdem
1074 1933 1315 2000 autem,
1379 1945 1527 1986 cum
1586 1921 1823 2007 aliquid
1875 1923 2229 2003 effecerint,
2289 1924 2545 1990 levandi

480 2017 716 2085 laboris
753 2016 854 2082 sui
889 2037 1084 2081 causa
1115 2017 1359 2102 passim
1394 2037 1471 2081 ac
1502 2016 1700 2082 libere
1746 2017 1986 2084 solutas
2032 2041 2225 2105 opere
2258 2017 2541 2100 volitare,

483 2113 576 2177 sic
617 2111 821 2177 nostri
865 2110 1059 2175 animi
1109 2111 1384 2197 negotiis
1438 2111 1799 2178 forensibus
1834 2123 2024 2198 atque
2064 2115 2309 2179 urbano
2352 2136 2544 2200 opere

481 2204 722 2270 defessi
755 2204 1036 2293 gestiant
1068 2226 1146 2270 ac
1180 2204 1444 2270 volitare
1490 2205 1747 2293 cupiant
1780 2206 1966 2271 vacui
2008 2229 2161 2273 cura
2195 2228 2270 2272 ac
2304 2207 2539 2274 labore.

399 2330 456 2370 24
477 2302 691 2385 itaque
724 2300 883 2365 illud
926 2323 1076 2387 ego,
1132 2301 1305 2385 quod
1346 2302 1417 2367 in
1450 2323 1645 2369 causa
1679 2300 1962 2369 Curiana
1998 2302 2352 2372 Scaevolae
2388 2301 2538 2382 dixi,

478 2418 608 2463 non
643 2394 776 2461 dixi
827 2416 1013 2461 secus
1059 2417 1135 2460 ac
1179 2396 1550 2462 sentiebam:
1608 2403 1785 2461 ‘nam
1840 2397 1945 2476 si,’
2002 2398 2263 2483 inquam
2316 2396 2542 2465 ‘Scae-

476 2490 651 2568 vola,
703 2490 950 2555 nullum
1001 2490 1120 2557 erit
1171 2500 1622 2557 testamentum
1662 2502 1835 2557 recte
1879 2492 2147 2571 factum,
2202 2493 2324 2560 nisi
2366 2494 2542 2577 quod

477 2596 548 2649 tu
583 2584 942 2671 scripseris,
996 2606 1219 2649 omnes
1266 2585 1352 2649 ad
1394 2595 1457 2650 te
1494 2585 1667 2651 cives
1704 2606 1849 2650 cum
1904 2586 2139 2652 tabulis
2190 2585 2537 2667 veniemus,

475 2678 759 2745 omnium
811 2689 1192 2745 testamenta
1235 2688 1306 2744 tu
1359 2678 1599 2746 scribes
1652 2701 1839 2746 unus.
1928 2680 2082 2765 quid
2132 2680 2387 2769 igitur?’
2440 2681 2510 2745 in

475 2796 668 2857 quam
704 2774 987 2857 ‘quando
1023 2796 1178 2860 ages
1214 2773 1544 2859 negotium
1584 2773 1951 2859 publicum?
2006 2775 2259 2859 quando
2304 2774 2537 2841 amico-

471 2870 652 2933 rum?
679 2867 932 2951 quando
957 2870 1174 2933 tuum?
1199 2868 1453 2951 quando
1483 2868 1754 2952 denique
1780 2867 1937 2934 nihil
1965 2870 2185 2955 ages?
2217 2882 2353 2935 tum
2378 2868 2536 2935 illud

476 2959 692 3023 addidi
746 2960 928 3025 ‘mihi
971 2960 1142 3027 enim
1181 2962 1343 3027 lib-er
1396 2984 1540 3027 esse
1584 2985 1715 3028 non
1766 2962 2043 3042 videtur,
2097 2965 2208 3049 qui
2248 2986 2380 3029 11011
2423 2963 2537 3029 ali-

475 3052 727 3135 quando
762 3053 920 3119 nihil
955 3055 1127 3142 agit!
1214 3056 1282 3119 in
1317 3078 1445 3141 qua
1492 3056 1861 3143 permaneo,
1912 3011 2168 3139 Catule,
2220 3058 2536 3125 sententia-

471 3167 728 3229 meque,
784 3170 928 3213 cum
971 3148 1099 3213 huc
1139 3149 1313 3227 veni,
1367 3149 1491 3215 hoc
1540 3149 1753 3237 ipsum
1794 3150 1950 3216 nihil
2008 3174 2195 3239 agere
2236 3162 2300 3217 et
2340 3150 2532 3237 plane

394 3258 446 3298 25
475 3260 726 3305 cessare
759 3240 1049 3308 delectat.
1137 3265 1316 3320 nam,
1363 3244 1539 3327 quod
1572 3244 1873 3311 addidisti
1910 3246 2189 3325 tertium,
2232 3268 2346 3311 vos
2384 3266 2531 3310 esse

471 3356 602 3413 000,
641 3334 750 3418 qui
783 3334 980 3401 vitam
1009 3336 1346 3403 insuavem
1383 3338 1521 3403 sine
1556 3338 1655 3404 his
1692 3340 1917 3405 studiis
1952 3340 2289 3451 putaretis,
2324 3339 2393 3405 id
2421 3362 2531 3405 me

467 3451 598 3496 non
639 3428 830 3495 modo
872 3452 1004 3496 non
1047 3431 1334 3498 hortatur
1375 3432 1461 3497 ad
1497 3432 1977 3520 disputandum,
2036 3437 2153 3502 sed
2196 3434 2386 3503 etiam
2422 3436 2533 3502 de-

468 3532 680 3590 terret.
749 3546 902 3607 nam
935 3534 1006 3590 ut
1045 3523 1122 3591 O.
1147 3525 1441 3591 Lucilius
1482 3524 1701 3613 [homo
1739 3530 1963 3597 doctus
2000 3541 2065 3595 et
2098 3528 2546 3618 pet-urbanus]

469 3617 681 3684 dicere
714 3602 962 3685 solebat
983 3616 1108 3705 [ea,
1145 3641 1308 3704 quae
1335 3620 1667 3709 scriberet]
1704 3646 1913 3708 neque
1948 3647 2019 3691 se
2054 3626 2137 3690 ab
2168 3624 2531 3691 indoctissi-

465 3712 587 3777 mis
613 3734 822 3796 neque
849 3737 889 3779 a
905 3712 1286 3785 doctissimis
1313 3714 1445 3801 legi
1469 3716 1660 3795 velle,
1695 3718 1871 3802 quod
1896 3718 2077 3785 alteri
2099 3716 2259 3785 nihil
2282 3718 2531 3785 intelle-

464 3818 710 3891 gerent,
737 3806 918 3873 alteri
934 3807 1080 3895 plus
1111 3808 1383 3875 fortasse
1413 3831 1603 3894 quam
1616 3811 1785 3898 1110ος
1814 3814 1893 3879 de
1913 3836 2037 3899 quo
2054 3814 2248 3879 etiam
2276 3812 2531 3900 scripsit

467 3900 832 3965 ‘Persium'
839 3925 969 3968 non
1023 3924 1172 3969 curo
1231 3902 1504 3989 legere,'
1556 3940 1647 3954 ·-
1696 3906 1801 3973 1110
1849 3907 1972 3973 fuit
2024 3907 2221 3987 enim,
2274 3917 2349 3973 ut
2396 3929 2530 3973 non

464 3991 860 4075 ignoramus,
921 3996 1204 4061 omnium
1253 3998 1388 4063 fere
1440 4010 1803 4067 nostrorum
1852 4002 2183 4069 hominum
2235 3999 2531 4067 doctissi-

465 4104 607 4149 mus
657 4120 748 4133 --
799 4087 1124 4155 ‘Laelium
1171 4090 1538 4158 Decumum
1590 4094 1784 4174 volo,'
1856 4118 2045 4180 quem
2109 4095 2529 4184 cognovimus
