2784 4575
543 273 668 340 126
1155 285 1232 342 Μ.
1267 285 1544 344 TULLII
1578 282 1983 344 CICERONIS

543 407 682 498 [aut
713 432 842 476 non
877 405 1178 496 faciendi]
1227 409 1787 498 opportunitatem3
1842 431 1970 493 qua
2007 431 2078 474 re
2121 428 2269 474 cum
2310 417 2621 494 tempore

539 504 662 570 hoc
715 501 952 568 differt·
1017 525 1168 568 nam
1217 525 1451 612 genere
1512 503 1771 599 quidem
1827 513 2166 586 utrumque
2225 501 2395 568 idem
2454 525 2621 568 esse

536 597 950 684 intellegitur,
1013 617 1235 662 verum
1285 597 1352 661 in
1404 607 1689 684 tempore
1742 597 2017 684 spatium
2076 597 2352 681 quodam
2400 599 2619 664 modo

539 692 921 769 declaratur,
968 690 1193 775 quod'
1173 713 1246 754 ιιι
1277 690 1460 756 annis
1498 701 1609 756 aut
1639 690 1707 754 in
1742 712 1909 756 anno
1944 700 2058 756 aut
2087 691 2155 755 in
2200 691 2411 774 aliqua
2451 693 2620 759 anni

534 797 716 876 parte
769 795 1117 872 spectatur3
1177 783 1246 849 in
1298 784 1631 850 occasione
1680 785 1766 850 ad
1819 782 2094 872 spatium
2144 785 2451 872 temporis
2514 787 2621 852 fa·-

539 881 746 948 ciendi
788 879 1102 967 quaedam
1151 879 1588 966 opportunitas
1631 879 2017 967 intellegitur
2068 879 2379 946 adiuncta.
2479 903 2620 965 qua

535 999 606 1043 re
651 998 798 1042 cum
840 997 1074 1062 genere
1117 973 1290 1039 idem
1343 973 1455 1051 sit,
1506 973 1581 1038 fit
1615 972 1815 1052 aliud,
1868 975 2043 1057 quod
2089 985 2269 1060 parte
2320 975 2617 1059 quadam

537 1081 605 1137 et
639 1069 878 1158 specie,
924 1080 996 1133 ut
1029 1067 1332 1147 diximus,
1377 1067 1647 1134 differat.
1737 1069 1897 1134 haec
1940 1067 2331 1135 distribuitur
2373 1068 2449 1134 in
2486 1069 2617 1134 tria

409 1211 418 1219 ·
539 1187 804 1252 genera:
856 1163 1208 1250 publicum,
1264 1183 1625 1240 commune,
1681 1161 2019 1249 singulare.
2105 1163 2433 1249 publicum
2482 1175 2610 1241 est,

539 1259 712 1343 quod
743 1257 968 1322 civitas
1003 1255 1304 1324 universa
1337 1255 1550 1340 aliqua
1582 1256 1663 1320 de
1700 1277 1895 1321 causa
1918 1255 2296 1340 frequentat,
2332 1268 2407 1323 ut
2441 1259 2612 1337 ludi,

539 1351 674 1416 dies
729 1351 931 1416 festus
944 1399 963 1430 ‚
1024 1349 1261 1416 bellum
1271 1376 1291 1430 3
1355 1371 1717 1428 commune,
1780 1349 1953 1434 quod
2012 1350 2241 1416 accidit
2300 1352 2610 1418 omnibus

539 1445 764 1510 eodem
798 1443 930 1510 fere
966 1454 1278 1531 tempore,
1321 1455 1398 1510 ut
1428 1444 1687 1522 messis,
1732 1443 2079 1522 vindemia,
2115 1444 2312 1523 calor,
2358 1445 2579 1534 frigus
2590 1471 2609 1524 3

539 1539 860 1626 singulare
915 1535 1186 1626 [autem]
1243 1549 1368 1616 est,
1433 1538 1604 1622 quod
1657 1537 1871 1622 aliqua
1920 1539 2001 1603 de
2054 1559 2249 1604 causa
2296 1539 2610 1626 privatim

539 1631 726 1698 alicui
760 1632 924 1698 solet
957 1632 1244 1698 accidere
1277 1641 1351 1696 ut
1394 1631 1679 1719 nuptiae,
1728 1631 2130 1710 sacrificium,
2174 1633 2398 1711 funus,
2446 1655 2613 1700 con-

438 1754 490 1794 «ιι
537 1727 804 1806 vivium,
859 1749 1140 1794 somnus.
1229 1725 1459 1792 modus
1514 1736 1725 1791 autem
1778 1737 1903 1804 est,
1958 1726 2025 1791 in
2068 1748 2223 1811 que,
2278 1748 2474 1811 quem
2522 1729 2609 1796 ad

535 1822 796 1888 modum
831 1831 896 1886 et
929 1843 1056 1906 quo
1099 1820 1312 1886 animo
1357 1819 1597 1884 factum
1632 1820 1742 1897 sit,
1796 1820 2145 1905 quaeritur3
2198 1821 2334 1886 eius
2378 1833 2605 1934 partes

538 1926 686 1981 sunt
725 1913 1064 2024 prudentia
1107 1924 1172 1980 et
1213 1913 1667 2000 imprudentia·
1712 1915 2087 2024 prudentiae
2122 1912 2393 2002 [autem]
2430 1917 2604 1982 ratio

537 2009 858 2091 quaeritur
909 2029 992 2073 ex
1053 2007 1176 2086 eis,
1241 2026 1405 2090 quae
1467 2008 1658 2085 clam,
1721 2007 1963 2094 palam,
2026 2009 2118 2086 vi,
2178 2011 2601 2097 persuasione

535 2103 784 2181 fecerit3
838 2102 1262 2189 imprudentia
1315 2099 1585 2190 [autem]
1640 2102 1715 2166 in·
1757 2103 2201 2191 purgationem
2252 2104 2600 2182 confertur,

539 2195 718 2261 cuius
753 2206 968 2282 partes
1005 2206 1156 2261 sunt
1186 2195 1547 2274 inscientia,
1594 2217 1811 2276 casus,
1857 2197 2236 2275 necessitas,
2282 2209 2346 2264 et
2378 2197 2447 2262 in
2486 2198 2603 2263 ad·-

537 2290 876 2357 fectionem
931 2289 1152 2369 animi,
1199 2291 1324 2357 hoc
1373 2302 1475 2356 est
1524 2291 1909 2369 molestiam,
1954 2291 2371 2370 iracundiam,
2420 2316 2603 2359 amo-

533 2406 672 2449 rem
705 2395 772 2449 et
803 2394 1032 2462 cetera,
1069 2406 1233 2470 quae
1265 2384 1335 2449 in
1369 2384 1559 2451 simili
1593 2406 1827 2471 genere
1862 2395 2195 2452 versantur
2202 2410 2221 2464 3
2258 2379 2599 2453 facultates

539 2489 714 2557 sunt,
759 2489 869 2545 aut
902 2478 1130 2562 quibus
1167 2479 1419 2546 facilius
1459 2478 1535 2543 fit
1576 2488 1689 2543 aut
1731 2478 1867 2543 sine
1911 2480 2141 2563 quibus
2188 2479 2424 2564 aliquid
2458 2504 2601 2547 om-

536 2574 688 2640 nino
721 2572 947 2639 confici
979 2596 1111 2639 non
1142 2584 1374 2660 potest.

431 2678 502 2735 28
651 2667 1048 2733 Adiunctum
1081 2667 1340 2755 negotio
1375 2678 1589 2733 autem
1620 2666 1690 2732 id
1722 2667 2135 2755 intellegitur,
2182 2670 2354 2753 quod
2386 2670 2597 2735 maius

535 2773 600 2827 et
618 2762 806 2846 'quod
838 2760 1048 2827 minus
1085 2771 1152 2827 et
1193 2761 1365 2845 quod
1418 2782 1619 2845 aeque
1672 2784 2001 2847 magnum,
2056 2772 2122 2827 et
2164 2762 2334 2846 quod
2388 2762 2596 2827 simile

535 2856 655 2920 erit
705 2856 766 2920 ei
817 2857 1103 2943 negotio,
1158 2877 1284 2939 quo
1337 2854 1419 2921 de
1472 2854 1709 2941 agitur,
1764 2865 1830 2920 et
1880 2854 2059 2939 quod,
2104 2855 2489 2921 contrarium
2534 2867 2599 2919 et

537 2946 709 3031 quod
743 2948 1154 3036 disparatum,
1193 2960 1258 3015 et
1290 2972 1496 3037 genus
1534 2960 1598 3015 et
1630 2971 1779 3036 pars
1816 2959 1883 3014 et
1916 2959 2201 3015 eventus.
2288 2950 2495 3015 maius
2530 2958 2599 3013 et

535 3041 744 3105 minus
781 3053 845 3107 et
881 3064 1082 3127 aeque
1115 3065 1422 3129 magnum
1456 3064 1539 3108 ex
1572 3042 1638 3107 vi
1672 3052 1739 3107 et
1762 3064 1843 3108 ex
1876 3064 2141 3109 numero
2176 3054 2241 3108 et
2274 3065 2355 3109 ex
2386 3044 2600 3129 figura

441 3158 496 3199 ιε
537 3134 805 3220 negotii,
861 3135 1026 3203 sicut
1075 3158 1159 3201 ex
1211 3146 1455 3201 stamra
1507 3136 1818 3222 corporis,
1872 3136 2333 3215 consideratur3
2390 3136 2596 3201 simile

539 3237 749 3292 autem
803 3249 886 3293 ex
937 3229 1150 3315 specie
1201 3230 1613 3316 comparabili
1664 3240 1777 3295 aut
1827 3252 1910 3295 ex
1960 3230 2352 3297 conferunda
2404 3241 2595 3314 atque

539 3319 978 3388 adsimulanda
1009 3333 1236 3389 natura
1267 3323 1606 3401 iudicatur3
1644 3324 2027 3389 contrarium
2062 3336 2179 3402 est,
2217 3323 2389 3409 quod
2420 3324 2595 3411 posi-

537 3424 674 3477 tum
705 3412 773 3479 in
807 3436 1042 3503 genere
1076 3416 1328 3483 diverso
1365 3416 1450 3482 ab
1484 3373 1737 3495 eodem,
1791 3417 1893 3481 cui
1928 3418 2309 3483 contrarium
2346 3416 2590 3493 dieitur,

535 3506 879 3596 plurimum
914 3509 1125 3589 distat,
1161 3522 1235 3577 ut
1267 3511 1471 3599 frigus
1509 3511 1723 3588 calori,
1760 3510 1935 3575 vitae
1962 3534 2135 3577 mors
2149 3537 2163 3556 ·
2146 3512 2593 3598 ,disparatum

537 3613 751 3669 autem
786 3614 885 3669 est
917 3604 1012 3681 id,
1058 3606 1229 3689 quod
1264 3606 1346 3671 ab
1383 3605 1597 3689 aliqua
1628 3627 1697 3669 re
1732 3606 2201 3691 praepositione
2235 3604 2591 3691 negationis

539 3707 892 3784 separatur,
945 3698 1067 3763 hoc
1109 3699 1328 3765 modo.
1385 3720 1609 3785 sapere
1646 3709 1710 3763 et
1752 3718 1881 3764 non
1910 3720 2179 3785 sapere3
2232 3722 2435 3794 genus
2470 3707 2589 3774 est,

539 3791 708 3875 quod
750 3792 950 3878 partis
996 3792 1240 3877 aliquas
1287 3791 1713 3877 amplectitur,
1764 3802 1839 3857 ut
1882 3792 2224 3879 cupiditas,
2276 3816 2427 3880 pars
2472 3802 2590 3867 est,

537 3905 698 3967 quae
737 3886 960 3951 subest
991 3885 1238 3972 generi,
1276 3894 1349 3949 ut
1384 3906 1580 3962 amor,
1618 3884 1907 3964 avaritia3
1944 3896 2211 3951 eventus
2246 3897 2349 3953 est
2382 3885 2587 3951 exitus

540 3975 800 4042 alieuius
836 3978 1104 4065 negotii,
1156 3977 1223 4042 in
1258 3999 1385 4061 quo
1422 3978 1640 4061 quaeri
1687 3978 1875 4057 solet,
1931 3978 2085 4063 quid
2119 4002 2201 4045 ex
2234 4002 2485 4063 quaque
2519 3999 2589 4043 re

538 4071 836 4149 evenerit,
873 4072 1143 4149 eveniat,
1181 4081 1556 4137 eventurum
1582 4072 1697 4143 sit..
1721 4093 1849 4157 qua
1880 4096 1950 4139 re
1985 4072 2109 4139 hoc
2134 4072 2203 4138 in
2228 4094 2483 4159 genere,
2516 4080 2593 4143 ut.
