2784 4575
798 308 905 361 DE
944 306 1309 365 ORATORE
1338 270 1392 365 ἰ
1431 310 1614 365 200-
1625 307 1746 361 207
2211 294 2302 359 43

246 458 439 525 posse
473 433 705 523 exponi
740 442 871 499 tam
920 432 1127 510 brevi,
1180 430 1588 496 vehementer
1633 438 1802 494 errat
1851 450 2056 513 neque
2093 428 2301 496 solum

245 529 643 597 inscientiam
674 550 903 605 meam,
942 526 1059 592 sed
1090 546 1173 591 ne
1206 524 1298 590 rei
1334 524 1592 609 quidem
1624 522 2126 611 magnitudinem
2157 546 2304 610 per-

188 664 192 667 ·
249 624 461 711 spicit:
498 622 793 708 equidem
826 620 1031 698 vobis,
1070 619 1371 704 quoniam
1401 618 1494 685 ita
1527 617 1836 695 voluistis,
1871 616 2095 695 fontis,
2131 616 2301 683 unde

248 717 617 795 hauriretis,
680 726 869 800 atque
930 713 1160 779 itinera
1216 714 1361 800 ipsa
1409 712 1502 777 ita
1559 710 1778 799 putavi
1838 732 1982 777 esse
2043 710 2309 777 demon-

248 810 537 889 stranda,
572 832 703 875 non
737 820 810 874 ut
841 808 986 896 ipse
1017 808 1149 875 dux
1183 828 1422 884 essem,
1459 806 1632 891 quod
1663 815 1730 869 et
1760 802 2074 870 infinitum
2107 812 2209 869 est
2241 815 2308 869 et

246 926 379 969 non
427 904 889 981 necessarium,
944 902 1063 967 sed
1103 912 1176 967 ut
1228 911 1792 966 commonstrarem
1835 908 2088 969 tantum
2135 897 2312 967 viam.

250 1008 341 1076 et,
377 1008 451 1063 ut
483 996 621 1063 fieri
656 997 845 1073 solet,
882 995 1151 1105 digitum
1186 995 1271 1061 ad
1300 994 1497 1061 fontis
1531 992 1962 1059 intenderem?

374 1090 570 1155 ‘Mihi
598 1090 775 1155 vero’
812 1090 1019 1173 inquit
1040 1088 1299 1155 Mucius
1336 1088 1522 1155 ‘satis
1551 1108 1864 1173 superque
1893 1086 2007 1152 abs
2044 1093 2108 1153 te
2133 1084 2311 1151 vide·-
2341 1082 2410 1137 4⁷

252 1203 354 1249 tur
385 1184 653 1250 istorum
686 1184 941 1261 studiis,
997 1183 1052 1249 si
1084 1184 1276 1249 modo
1313 1193 1464 1248 sunt
1497 1181 1794 1259 studiosi,
1850 1202 1992 1247 esse
2036 1180 2306 1258 factum;
2342 1156 2420 1197 2⁰⁴

252 1302 431 1359 nam,
484 1289 558 1344 ut
594 1275 926 1343 Socratem
958 1276 1139 1343 illum
1192 1276 1449 1343 solitum
1483 1275 1663 1341 aiunt
1703 1274 1912 1339 dicere
1952 1274 2311 1361 perfectum

253 1372 378 1437 sibi
412 1394 573 1458 opus
610 1393 783 1449 esse,
837 1371 894 1437 si
929 1371 1039 1456 qui
1072 1370 1225 1436 satis
1262 1380 1436 1436 esset
1483 1369 1834 1435 concitatus
1877 1368 2312 1435 cohortatione

253 1488 375 1545 sua
425 1466 509 1529 ad
558 1464 839 1529 studium
890 1462 1369 1551 cognoscendae
1419 1462 1984 1551 percipiendaeque
2027 1460 2276 1527 virtutis
2287 1486 2310 1539 3

253 1558 485 1644 quibus
530 1558 701 1623 enim
740 1558 812 1623 id
858 1579 1239 1645 persuasum
1289 1568 1490 1635 esset,
1543 1567 1616 1621 ut
1656 1554 1814 1621 nihil
1863 1556 2125 1621 mallent
2166 1576 2310 1623 esse

254 1674 354 1733 se,
410 1672 601 1737 quam
634 1653 837 1719 bonos
873 1651 1075 1729 viros,
1128 1650 1220 1717 eis
1254 1650 1564 1735 reliquam
1605 1650 1859 1718 facilem
1901 1672 2046 1715 esse
2081 1647 2312 1715 doctri-

254 1770 432 1827 nam3
487 1747 580 1813 sic
624 1769 747 1833 ego
788 1746 1121 1833 intelleg0‚
1176 1746 1231 1812 si
1272 1745 1343 1811 in
1384 1746 1575 1824 haec,
1630 1767 1794 1829 quae
1835 1743 2138 1832 patefecit
2171 1766 2312 1810 ora-

253 1841 426 1907 tione
462 1860 579 1907 sua
615 1838 922 1918 Crassus,
957 1840 1193 1905 intrare
1229 1839 1574 1917 volueritis,
1611 1837 1909 1905 facillime
1945 1860 2060 1905 vos
2097 1838 2180 1903 ad
2211 1860 2308 1915 ea,

251 1956 418 2019 quae
470 1934 729 2021 cupitis,
781 1943 1199 2021 perventuros
1253 1934 1335 1999 ab
1386 1933 1510 1999 hoc
1553 1931 1728 1999 aditu
1777 1933 2091 2017 ianuaque
2133 1940 2314 2019 pate-

254 2027 464 2094 facta?
556 2028 767 2095 ‘nobis
804 2027 985 2095 vero'
1030 2026 1236 2111 inquit
1271 2024 1594 2114 Sulpicius
1647 2027 1802 2093 ‘ista
1833 2036 1983 2091 sunt
2014 2035 2314 2135 pergrata
2345 2051 2424 2093 205

254 2142 493 2209 perque
526 2122 830 2201 iucunda3
886 2122 1003 2189 sed
1043 2143 1250 2209 pauca
1293 2122 1488 2187 etiam
1535 2120 1914 2205 requirimus
1957 2120 2026 2185 in
2059 2119 2312 2206 primis-

254 2238 379 2300 que
416 2238 520 2294 ea,
576 2237 740 2301 quae
785 2215 972 2282 valde
1025 2215 1301 2281 breviter
1336 2238 1379 2280 a
1411 2225 1502 2296 te,
1560 2213 1825 2294 Crasse,
1879 2214 2020 2281 de
2000 2237 2148 2302 1psa
2178 2222 2312 2279 arte

255 2329 557 2397 percursa
592 2319 759 2387 sunt,
796 2330 942 2375 cum
973 2310 1085 2375 illa
1118 2321 1181 2376 te
1216 2321 1282 2376 et
1314 2332 1446 2376 non
1481 2320 1882 2375 contemnere
1917 2319 1982 2374 et
2015 2307 2312 2376 didicisse

256 2401 655 2467 confiterere.
710 2423 789 2466 ea
823 2403 879 2468 si
930 2403 1123 2489 paulo
1167 2403 1360 2469 latius
1414 2403 1680 2481 dixeris,
1734 2403 2006 2490 expleris
2061 2425 2316 2468 omnem

254 2493 798 2582 exspectationem
833 2495 1112 2562 diuturni
1146 2497 1442 2562 desiderii
1475 2497 1704 2575 nostri3
1757 2519 1908 2561 nam
1941 2517 2139 2572 nunc,
2175 2495 2318 2578 qui-

257 2591 380 2654 bus
418 2587 809 2654 studendum
856 2588 1048 2654 rebus
1085 2600 1261 2656 esset
1303 2589 1693 2676 accepimus,
1747 2588 1919 2673 quod
1961 2588 2174 2674 ipsum
2215 2596 2316 2652 est

258 2697 475 2746 tamen
506 2702 839 2767 magnum3
894 2681 1011 2747 sed
1044 2681 1181 2746 vias
1219 2703 1438 2746 earum
1471 2703 1684 2746 rerum
1733 2681 2172 2764 rationemque
2205 2699 2315 2744 cu-

256 2774 468 2861 pimus
505 2773 928 2862 cognoscere.’
1019 2775 1238 2858 ‘quid?
1274 2774 1329 2840 si
1337 2774 1377 2852 ,’
1431 2773 1637 2857 inquit
1673 2771 1946 2840 Crassus
1985 2771 2315 2858 ‘quoniam
2348 2799 2427 2842 206

256 2891 413 2955 eg0,
466 2888 592 2952 quo
635 2867 883 2934 facilius
930 2890 1047 2934 vos
1092 2869 1265 2956 apud
1295 2890 1400 2934 me
1453 2880 1764 2946 tenerem,
1819 2878 2068 2932 vestrae
2100 2865 2312 2954 potius

257 2964 601 3028 obsecutus
640 2985 785 3030 sum
820 2963 1159 3042 voluntati,
1212 2984 1406 3047 quam
1441 2973 1553 3028 aut
1587 2961 2026 3028 consuetudini
2061 2973 2171 3027 aut
2201 2983 2316 3026 na-

258 3067 438 3122 turae
482 3079 692 3135 meae,
731 3058 1019 3145 petimus
1065 3059 1145 3122 ab
1188 3056 1505 3135 Antonio,
1557 3067 1632 3121 ut
1674 3079 1779 3134 ea,
1832 3078 1996 3141 quae
2039 3054 2320 3123 continet

255 3171 465 3244 neque
501 3151 710 3216 adhuc
742 3151 1031 3240 protulit,
1084 3175 1166 3218 ex
1200 3152 1430 3236 quibus
1473 3173 1672 3218 unum
1720 3151 2006 3218 libellum
2047 3150 2172 3218 sibi
2203 3173 2316 3218 ex·
2431 3193 2434 3196 -

256 3239 545 3309 cidisse
526 3269 655 3310 iam
691 3246 931 3312 dudum
966 3258 1227 3331 questus
1264 3256 1391 3326 est,
1447 3245 1719 3333 explicet
1761 3245 1944 3313 nobis
1981 3256 2046 3312 et
2077 3245 2188 3311 illa
2221 3244 2319 3312 di·
2432 3269 2436 3275 ·

258 3335 447 3400 cendi
480 3340 783 3422 mysteria
824 3341 1169 3407 enuntiet?
1226 3346 1327 3406 ‘ut
1376 3339 1672 3418 videtur}
1733 3339 1939 3424 inquit
1992 3337 2314 3427 Sulpicius
2434 3330 2438 3334 “

258 3435 440 3492 ‘nam
456 3429 739 3497 Antonio
769 3431 1017 3498 dicente
1042 3433 1232 3499 etiam
1263 3434 1418 3518 quid
1443 3445 1514 3499 tu
1539 3433 1796 3512 sentias,
1831 3431 2313 3518 intellegemus.’

258 3529 441 3610 ‘peto
473 3521 693 3610 igitur’
729 3523 934 3608 inquit
961 3523 1237 3592 Crassus
1275 3534 1345 3592 ‘a
1378 3537 1463 3606 te,
1500 3528 1798 3612 quoniam
1830 3527 1899 3592 id
1931 3526 2139 3604 nobis,
2173 3525 2316 3589 An·-
2348 3549 2428 3592 20‘1

257 3616 423 3696 toni,
476 3615 839 3682 hominibus
890 3619 959 3684 id
1009 3620 1233 3686 aetatis
1286 3622 1496 3687 oneris
1541 3622 1624 3687 ab
1668 3621 1895 3686 horum
1947 3617 2317 3684 adulescen-

257 3711 418 3776 tium
452 3709 679 3776 studiis
714 3709 1086 3798 imponitur,
1138 3724 1212 3778 ut
1260 3737 1574 3802 exponas,
1628 3715 1782 3800 quid
1831 3711 1924 3778 eis
1969 3713 2050 3778 de
2101 3711 2312 3790 rebus,

258 3826 419 3890 quas
458 3829 497 3870 a
532 3818 595 3871 te
630 3807 849 3890 quaeri
884 3807 1093 3887 vides,
1132 3808 1410 3876 sentias.'
1492 3809 1987 3896 ‘deprehensum
2021 3805 2316 3890 equidem
2347 3819 2420 3877 48

258 3897 389 3963 me’
442 3899 648 3985 inquit
677 3901 1001 3968 Antonius
1056 3902 1272 3992 ‘plane
1307 3903 1494 3970 video
1530 3914 1718 3987 atque
1763 3900 1998 3981 sentio,
2047 3923 2178 3966 non
2211 3923 2318 3970 so-

259 3991 394 4056 lum
437 3993 608 4075 quod
641 4013 719 4060 ea
749 3995 1151 4080 requiruntur
1188 4021 1227 4062 a
1257 4019 1389 4076 me,
1445 4019 1715 4082 quorum
1751 4019 1893 4060 sum
1925 3995 2184 4082 ignarus
2221 4005 2317 4061 at-

259 4106 386 4172 que
437 4085 749 4169 insolens,
816 4091 933 4154 sed
982 4091 1160 4175 quia,
1226 4046 1397 4176 quod
1446 4092 1514 4156 in
1575 4089 1785 4155 causis
1845 4090 2031 4156 valde
2089 4091 2318 4178 fugere
