2784 4575
474 274 561 343 82
1042 285 1121 341 Μ.
1161 284 1436 343 TULLII
1471 281 1873 340 CICERONIS

477 411 761 488 decreta,
794 430 1133 497 responsa,
1169 406 1301 473 vita
1334 405 1608 491 denique
1643 428 1890 485 eorum,
1926 406 2040 493 qui
2070 408 2140 474 in
2173 430 2370 474 causa
2403 432 2552 477 ver-

476 514 698 571 santur
705 551 726 582 ,
764 512 899 572 tota
930 500 1379 588 cognoscenda
1413 511 1543 579 est;
1587 522 1856 585 quarum
1885 523 2102 567 rerum
2133 503 2548 589 neglegentia

473 601 811 688 plerasque
844 617 1073 663 causas
1110 608 1175 661 et
1208 594 1484 661 maxime
1519 596 1800 683 privatas
1824 632 1917 645 --
1953 607 2103 662 sunt
2135 597 2308 663 enim
2339 598 2546 665 multo

364 722 441 765 ισι
478 715 670 781 saepe
705 690 1105 758 obscuriores
1138 726 1229 739 -
1261 688 1551 755 videmus
1589 688 1820 768 amitti3
1863 688 1957 756 ita
1987 712 2120 757 non
2153 690 2340 769 nulli,
2389 692 2546 757 dum

476 808 737 875 operam
772 808 953 852 suam
986 783 1255 849 multam
1280 782 1629 849 existimari
1653 783 1894 862 volunt,
1929 794 2003 849 ι1ι
2035 794 2170 851 ιοιο
2206 784 2346 851 foro
2382 786 2548 851 voli-

476 892 613 947 tare
656 891 724 945 et
756 903 797 945 a
830 901 1027 945 causa
1068 879 1152 943 ad
1195 898 1456 943 causam
1496 877 1590 943 ire
1633 876 1996 956 videantur,
2049 900 2276 945 causas
2323 877 2546 945 dicunt

476 974 864 1061 incognitas3
917 972 985 1037 in
1025 994 1154 1056 quo
1207 981 1308 1037 est
1355 971 1468 1036 illa
1517 970 1778 1056 quidem
1826 993 2066 1058 magna
2113 972 2380 1039 offensio
2432 974 2548 1039 vel

476 1068 941 1155 neglegentiae,
980 1066 1293 1152 susceptis
1328 1066 1542 1143 rebus,
1581 1066 1684 1131 vel
1717 1066 2050 1152 perfidiae,
2083 1066 2384 1153 receptis,
2421 1068 2546 1133 sed

480 1164 673 1231 etiam
710 1161 821 1227 illa
861 1160 1065 1227 maior
1108 1159 1434 1247 opinione,
1489 1160 1664 1244 quod
1707 1182 1896 1227 nemo
1947 1168 2164 1269 potest
2205 1161 2284 1225 de
2329 1184 2407 1226 ea
2446 1184 2546 1239 re,

478 1278 671 1341 quam
703 1278 835 1321 non
867 1254 1073 1333 novit,
1108 1276 1239 1320 non
1272 1252 1639 1363 turpissime
1675 1254 1914 1319 dicere·
1964 1254 2057 1319 ita
2091 1254 2244 1319 dum
2275 1254 2546 1320 inertiae

477 1348 1030 1437 vituperationem,
1076 1370 1241 1433 quae
1274 1348 1476 1415 maior
1511 1358 1640 1426 est,
1691 1358 2132 1426 contemnunt,
2179 1348 2544 1432 adsequun-

478 1455 581 1508 tur
640 1442 831 1509 etiam
890 1442 1091 1519 illam,
1153 1463 1346 1525 quam
1405 1442 1614 1528 magis
1672 1442 1799 1529 ipsi
1857 1442 2144 1528 fugiunt,
2205 1442 2546 1509 tarditatis.

368 1566 445 1606 102
481 1536 775 1621 equidem
826 1535 1005 1601 soleo
1058 1534 1208 1601 dare
1261 1558 1551 1623 operam,
1603 1546 1677 1600 ut
1719 1536 1798 1601 de
1853 1558 1972 1601 sua
2012 1535 2282 1621 quisque
2323 1558 2394 1601 re
2436 1560 2550 1602 me

474 1630 614 1718 ipse
650 1631 875 1697 doceat
908 1640 973 1695 et
1005 1639 1078 1694 ut
1109 1651 1194 1695 ne
1227 1630 1370 1712 quis
1409 1630 1570 1695 alius
1616 1629 1811 1708 adsit,
1855 1652 1983 1715 quo
2024 1630 2284 1696 liberius
2317 1630 2550 1715 loqua-

477 1738 607 1805 tur,
664 1736 728 1791 et
782 1746 973 1811 agere
1028 1722 1377 1789 adversarii
1425 1744 1714 1803 causam,
1767 1734 1842 1789 ut
1880 1724 1988 1789 ille
2041 1735 2192 1811 agat
2242 1748 2424 1791 suam
2474 1737 2548 1791 et

476 1818 776 1905 quicquid
810 1820 889 1883 de
925 1840 1045 1883 sua
1074 1840 1145 1883 re
1182 1817 1475 1904 cogitarit
1524 1817 1594 1883 in
1625 1818 1906 1883 medium
1963 1818 2272 1905 proferat:
2324 1818 2548 1903 itaque

438 1927 441 1930 '
478 1938 623 1981 cum
665 1912 773 1980 ille
819 1910 1145 1990 discessit,
1200 1912 1317 1978 tris
1367 1934 1676 2000 personas
1729 1933 1896 1977 unus
1952 1913 2236 1979 sust-ineo
2289 1934 2546 1979 summa

477 2008 671 2073 animi
704 2006 1050 2091 aequitate,
1082 2028 1322 2085 meam,
1360 2005 1726 2083 adversarii,
1762 2006 2010 2071 iudicis.
2082 2006 2193 2090 qui
2225 2007 2398 2073 locus
2435 2020 2549 2072 est

478 2102 651 2179 talis,
704 2111 779 2165 ut
809 2099 955 2187 plus
1001 2100 1236 2165 habeat
1278 2099 1626 2165 adiumenti
1669 2122 1862 2183 quam
1904 2100 2317 2180 incommodi,
2365 2100 2550 2165 hunc

474 2193 685 2259 iudico
730 2216 875 2259 esse
910 2194 1275 2273 dicendum3
1328 2194 1441 2259 ubi
1483 2193 1630 2280 plus
1665 2193 1816 2259 mali
1849 2215 2043 2278 quam
2076 2194 2228 2260 boni
2269 2194 2546 2280 reperiO,

365 2317 442 2356 103
476 2287 544 2352 id
577 2298 781 2353 totum
816 2289 1039 2355 abdico
1086 2299 1275 2374 atque
1318 2289 1500 2354 eicio.
1591 2286 1684 2354 ita
1717 2286 2059 2372 adsequor,
2111 2299 2187 2354 ut
2220 2287 2344 2354 alio
2377 2298 2546 2354 tem-

472 2404 629 2468 pore
665 2383 943 2469 cogitem
993 2383 1148 2467 quid
1182 2383 1389 2448 dicam
1425 2393 1490 2448 et
1527 2382 1651 2448 alio
1688 2382 1925 2460 dicam3
1979 2405 2144 2467 quae
2187 2383 2313 2448 duo
2344 2382 2546 2468 pleri-

412 2555 415 2558 *
474 2498 597 2560 que
632 2476 889 2563 ingenio
925 2477 1072 2542 freti
1109 2477 1298 2542 simul
1341 2477 1584 2542 faciunt
1591 2502 1610 2555 3
1667 2478 1783 2542 sed
1823 2487 1994 2542 certe
2039 2477 2246 2542 eidem
2276 2476 2366 2540 illi
2397 2499 2552 2542 me-

473 2570 595 2636 lius
642 2570 963 2654 aliquanto
1008 2569 1317 2649 dicerent,
1374 2571 1432 2636 si
1477 2569 1652 2636 aliud
1696 2570 2073 2636 sumendum
2117 2570 2241 2638 sibi
2279 2579 2547 2656 tempus

363 2691 439 2732 104
476 2665 557 2728 ad
593 2664 1027 2750 cogitandum,
1072 2664 1245 2729 aliud
1290 2665 1373 2729 ad
1416 2665 1754 2729 dicendum
1797 2674 2115 2751 putarent.
2204 2683 2350 2729 cum
2395 2686 2548 2730 rem

469 2759 721 2845 penitus
758 2779 1139 2842 causamque
1175 2759 1475 2845 cognovi,
1531 2758 1745 2824 statim
1781 2759 2053 2825 occurrit
2087 2759 2326 2836 animo,
2371 2781 2548 2842 quae

476 2853 559 2916 sit
591 2872 786 2916 causa
820 2851 1220 2938 ambigendi3
1272 2852 1434 2917 nihil
1469 2863 1569 2919 est
1603 2852 1800 2931 enim,
1844 2853 2017 2936 quod
2047 2852 2212 2918 inter
2245 2852 2544 2919 homines

475 2945 858 3032 ambigatur,
918 2941 1085 3031 [sive
1120 2969 1203 3012 ex
1237 2947 1499 3012 crimine
1549 2969 1744 3013 causa
1777 2956 2053 3025 constat,
2108 2958 2183 3012 ut
2213 2945 2549 3025 facinoris,

474 3039 609 3104 sive
644 3062 725 3104 ex
761 3039 1209 3118 controversia,
1243 3051 1319 3105 ut
1352 3041 1741 3119 hereditatis,
1779 3041 1916 3106 sive
1951 3064 2034 3106 ex
2061 3039 2548 3118 deliberatione,

472 3145 543 3197 ut
576 3133 755 3212 belli,
794 3134 929 3199 sive
966 3156 1050 3198 ex
1082 3155 1387 3219 persona,
1425 3145 1499 3200 ut
1531 3136 1759 3213 laudiS,
1799 3135 1934 3201 sive
1969 3157 2052 3200 ex
2087 3131 2550 3221 disputatione,

470 3235 545 3289 ut
579 3226 658 3290 de
700 3227 944 3293 ratione
995 3226 1315 3314 vivendi]
1369 3229 1439 3292 in
1482 3251 1608 3312 quo
1642 3250 1774 3296 non
1818 3239 1928 3294 aut
1969 3228 2125 3312 quid
2175 3230 2416 3293 facum
2453 3226 2553 3292 sit

474 3330 584 3384 aut
614 3320 728 3384 fiat
768 3321 1131 3387 futurumve
1178 3321 1261 3386 sit
1313 3335 1655 3406 quaeratur
1699 3333 1809 3389 aut
1859 3324 2044 3408 quale
2092 3321 2177 3388 sit
2221 3331 2330 3386 aut
2379 3319 2552 3404 quid

360 3412 437 3527 1205
474 3425 760 3496 vocetur3
816 3438 890 3481 ac
922 3427 1179 3482 nostrae
1224 3417 1359 3482 fere
1406 3439 1665 3497 causae,
1720 3441 1882 3503 quae
1927 3417 2184 3502 quidem
2227 3424 2380 3480 sunt
2414 3414 2554 3478 eri-

470 3510 739 3588 minum,
794 3511 1169 3597 plerumque
1212 3510 1588 3578 infitiatione
1641 3511 2094 3590 defenduntur,
2146 3533 2300 3575 nam
2343 3518 2406 3574 et
2457 3508 2554 3572 de

468 3605 753 3691 pecuniis
787 3605 1154 3692 repetundis
1222 3601 1414 3692 [quae
1447 3607 1764 3672 maximae
1802 3604 2004 3692 sunt,]
2065 3603 2368 3690 neganda
2396 3601 2554 3667 fere

473 3711 621 3766 sunt
674 3699 915 3778 omnia,
981 3709 1046 3764 et
1097 3700 1177 3766 de
1230 3702 1474 3767 ambitu
1522 3723 1666 3768 raro
1719 3701 1878 3766 illud
1928 3701 2144 3782 datur,
2194 3709 2266 3763 ut
2317 3695 2556 3785 possis

469 3793 913 3860 liberalitatem
957 3805 1146 3880 atque
1196 3796 1658 3883 benignitatem
1695 3797 1776 3861 ab
1821 3795 2061 3861 ambitu
2106 3803 2296 3878 atque
2337 3788 2558 3876 largi-—

471 3889 642 3954 tione
696 3889 1059 3976 seiungere3
1113 3890 1193 3955 de
1240 3890 1514 3968 sicariis,
1572 3891 1652 3954 de
1695 3888 2047 3966 veneficiis,
2101 3887 2184 3952 de
2233 3883 2547 3972 peculatu

470 3981 725 4047 infitiari
758 4006 1024 4051 necesse
1068 3996 1195 4051 estz
1248 3985 1320 4050 id
1353 3996 1454 4052 est
1495 3985 1690 4072 igitur
1734 4008 1936 4074 genus
1987 3983 2264 4071 primum
2307 4003 2550 4046 causa-

470 4095 614 4138 rum
647 4075 715 4138 in
750 4076 997 4144 iudiciis
1037 4101 1119 4144 ex
1152 4079 1588 4148 controversia
1627 4081 1812 4158 facti3
1867 4078 1934 4144 in
1969 4074 2555 4154 deliberationibus
