2784 4575
853 305 959 359 DE
997 302 1365 361 ORATORE
1401 305 1451 360 1.
1491 304 1728 360 15-23.
2279 292 2327 359 5

265 454 418 495 num
466 428 626 495 levis
663 452 768 494 ars
803 438 870 495 et
913 450 1106 493 scena
1155 427 1467 505 declarat3
1518 426 1585 491 in
1630 448 1757 511 qua
1799 448 1944 493 cum
1998 451 2218 495 omnes
2253 430 2323 495 in

267 524 394 592 oris
429 533 494 589 et
527 521 704 590 vocis
739 532 805 589 et
837 533 1050 589 motus
1086 521 1521 588 moderatione
1556 520 1909 600 elaborent,
1954 524 2095 607 quis
2138 522 2325 609 igno...

265 628 365 683 rat
389 640 577 701 quam
603 615 792 703 pauci
818 615 946 681 sint
967 614 1348 699 fuerintque,
1377 636 1539 699 quos
1567 614 1779 681 animo
1804 637 2009 700 aequo
2038 628 2325 702 spectare

265 711 624 798 possimus?
666 710 822 795 quid
868 710 1076 775 dicam
1120 711 1201 776 de
1245 710 1545 775 thesauro
1578 732 1794 775 rerum
1828 710 2139 788 omnium,
2192 732 2325 775 me-

265 806 502 873 moria?
555 827 716 890 quae
760 803 887 871 nisi
929 814 1146 870 custos
1190 803 1467 869 inventis
1513 804 1983 889 conlocatisque
2025 806 2220 871 rebus
2262 814 2327 869 et

265 900 476 967 verbis
515 900 916 978 adhibeatur,
969 897 1397 985 intellegimus
1434 898 1673 976 omnia,
1728 896 1919 965 etiam
1954 897 2010 963 si
2042 897 2327 984 praecla-

263 994 520 1061 rissima
563 993 800 1060 fuerint
831 993 900 1058 in
933 1003 1212 1071 oratore,
1247 992 1549 1079 peritura.
1592 1014 1787 1076 quam
1821 994 1905 1059 ob
1938 1013 2077 1057 rem
2108 991 2323 1057 mirari
2352 1018 2405 1059 ιε

267 1088 664 1165 desinamus,
719 1109 884 1171 quae
927 1107 1120 1151 causa
1165 1086 1247 1151 sit
1291 1085 1720 1171 eloquentium
1759 1086 2127 1174 paucitatis,
2182 1106 2328 1151 cum

267 1203 348 1245 ex
382 1179 476 1248 eis
509 1182 702 1247 rebus
743 1180 1058 1246 universis
1095 1179 1455 1265 eloquentia
1499 1190 1775 1259 constet,
1826 1180 1897 1246 in
1931 1181 2161 1266 quibus
2199 1180 2330 1246 sin-

267 1273 438 1362 gulis
484 1275 811 1342 elaborare
861 1297 1280 1362 permagnum
1325 1284 1454 1353 est,
1507 1274 1955 1360 hortemurque
1996 1274 2209 1363 potius
2251 1274 2329 1339 li·-

265 1368 452 1434 beros
488 1379 741 1435 nostros
786 1379 1186 1452 ceterosque,
1242 1389 1513 1452 quorum
1564 1367 1770 1453 gloria
1800 1368 1985 1434 nobis
2022 1379 2090 1433 et
2122 1368 2329 1455 digni·-

268 1472 366 1526 tas
402 1483 550 1527 cara
584 1473 710 1539 est,
763 1473 836 1527 ut
880 1460 1090 1527 animo
1139 1460 1234 1526 rei
1285 1460 1789 1547 magnitudinem
1832 1463 2330 1549 complectantur

267 1576 472 1638 neque
509 1554 601 1620 eis
637 1576 702 1619 se
735 1564 846 1619 aut
877 1554 1235 1641 praeceptis
1273 1566 1384 1619 aut
1416 1553 1741 1641 magistris
1788 1566 1899 1622 aut
1933 1556 2330 1623 exercitatio-

266 1647 475 1727 nibus,
513 1646 744 1732 quibus
777 1658 1040 1713 utuntur
1065 1670 1306 1725 omnes,
1343 1648 1462 1713 sed
1495 1648 1639 1713 aliis
1662 1649 2042 1733 quibusdam
2082 1649 2182 1737 [se
2207 1648 2325 1737 id],

267 1742 442 1825 quod
487 1751 824 1828 expetunt,
875 1741 1178 1827 consequi
1219 1764 1415 1828 posse
1460 1742 1801 1809 confidant.
1888 1766 1964 1809 ac
2002 1764 2150 1808 mea
2192 1742 2329 1827 qui-
2363 1740 2399 1792 6

268 1836 414 1903 dem
459 1836 776 1903 sententia
823 1858 1012 1902 nemo
1053 1835 1288 1923 poterit
1339 1858 1487 1903 esse
1530 1838 1707 1901 omni
1738 1837 1927 1903 laude
1972 1837 2327 1902 cumulatus
2352 1812 2407 1851 ²⁰

266 1940 503 2010 orator,
548 1930 676 1997 nisi
709 1929 830 1997 erit
872 1931 1154 1997 omnium
1195 1952 1411 1996 rerum
1450 1954 1827 2019 magnarum
1872 1942 2062 2017 atque
2100 1931 2329 1997 artium

267 2026 600 2117 scientiam
633 2038 1046 2107 consecutus:
1099 2026 1333 2093 etenim
1377 2049 1463 2091 ex
1492 2048 1707 2091 rerum
1752 2025 2112 2113 cognitione
2148 2026 2329 2092 efflo-

263 2130 474 2189 rescat
507 2130 573 2187 et
605 2119 922 2189 redundet
955 2130 1206 2207 oportet
1239 2120 1459 2185 oratio.
1546 2116 1739 2206 [quae
1772 2120 1898 2185 nisi
1943 2120 2028 2187 sit
2070 2121 2153 2186 ab
2188 2142 2331 2186 ora-

266 2226 402 2281 tore
445 2226 748 2303 percepta
783 2226 848 2280 et
893 2215 1177 2304 cognita,
1223 2214 1479 2281 inanem
1532 2215 1851 2300 quandam
1892 2214 2087 2281 habet
2122 2212 2332 2281 elocu-

269 2308 506 2373 tionem
537 2319 604 2374 et
635 2331 838 2394 paene
880 2308 1238 2398 puerilem.]
1326 2331 1537 2394 neque
1570 2333 1725 2376 vero
1758 2333 1883 2396 ego
1917 2310 2041 2375 hoc
2084 2319 2328 2374 tantum
2354 2335 2408 2375 ει

269 2401 478 2467 oneris
537 2401 861 2488 imponam
919 2405 1154 2469 nostris
1223 2403 1599 2489 praesertim
1668 2403 2023 2470 oratoribus
2084 2403 2151 2467 in
2210 2403 2332 2467 hac

269 2504 448 2560 tanta
479 2495 891 2582 occupatione
924 2497 1101 2562 urbis
1139 2517 1216 2560 ac
1249 2496 1442 2572 vitae,-
1474 2496 1632 2560 nihil
1664 2508 1737 2560 ut
1770 2496 1863 2560 eis
1888 2507 2109 2583 putem
2142 2494 2331 2559 licere

267 2589 542 2667 nescire,
601 2611 984 2672 quamquam
1025 2589 1124 2654 vis
1179 2589 1446 2654 oratoris
1496 2589 1939 2674 professioque
1982 2588 2127 2675 ipsa
2168 2587 2331 2652 bene

271 2680 522 2748 dicendi
570 2681 710 2748 hoc.
739 2681 1062 2766 suscipere
1105 2701 1182 2746 ac
1223 2681 1509 2768 polliceri
1558 2681 1878 2758 videatur,
1928 2691 2001 2744 ut
2042 2679 2217 2744 omni
2252 2679 2332 2744 de

267 2797 368 2854 re,
423 2796 860 2862 quaecumque
913 2774 997 2839 sit
1027 2775 1383 2862 proposita,
1439 2785 1659 2840 ornate
1702 2775 1797 2839 ab·
1822 2796 1899 2840 eo
1952 2774 2333 2861 copioseque

271 2869 542 2948 dicatum
598 2869 714 2934 sed
749 2868 900 2954 quia
929 2891 1060 2934 non
1096 2868 1316 2935 dubito
1360 2868 1515 2952 quin
1549 2869 1673 2936 hoc
1704 2867 2025 2955 plerisque
2068 2867 2333 2932 irnmen-
2359 2893 2413 2934 πε

271 2985 416 3030 sum
445 2961 886 3048 infinitumque
921 2963 1232 3042 videatur,
1269 2973 1334 3028 et
1368 2963 1540 3046 quod
1569 2961 1853 3029 Graecos
1880 2961 2169 3029 homines
2202 2985 2334 3028 non

271 3057 480 3124 solum
503 3057 764 3145 ingenio
790 3068 855 3124 et
882 3057 1188 3135 doctrina,
1225 3057 1342 3122 sed
1377 3055 1570 3122 etiam
1605 3056 1733 3122 otio
1772 3055 2107 3140 studioque
2132 3057 2335 3122 abun·-

270 3150 480 3217 dantis
521 3152 926 3239 partitionem
971 3151 1292 3236 quandam
1343 3151 1573 3216 artium
1624 3150 1859 3217 fecisse
1902 3151 2089 3216 video
2124 3171 2333 3235 neque

267 3242 336 3309 in
367 3243 664 3312 universo
699 3269 934 3334 genere
971 3245 1258 3333 singulos
1295 3245 1689 3322 elaborasse,
1737 3245 1855 3310 sed
1890 3244 2257 3332 seposuisse
2294 3266 2335 3307 a

269 3337 496 3403 ceteris
535 3339 915 3406 dictionibus
962 3363 1103 3406 eam
1136 3350 1385 3426 partem
1430 3339 1708 3417 dicendi,
1764 3361 1927 3424 quae
1960 3339 2030 3404 in
2064 3337 2334 3405 forensi-

267 3431 394 3496 bus
439 3429 1002 3518 disceptationibus
1054 3433 1431 3499 iudiciorum
1464 3445 1577 3500 aut
1618 3432 2147 3500 deliberationum
2190 3453 2334 3496 ver·-

273 3531 546 3601 saretur,
601 3532 666 3590 et
697 3525 767 3590 id
807 3549 1006 3590 unum
1049 3548 1254 3611 genus
1298 3526 1531 3591 oratori
1572 3525 1937 3610 reliquisse,
1990 3547 2119 3590 non
2164 3545 2336 3588 com-

267 3619 514 3707 plectar
544 3618 614 3684 in
647 3619 748 3685 his
789 3620 970 3685 libris
1016 3620 1317 3708 amplius,
1371 3643 1564 3705 quam
1615 3620 1788 3705 quod
1820 3619 1969 3684 huic
2012 3616 2231 3704 generi
2263 3639 2335 3682 re

270 3712 562 3798 quaesita
596 3724 661 3779 et
691 3714 963 3779 multum
998 3713 1320 3801 disputata
1347 3736 1739 3780 summorum
1773 3711 2101 3779 hominum
2133 3731 2335 3798 prope

271 3829 590 3876 consensu
631 3819 732 3875 est
773 3807 1105 3886 tributum3
1157 3819 1567 3896 repetamque
1615 3830 1745 3872 non
1800 3807 1883 3872 ab
1934 3803 2332 3869 incunabulis
2360 3829 2413 3870 23

268 3911 525 3969 nostrae
577 3902 809 3970 veteris
870 3901 1257 3989 puerilisque
1323 3902 1645 3968 doetrinae
1688 3899 2007 3984 quendam
2049 3897 2336 3965 ordinem

269 4005 783 4084 praeceptorum,
837 3995 956 4063 sed
1001 4018 1107 4075 ea,
1157 4017 1324 4080 quae
1377 3996 1699 4081 quondam
1734 3991 1953 4081 accepi
1984 3993 2053 4057 in
2085 4003 2335 4058 nostro-

262 4109 414 4158 rum
447 4089 770 4157 hominum
809 4089 1473 4177 eloquentissimorum
1510 4099 1575 4155 et
1610 4087 1781 4155 omni
1816 4086 2122 4176 dignitate
2154 4087 2329 4176 prin-
