2784 4575
528 227 659 295 304
1148 240 1225 294 Μ.
1262 235 1533 294 TULLII
1571 234 1975 294 CICERONIS

528 386 828 454 puerum3
892 363 1045 450 quid
1104 361 1273 428 enim
1336 371 1436 427 est
1497 370 1672 426 aetas
1734 357 2040 436 hominis,
2101 357 2230 424 nisi
2286 360 2609 428 memoria

528 481 742 524 rerum
776 467 1063 524 veterum
1096 477 1242 522 cum
1284 453 1680 540 superiorum
1724 461 1930 518 aetate
1967 451 2359 518 contexitur?
2421 475 2610 522 com-

527 551 899 620 memoratio
963 561 1177 633 autem
1246 547 1636 634 antiquitatis
1697 547 2258 635 exemplorumque
2318 548 2606 635 prolatio

529 669 778 713 summa
816 669 967 736 cum
1019 630 1438 711 delectatione
1471 653 1538 710 et
1573 641 2011 708 auctoritatem
2063 641 2332 708 orationi
2384 643 2604 710 adfert

529 752 595 808 et
626 742 839 809 fidem.

416 864 494 904 121
652 833 765 902 Sic
797 834 990 923 igitur
1024 835 1369 900 instructus
1407 832 1619 898 veniet
1653 831 1761 897 ad
1770 853 2026 910 causas,
2083 853 2350 917 quarum
2394 832 2610 900 habe--

525 930 621 996 bit
654 952 892 1016 genera
923 929 1198 1016 primum
1230 927 1373 1016 ipsa
1409 926 1692 1013 cognita.
1731 925 1850 991 erit
1883 925 2053 990 enim
2089 925 2148 990 ei
2181 939 2598 1012 perspectum

524 1024 683 1089 nihil
736 1022 975 1111 ambigi
1023 1045 1244 1109 posse,
1299 1022 1367 1087 in
1420 1042 1548 1105 quo
1599 1042 1730 1085 non
1783 1029 1892 1084 aut
1931 1041 2037 1084 res
2091 1021 2596 1088 controversiam

524 1119 719 1184 faciat
770 1129 880 1184 aut
929 1119 1153 1183 verba.
1183 1137 1309 1181 res
1364 1125 1475 1180 aut
1527 1114 1606 1181 de
1642 1135 1794 1179 vero
1831 1123 1940 1179 aut
1988 1114 2067 1178 de
2117 1124 2296 1180 recto
2348 1125 2461 1180 aut
2511 1116 2594 1182 de

524 1213 779 1278 nomine
790 1238 809 1290 3
856 1211 1055 1277 verba
1090 1219 1200 1276 aut
1234 1210 1313 1275 de
1350 1208 1651 1296 ambiguo
1687 1217 1798 1272 aut
1832 1208 1913 1272 de
1949 1208 2292 1274 contrario:
2347 1232 2500 1274 nam
2537 1211 2594 1276 si

528 1306 782 1389 quando
820 1305 991 1369 aliud
1032 1305 1100 1369 in
1148 1303 1463 1371 sententia
1510 1302 1762 1368 videtur
1816 1323 1987 1379 esse,
2043 1301 2217 1366 aliud
2249 1301 2318 1366 in
2353 1303 2592 1384 verbis,

525 1421 729 1485 genus
766 1410 865 1464 est
909 1399 1229 1483 quoddam
1282 1396 1590 1482 ambigui,
1647 1394 1820 1480 quod
1863 1417 1946 1461 ex
1994 1395 2336 1482 praeterito
2389 1399 2594 1465 verbo

524 1491 662 1558 fieri
698 1493 885 1572 solet,
937 1493 1005 1557 in
1041 1514 1196 1576 quo,
1250 1491 1422 1576 quod
1455 1500 1556 1556 est
1590 1489 2029 1576 ambiguorum
2070 1489 2430 1599 proprium,
2483 1515 2592 1558 res

304 1633 313 1640 ·
421 1583 493 1640 35
526 1586 684 1652 duas
740 1587 1081 1674 significari
1133 1585 1443 1650 videmus.
1531 1605 1678 1648 cum
1729 1595 1862 1648 tam
1910 1605 2118 1670 pauca
2169 1583 2298 1651 sint
2349 1608 2593 1672 genera

412 1658 491 1698 ¹²²
528 1703 889 1759 causarum,
944 1681 1135 1747 etiam
1190 1687 1706 1766 argumentorum
1757 1687 2098 1764 praecepta
2147 1700 2356 1764 pauca
2408 1691 2590 1745 sunt·

524 1774 739 1840 traditi
783 1786 959 1854 sunt,
1014 1798 1051 1840 e
1088 1775 1316 1858 quibus
1364 1796 1442 1838 ea
1485 1773 1823 1849 ducantur,
1879 1771 2162 1858 duplices
2197 1772 2350 1839 loci:
2403 1775 2513 1840 uni
2547 1798 2588 1840 e

522 1870 714 1935 rebus
752 1870 929 1957 ipsis,
968 1868 1147 1934 alteri
1182 1867 1522 1954 adsumpti.
1593 1865 1882 1932 tractatio
1916 1865 2110 1952 igitur
2141 1890 2353 1932 rerum
2389 1869 2588 1934 efficit

524 1963 959 2030 admirabilem
995 1962 1369 2040 orationem3
1407 1985 1558 2026 nam
1589 1961 1734 2048 ipsa
1768 1959 2025 2045 quidem
2060 1984 2163 2026 ars
2195 1961 2261 2026 in
2290 1962 2588 2046 perfacili

522 2057 883 2143 cognitione
918 2066 1234 2122 versatur:
1290 2054 1444 2138 quid
1479 2055 1648 2119 enim
1692 2053 1822 2120 iam
1876 2056 2179 2139 sequitur,
2233 2053 2399 2138 quod
2433 2054 2584 2137 qui-

523 2151 670 2214 dem
706 2151 856 2215 artis
894 2151 1004 2228 sit,
1058 2150 1182 2215 nisi
1233 2149 1428 2214 ordiri
1481 2149 1858 2228 orationem,
1922 2147 2046 2238 [in]
2101 2171 2222 2234 quo
2273 2157 2382 2213 aut
2426 2169 2590 2214 con-

525 2243 768 2310 cilietur
812 2243 1059 2311 auditor
1096 2256 1206 2310 aut
1248 2243 1528 2331 erigatur
1571 2255 1680 2309 aut
1728 2257 1912 2331 paret
1949 2266 2019 2311 se
2033 2287 2039 2293 «
2055 2244 2139 2311 ad
2180 2243 2584 2322 discendum;

521 2361 659 2404 rem
691 2338 969 2405 breviter
1022 2362 1337 2428 exponere
1374 2351 1439 2405 et
1473 2339 1884 2428 probabiliter
1919 2351 1985 2407 et
2029 2351 2272 2426 aperte,
2326 2350 2398 2405 ut
2431 2340 2584 2423 quid

523 2444 749 2520 agatur
781 2433 1066 2521 intellegi
1098 2434 1305 2521 possit
1314 2459 1333 2512 3
1392 2458 1510 2499 sua
1553 2435 1950 2511 confirmare,
2006 2434 2370 2500 adversaria
2402 2456 2586 2499 ever-

522 2538 682 2607 tere,
736 2550 936 2613 eaque
984 2529 1236 2595 efficere
1280 2553 1411 2595 non
1460 2529 1855 2615 perturbate,
1910 2529 2026 2593 sed
2071 2528 2339 2615 singulis
2372 2550 2586 2615 -argu-

520 2623 1012 2690 mentationibus
1075 2624 1167 2690 ita
1229 2624 1679 2692 concludendis
1691 2672 1710 2702 ,
1773 2634 1846 2689 ut
1904 2623 2216 2689 efficiatur
2277 2623 2448 2709 quod
2499 2621 2587 2687 sit

522 2739 919 2803 consequens
972 2717 1095 2798 eis,
1153 2741 1317 2804 quae
1364 2730 1692 2784 sumentur
1744 2718 1826 2783 ad
1877 2739 2192 2803 quamque
2243 2740 2380 2784 rem
2431 2738 2586 2783 con-

520 2812 925 2891 firmandam3
978 2824 1127 2900 post
1172 2814 1385 2880 omnia
1427 2812 1892 2899 perorationem
1941 2813 2440 2878 inflammantem
2481 2833 2586 2876 re-

524 2904 1033 2992 stinguentemve
1086 2908 1502 2974 concludere?
1552 2907 1670 2972 has
1713 2906 1916 2993 partis
1959 2929 2151 2989 quem
2195 2907 2277 2971 ad
2317 2907 2588 2971 modum

521 3009 747 3065 tractet
802 3000 1115 3089 singulas,
1172 3001 1428 3067 difficile
1483 3000 1654 3066 dictu
1706 3010 1807 3065 est
1857 3000 1979 3063 hoc
2011 3000 2182 3077 loco;
2233 3004 2379 3063 nec'
2409 2998 2590 3063 enim

408 3120 487 3161 123
525 3117 775 3181 semper
809 3106 1155 3161 tractantur
1187 3118 1315 3161 uno
1349 3095 1569 3160 modo=
1624 3091 1922 3177 quoniam
1965 3103 2178 3156 autem
2219 3112 2348 3153 non
2387 3111 2592 3172 quem

522 3188 785 3255 doceam
812 3212 1066 3273 quaero,
1105 3189 1220 3254 sed
1247 3210 1436 3273 quem
1459 3186 1743 3273 probem,
1777 3184 2063 3272 probabo
2097 3183 2372 3270 primum
2407 3205 2588 3263 eum,

520 3282 630 3367 qui
664 3284 817 3368 quid
852 3284 1073 3349 deceat
1106 3281 1345 3347 videbit
1352 3306 1371 3360 ;
1409 3280 1568 3345 haec
1603 3279 1770 3344 enim
1809 3278 2120 3365 sapientia
2151 3277 2429 3344 maxime
2465 3280 2583 3345 ad-

519 3376 797 3443 hibenda
848 3375 1167 3461 eloquenti
1208 3387 1336 3455 est,
1389 3385 1463 3441 ut
1505 3374 1591 3441 sit
1631 3385 1988 3462 temporum
2035 3396 2582 3463 personarumque

516 3471 907 3550 moderator,
960 3493 1111 3535 nam
1143 3492 1262 3536 nec
1300 3492 1554 3557 semper
1585 3492 1707 3536 nec
1759 3470 1930 3558 apud
1963 3470 2169 3537 omnis
2204 3490 2324 3534 nec
2359 3478 2586 3533 contra

521 3565 725 3631 omnis
762 3588 883 3632 nec
914 3587 1030 3653 pro
1065 3564 1359 3632 omnibus
1393 3586 1514 3631 nec
1549 3565 1842 3632 omnibus
1877 3565 2104 3631 eodem
2135 3564 2327 3630 modo
2363 3562 2582 3627 dicen-

414 3670 487 3725 36
523 3658 674 3723 dum
727 3660 1013 3726 arbitror.
1101 3658 1157 3726 is
1201 3659 1322 3726 erit
1362 3682 1518 3747 ergo
1564 3660 1896 3744 eloquens,
1949 3660 2058 3744 qui
2103 3657 2186 3723 ad
2226 3656 2322 3735 id,
2377 3657 2582 3740 quod-

522 3774 791 3838 cumque
840 3753 1117 3833 decebit,
1169 3754 1404 3841 poterit
1437 3753 1922 3819 adcommodare
1975 3752 2322 3818 orationem
2332 3774 2351 3828 3
2406 3750 2580 3833 quod

521 3867 667 3910 cum
704 3844 1019 3924 statuerit,
1074 3857 1237 3925 tum,
1274 3858 1347 3911 ut
1381 3846 1656 3930 quidque
1691 3846 1811 3911 erit
1845 3845 2210 3922 dicendum,
2263 3843 2354 3908 ita
2388 3842 2577 3918 dicet,

520 3961 641 4003 nec
686 3950 905 4004 satura
952 3939 1163 4005 ieiune
1204 3962 1325 4005 nec
1376 3940 1647 4025 grandia
1693 3939 1935 4005 minute
1978 3960 2096 4003 nec
2130 3938 2283 4002 item
2335 3946 2576 4013 contra,

407 4052 489 4091 ιιι
525 4030 641 4091 sed
693 4031 812 4094 erit
860 4030 1049 4097 rebus
1101 4032 1258 4116 ipsis
1310 4054 1429 4119 par
1481 4042 1545 4097 et
1607 4030 1886 4117 aequalis
1941 4031 2159 4099 oratio.
2265 4029 2578 4118 principia

2697 4476 2714 4565 β...-

2719 4463 2729 4484 ..-
