2784 4575
2298 93 2300 100 .

0 139 2 149 Ι

0 155 3 164 .

709 350 811 404 AD
851 347 912 404 C.
949 347 1417 406 HERENNIUM
1450 349 1585 405 1111.
1619 349 1859 406 45—47.
2226 337 2311 404 85

257 473 412 558 quia
459 471 783 558 paululum
833 470 904 536 in
949 471 1141 536 rebus
1192 494 1322 537 non
1374 471 1757 537 difficillimis
1795 473 2151 582 aspiravit?
2206 497 2312 540 or-

261 567 456 632 nandi
489 587 706 644 causa,
759 563 882 630 sic:
937 563 1303 648 ‘aliquando
1337 566 1431 630 rei
1462 566 1753 651 publicae
1784 567 2091 644 rationes,
2146 589 2307 651 quae

261 659 499 725 malitia
555 659 918 724 nocentium
979 670 1385 736 exaruerunt,
1450 659 1681 724 virtute
1742 660 2159 746 optumatium
2208 683 2307 726 re-

214 753 228 766 ’
261 752 612 820 virescent'
683 751 1158 818 translationem
1189 753 1535 838 pudentem
1570 753 1787 817 dicunt
1820 775 1965 818 esse
2000 763 2307 840 oportere,

0 855 5 924 μ
258 857 330 912 ut
388 869 535 914 cum
593 845 836 912 ratione
895 843 966 910 in
1025 845 1417 912 consimilem
1473 868 1610 911 rem
1672 857 1978 924 transeat,
2038 867 2120 910 ne
2174 847 2309 910 sine

0 951 1 963 ¹
257 939 508 1005 delectu
558 949 792 1006 temere
839 947 904 1003 et
954 938 1181 1024 cupide
1231 939 1521 1006 videatur
1570 939 1638 1004 in
1692 939 2063 1004 dissimilem
2106 949 2309 1020 trans-

255 1033 552 1098 cul-risse.

375 1124 769 1190 Permutatio
804 1135 904 1190 est
937 1124 1134 1191 oratio
1172 1123 1343 1193 aliud
1376 1126 1587 1190 verbis
1634 1125 1807 1192 aliud
1851 1125 2164 1191 sententia
2198 1125 2309 1190 de-
2350 1151 2403 1193 ω

259 1227 640 1286 monstrans.
743 1239 824 1282 ea
881 1216 1182 1288 dividatur
1231 1217 1300 1281 in
1351 1217 1465 1282 tris
1526 1219 1753 1303 partis:
1816 1218 2307 1296 similitudinem,

255 1323 729 1398 argumentum,
793 1312 1196 1380 contraham.
1307 1334 1423 1397 per
1486 1313 1960 1379 similitudinem
2022 1313 2306 1390 sumitur,

253 1427 404 1470 cum
433 1404 880 1474 translationes
915 1405 1130 1489 plures
1159 1405 1527 1486 -fi’equenter
1560 1416 1879 1489 ponuntur
1914 1430 1955 1471 a
1988 1405 2177 1470 simili
2208 1429 2311 1470 rae

257 1497 428 1562 tione
465 1499 720 1574 ductae,
773 1497 894 1562 sic:
949 1503 1128 1560 ‘nam
1167 1519 1316 1564 eum
1349 1518 1539 1562 canes
1575 1497 1919 1583 fungentur
1954 1499 2179 1564 officiis
2214 1499 2311 1562 lu-

258 1613 512 1676 porum,
576 1590 828 1654 cuinam
876 1589 1193 1675 praesidio
1247 1611 1452 1675 pecua
1502 1590 1895 1656 credemus?'
1958 1615 2071 1678 per
2126 1615 2313 1678 argu-

259 1693 543 1752 mentum
574 1691 908 1759 tractatur,
961 1703 1106 1750 cum
1141 1706 1180 1749 a
1211 1705 1487 1768 persona
1522 1693 1633 1749 aut
1662 1684 1803 1748 loco
1857 1695 1967 1748 aut
1996 1709 2067 1751 re
2102 1687 2315 1768 aliqua

255 1776 602 1846 similitudo
637 1774 915 1861 augendi
949 1786 1062 1842 aut
1088 1776 1416 1852 ‚minuendi
1442 1798 1637 1845 causa
1671 1777 1937 1855 ducitur,
1973 1789 2047 1842 ut
2080 1779 2147 1842 si·
2170 1779 2311 1861 quis

255 1871 544 1940 Drusum
599 1867 966 1938 Gracchum
1017 1870 1287 1939 nitorem
1339 1871 1695 1947 obsoletum
1747 1871 1933 1936 dicat.
2030 1893 2113 1936 ex
2164 1893 2314 1953 con-

257 1965 450 2032 trario
482 1965 734 2040 ducitur
771 1964 890 2042 sic,
924 1974 1000 2029 ut
1033 1965 1088 2030 si
1123 1965 1264 2051 quis
1303 1965 1625 2032 hominem
1658 1965 1997 2051 prodigum
2032 1975 2097 2029 et
2129 1964 2315 2046 luxu-

253 2059 495 2126 riosum
527 2057 806 2144 prudens
831 2079 1096 2144 parcum
1113 2069 1183 2124 -et
1213 2058 1583 2151 diligentem
1613 2059 1911 2146 appellet.
1964 2087 1971 2092 ·
2000 2070 2067 2124 et
2088 2059 2155 2124 in
2187 2059 2312 2126 ,hoc

253 2163 604 2240 postremo,
654 2152 832 2234 quod
877 2175 958 2220 ex
1001 2153 1312 2232 contrario
1365 2153 1665 2232 sumitur,
1718 2164 1785 2221 et
1824 2153 1892 2218 in
1934 2153 2043 2218 fflo
2085 2153 2311 2240 prime,

255 2246 430 2330 quod
462 2268 504 2312 a
539 2244 944 2321 similitudine
971 2245 1238 2325 ducitur,
1271 2269 1390 2333 per
1427 2248 1902 2318 translationem
1938 2258 2310 2335 argumento

255 2338 601 2424 poterimus
651 2339 775 2405 uti:
819 2362 942 2425 per
995 2340 1469 2408 similitudinem
1522 2343 1641 2409 sic:
1696 2348 1717 2380 ⁶
1728 2338 1881 2424 quid
1912 2342 2012 2417 ,ait
2052 2342 2157 2407 hic
2198 2362 2313 2405 rex

258 2440 447 2514 atque
479 2431 927 2517 Agamemnon
955 2444 1203 2510 noster,
1241 2434 1407 2511 sive,
1442 2444 1516 2501 ut
1549 2434 1886 2500 crudelitas
1923 2443 2051 2509 est,
2096 2433 2307 2517 potius

255 2524 561 2597 Atreus?
618 2546 698 2589 ex
733 2525 1073 2601 contrario,
1125 2534 1199 2589 ut
1233 2524 1290 2589 si
1324 2527 1711 2610 quempiam,
1738 2525 1858 2607 qui
1890 2534 2137 2607 patrem
2171 2546 2313 2587 ver-

255 2617 519 2692 bei-mit,
563 2617 856 2683 Aeneam
897 2636 1226 2692 vocemus,
1279 2616 1807 2745 intemperantem
1851 2625 1916 2682 et
1956 2614 2313 2679 adulterum

259 2707 683 2791 Hippolytum
715 2706 1131 2775 nominemus.

380 2800 566 2868 Haec
601 2807 750 2862 sunt
781 2797 936 2873 fere,
971 2818 1134 2879 quae
1163 2796 1432 2861 dicenda
1460 2796 1833 2859 videbantur
1862 2795 1941 2858 de
1978 2795 2315 2860 verborum

261 2890 804 2961 exornationibus.
826 2910 1012 2964 nunc
1035 2912 1146 2957 res
1181 2889 1324 2975 ipsa
1347 2898 1582 2966 monet,
1618 2898 1692 2953 ut
1717 2887 2013 2973 deinceps
2049 2887 2135 2951 ad
2168 2908 2315 2951 sen-

262 2986 601 3052 tentiarum
635 2981 1108 3051 exornationem
1143 2992 1559 3051 transeamus.

378 3078 760 3151 Distributio
787 3087 922 3155 est,
969 3098 1114 3151 cum
1145 3077 1214 3141 in
1246 3075 1446 3162 pluris
1482 3098 1585 3142 res
1623 3079 1732 3141 aut
1772 3096 2079 3205 personas
2116 3096 2315 3161 nego-
2348 3068 2417 3182 3ξ

263 3174 354 3245 tia
375 3172 698 3257 quaedam
731 3182 903 3247 certa
923 3171 1399 3258 dispertiuntur,
1436 3171 1558 3236 hoc
1591 3170 1811 3238 modo:
1848 3169 1987 3255 ((11,ιὶ
2011 3178 2313 3248 vestrum,

263 3268 539 3345 iudices,
591 3288 850 3339 nomen
859 3274 1116 3341 senatus
1153 3263 1386 3350 diligit,
1440 3264 1611 3337 hunc
1644 3264 1847 3335 oderit
1884 3285 2153 3333 necesse
2188 3273 2312 3340 θείς

264 3358 765 3447 ΡειιιΙειιάεεὶιιιε
824 3380 996 3434 enim
1041 3381 1305 3444 semper
1364 3358 1485 3433 iste
1546 3358 1939 3445 oppugnavit
1992 3366 2313 3435 senatum3

268 3454 377 3537 qui
399 3464 768 3536 ⁴equestrem
800 3451 1012 3520 locum
1048 3450 1629 3537 splendidissimum
1680 3452 1851 3538 cupit
1881 3474 2028 3517 esse
2062 3451 2129 3517 in
2166 3450 2317 3513 civi-

268 3558 426 3625 tate,
458 3547 517 3612 is
554 3556 730 3632 optet
760 3546 956 3611 istum
987 3546 1296 3621 maximas
1330 3568 1571 3631 poenas
1609 3546 1891 3622 dedisse,
1925 3566 2007 3609 ne
2040 3545 2166 3607 ista
2200 3563 2318 3605 sua

271 3639 656 3727 turpitudine
700 3639 904 3714 ordini
949 3638 1399 3703 honestissimo
1449 3639 1733 3709 maculae
1786 3648 1973 3721 atque
2024 3634 2320 3699 dedecori

273 3734 385 3813 sit3
432 3734 540 3818 qui
571 3741 866 3841 parentes
899 3732 1179 3810 habetis,
1225 3732 1539 3798 ostendite
1572 3731 1755 3799 istius
1793 3728 2099 3816 supplicio
2135 3727 2315 3791 vobis

272 3827 558 3895 homines
592 3825 821 3911 impios
855 3846 986 3889 non
1016 3825 1581 3911 plaeere3q15ubus
1616 3823 1797 3891 liberi
1834 3831 2007 3898 sunt,
2064 3818 2317 3883 statuite

274 3919 684 4008 exemplum,
726 3928 998 4001 quantae
1057 3940 1299 4004 poenae
1353 3919 1480 3991 sint
1527 3918 1595 3981 in
1646 3916 1897 3984 civitate
1959 3912 2316 3979 hominibus

275 4014 458 4085 istius
485 4013 658 4079 modi
683 4012 1119 4099 comparatae?
1187 4012 1368 4078 item.
1407 4019 1693 4080 ‘senatus
1730 4018 1829 4073 est
1854 4007 2135 4073 officium
2169 4027 2319 4071 cou-

278 4108 418 4173 silio
453 4108 768 4173 civitatem
811 4129 1028 4171 luvare
1035 4132 1056 4185 3
1107 4106 1515 4193 magistratus
1564 4114 1663 4171 est
1702 4100 1983 4171 officium
2028 4124 2221 4189 opera
2252 4109 2321 4165 et
