2784 4575
480 265 572 329 ,66
1090 274 1176 330 Μ.
1213 275 1480 332 TULLII
1518 271 1923 332 CICERONIS

487 398 815 476 defendat,
869 419 1014 464 cum
1046 397 1192 484 plus
1225 419 1355 463 uno
1399 419 1623 462 verum
1658 419 1801 462 esse
1844 419 1975 462 non
2006 395 2231 483 possit.
2320 405 2397 462 ιιι
2427 397 2547 486 igi-

487 504 590 558 tur
619 491 686 557 in
729 491 866 558 eius
909 491 1085 557 modi
1133 513 1236 569 re,
1287 512 1453 575 quae
1494 491 1827 557 mendacio
1870 489 2023 554 nixa
2064 488 2174 569 sit,
2234 487 2431 576 [quae
2464 494 2545 558 ad

484 585 814 654 scientiam
846 608 977 652 non
1013 607 1206 670 saepe
1229 583 1615 672 perveniat,]
1653 606 1815 668 quae
1849 583 2177 671 opiniones
2215 583 2545 651 hominum

482 690 549 745 et
584 701 776 766 saepe
812 701 1056 745 errores
1100 687 1478 765 aucupetur,
1522 677 1614 743 ita
1648 677 1885 755 dicam,
1924 676 1979 744 si
2012 699 2272 742 causam
2306 679 2543 765 putatis

413 774 449 827 8
483 795 660 850 esse,
701 793 816 838 cur
851 771 1163 838 audiatis?
1253 777 1399 837 ‘nos
1435 793 1587 836 vero
1623 781 1690 835 et
1723 771 1907 835 valde
1950 770 2232 855 quidem'
2272 769 2545 838 Catulus

403 845 501 885 ⁸¹
481 865 688 950 inquit
731 872 1056 952 ‘putamus
1093 876 1284 950 atque
1321 887 1399 931 eo
1433 864 1670 952 magis,
1728 865 1901 948 quod
1932 864 2107 930 nulla
2136 865 2297 930 mihi
2330 875 2548 934 osten-

483 959 720 1027 tatione
755 959 989 1026 videris
1017 981 1160 1024 esse
1185 979 1449 1036 usurus;
1486 981 1752 1025 exorsus
1780 980 1851 1024 es
1880 959 2048 1024 enim
2072 981 2203 1024 non
2236 959 2541 1046 gloriose3

480 1051 688 1138 magis
723 1075 766 1116 a
797 1052 1090 1130 veritate,
1135 1063 1210 1118 ut
1243 1062 1313 1117 tu
1345 1061 1567 1138 putas,
1626 1074 1819 1136 quam
1854 1075 1895 1116 a
1924 1051 2141 1118 nescio
2175 1074 2304 1137 qua
2335 1052 2545 1139 digni-

403 1175 455 1216 32
483 1157 632 1212 tate.
634 1146 652 1175 ’
742 1152 844 1212 ‘ut
883 1145 1076 1232 igitur
1129 1147 1210 1211 de
1251 1145 1393 1236 ipso
1438 1167 1674 1232 genere
1727 1167 1870 1210 sum
1904 1145 2264 1224 confessus,
2268 1146 2287 1176 ’
2338 1146 2543 1230 inquit

479 1240 802 1306 Antonius
858 1246 1088 1306 ‘artem
1131 1261 1277 1305 esse
1323 1263 1454 1306 non
1494 1239 1865 1318 maximam,
1920 1237 2014 1304 sic
2053 1239 2207 1304 illud
2251 1239 2539 1317 adfirmo,

437 1395 446 1399 -
479 1344 822 1421 praecepta
850 1356 1044 1420 posse
1079 1332 1392 1417 quaedam
1428 1330 1564 1397 dari
1604 1342 1907 1418 peracuta
1948 1331 2033 1396 ad
2063 1332 2539 1419 pertractandos

483 1427 728 1494 animos
791 1425 1119 1493 hominum
1171 1437 1238 1492 et
1287 1427 1371 1493 ad
1422 1425 1830 1513 excipiendas
1884 1448 2103 1492 eorum
2159 1425 2538 1491 voluntates.

481 1521 668 1588 huius
705 1521 800 1588 rei
834 1521 1162 1588 scientiam
1197 1520 1254 1586 si
1288 1520 1432 1604 quis
1466 1520 1639 1588 volet
1662 1542 1962 1607 magnam
1991 1519 2309 1605 quandam
2341 1529 2543 1584 artem

483 1638 628 1682 esse
662 1614 900 1694 dicere,
935 1638 1066 1682 non
1098 1615 1501 1701 repugnab03
1538 1613 1774 1682 etenim
1808 1635 1954 1679 cum
1986 1613 2270 1700 plerique
2305 1622 2543 1678 temere

483 1731 560 1776 ac
591 1709 769 1776 nulla
799 1708 1044 1776 ratione
1089 1730 1316 1776 causas
1349 1707 1421 1774 in
1464 1708 1605 1773 foro
1657 1707 1900 1786 dicant,
1952 1730 2083 1774 non
2127 1705 2286 1771 nulli
2330 1717 2543 1772 autem

479 1814 740 1890 propter
763 1801 1275 1870 exercitationem
1300 1812 1411 1868 aut
1433 1813 1690 1889 propter
1720 1802 2239 1869 consuetudinem
2266 1800 2542 1886 aliquam

483 1895 770 1962 callidius
803 1896 874 1961 id
904 1896 1162 1975 faciant,
1197 1918 1328 1964 non
1363 1907 1465 1962 est
1498 1896 1761 1962 dubium
1796 1895 1966 1981 quin,
2004 1895 2060 1961 si
2088 1895 2229 1980 quis
2257 1894 2541 1960 animad-

481 1989 766 2068 verterit,
803 1989 960 2072 quid
993 1989 1104 2068 sit,
1149 2011 1279 2074 qua
1309 2012 1381 2055 re
1418 1988 1528 2054 alii
1566 1990 1794 2055 melius
1830 2011 2022 2074 quam
2056 1989 2163 2055 alii
2198 1988 2411 2053 dicant
2417 2035 2438 2066 ,
2472 1987 2542 2052 id

478 2083 686 2168 possit
733 2093 982 2148 notare:
1036 2105 1190 2170 ergo
1240 2082 1312 2147 id
1353 2082 1466 2166 qui
1508 2093 1641 2149 toto
1692 2083 1762 2148 in
1804 2104 2037 2170 genere
2079 2081 2329 2160 fecerit,
2380 2081 2439 2147 is
2484 2081 2543 2147 si

479 2199 610 2241 non
659 2175 849 2262 plane
901 2186 1130 2254 artem,
1195 2186 1264 2242 at
1314 2176 1501 2261 quasi
1560 2187 1761 2244 artem
1824 2177 2143 2262 quandam
2198 2175 2539 2253 invenerit;

403 2294 454 2337 sa
481 2278 670 2354 atque
703 2267 975 2348 utinam,
1018 2279 1093 2335 ut
1124 2268 1282 2335 mihi
1312 2268 1426 2335 illa
1459 2269 1679 2338 videor
1722 2270 1937 2337 videre
1971 2270 2041 2337 in
2072 2270 2211 2338 foro
2248 2280 2438 2355 atque
2470 2268 2540 2335 in

482 2363 712 2441 causis,
747 2362 901 2429 item
935 2385 1125 2442 nunc,
1163 2386 1354 2448 quem
1388 2364 1475 2429 ad
1505 2365 1769 2431 modum
1802 2388 1881 2431 ea
1912 2365 2353 2453 reperirentur,
2386 2386 2541 2451 pos-

481 2480 622 2525 sem
652 2456 836 2523 vobis
879 2456 1240 2542 exquirerel
1297 2458 1417 2524 sed
1451 2459 1531 2524 de
1572 2481 1677 2523 me
1722 2458 1971 2537 vider03
2023 2480 2194 2524 nunc
2235 2458 2357 2524 hoo
2386 2481 2544 2545 pro-

477 2574 678 2637 pono,
733 2550 903 2636 quod
936 2550 1094 2617 mihi
1144 2551 1466 2639 persuasi,
1522 2552 1812 2637 quamvis
1848 2575 1952 2619 ars
1986 2575 2117 2618 non
2160 2552 2269 2631 sit,
2322 2564 2541 2618 tamen

479 2644 638 2709 nihil
671 2667 816 2711 esse
849 2645 1134 2733 perfecto
1167 2656 1420 2712 oratore
1463 2646 1881 2755 praeclarius3
1932 2668 2083 2711 nam
2114 2657 2187 2711 ut
2219 2668 2406 2711 usum
2442 2646 2545 2711 di-

478 2739 665 2807 cendi
698 2738 1013 2817 omittam,
1069 2738 1178 2823 qui
1211 2738 1282 2805 in
1315 2739 1489 2805 omni
1530 2750 1760 2851 pacata
1792 2750 1859 2805 et
1898 2740 2101 2806 libera
2135 2740 2387 2805 civitate
2424 2740 2540 2806 do-

447 2833 781 2911 minatur,
817 2842 996 2899 tanta
1028 2831 1368 2900 oblectatio
1404 2844 1505 2899 est
1536 2834 1605 2899 in
1638 2834 1783 2921 ipsa
1814 2834 2115 2899 facultate
2152 2834 2429 2913 dicendi,
2462 2846 2541 2899 ut

475 2924 636 2991 nihil
677 2925 1006 2991 hominum
1051 2939 1162 2992 aut
1204 2927 1462 2994 auribus
1508 2938 1619 2993 aut
1660 2927 1978 2994 mentibus
2022 2928 2358 2995 iucundius
2391 2950 2545 3015 per-

399 3044 453 3085 34
478 3016 605 3105 cipi
635 3018 861 3105 possit.
949 3020 1059 3104 qui
1102 3019 1274 3085 enim
1309 3030 1535 3087 cantus
1586 3022 1916 3087 moderata
1965 3022 2247 3088 oratione
2294 3019 2545 3087 dulcior

478 3110 746 3177 inveniri
786 3114 1044 3198 potest?
1099 3113 1271 3197 quod
1324 3135 1581 3180 carmen
1632 3114 1972 3181 artificiosa
2012 3114 2345 3184 verborum
2381 3134 2543 3179 con-

473 3204 760 3271 clusione
803 3205 1052 3292 aptius?
1104 3205 1218 3289 qui
1261 3218 1438 3273 actor
1478 3208 1785 3275 imitanda
1836 3230 2028 3293 quam
2068 3215 2279 3275 orator
2330 3206 2545 3273 susci-

478 3298 711 3385 pienda
761 3298 1024 3365 veritate
1084 3299 1460 3367 iucundior?
1519 3302 1673 3387 quid
1724 3312 1936 3369 autem
1996 3300 2291 3367 subtilius
2344 3324 2538 3387 quam

477 3393 736 3459 crebrae
787 3401 1135 3478 acutaeque
1187 3394 1575 3461 sententiae?
1636 3396 1789 3479 quid
1852 3395 2283 3462 admirabilius
2345 3408 2539 3481 quam

473 3509 580 3553 res
633 3486 992 3573 splendore
1019 3486 1355 3555 inlustrata
1407 3490 1785 3555 verborum?
1834 3488 1990 3575 quid
2016 3488 2291 3577 plenius
2344 3509 2539 3573 quam

477 3580 650 3647 omni
683 3602 917 3667 genere
949 3603 1164 3648 rerum
1197 3583 1518 3649 cumulata
1550 3582 1788 3649 oratio?
1820 3605 2027 3667 neque
2060 3582 2193 3648 ulla
2224 3604 2355 3648 non
2385 3603 2545 3689 pro-

474 3674 616 3761 pria
649 3674 914 3741 oratoris
955 3697 1060 3741 res
1103 3687 1232 3755 est,
1285 3700 1449 3761 quae
1494 3676 1751 3759 quidem
1804 3688 2023 3743 ornate
2058 3675 2184 3741 dici
2227 3674 2545 3785 graviter-

409 3771 443 3823 9
425 3790 600 3881 5que
637 3769 844 3835 debet,
897 3769 1085 3835 huius
1121 3780 1222 3837 est
1253 3768 1320 3836 in
1356 3772 1568 3838 dando
1597 3770 1861 3837 consilio
1896 3770 1978 3836 de
2010 3770 2305 3836 maximis
2336 3766 2539 3833 rebus

425 3840 623 3927 5(ιιιιιι
659 3862 964 3971 dignitate
999 3863 1314 3950 explicata
1357 3862 1697 3943 sententia3
1752 3864 2038 3931 eiusdem
2074 3874 2139 3930 et
2173 3859 2537 3949 languentis

476 3944 699 4038 populi
745 3956 1026 4022 incitatio
1069 3967 1136 4021 et
1186 3957 1479 4022 effrenati
1524 3958 1902 4037 moderatim
1955 3958 2180 4023 eadem
2231 3954 2539 4022 facultate

479 4054 545 4107 et
578 4045 752 4110 fraus
807 4047 1132 4113 hominum
1177 4049 1259 4113 ad
1300 4050 1647 4135 perniciem
1681 4061 1747 4117 et
1778 4050 2108 4137 integritas
2144 4050 2227 4114 ad
2263 4048 2538 4115 salutem
