2784 4575
940 265 1221 324 TOPIOA
1256 269 1498 357 63-71.
2111 258 2238 324 389

194 404 261 460 et
292 391 715 480 philosophie,
772 390 887 456 sed
919 385 1299 470 iurisetiam
1330 390 1550 476 peritis
1587 390 1842 477 copiose
1877 393 2246 458 de‘consul-

196 486 539 552 tationibus
578 485 711 550 suis
748 484 1099 570 disputare.

318 577 711 646 Coniunctus
746 576 893 642 huic
926 597 1260 650 causarum
1292 575 1434 641 loco
1467 575 1574 641 ille
1607 577 1784 642 locus
1811 587 1930 656 est,
1963 576 2074 662 qui
2104 578 2244 642 effi
2277 575 2349 628 18

196 674 359 738 citur
394 695 474 737 ex
510 672 745 748 causis3
798 681 872 736 ut
900 668 1075 735 enim
1110 691 1303 734 causa
1354 669 1508 752 quid
1545 671 1625 734 sit
1659 671 1956 735 effectum
1987 671 2242 748 indicat,
2286 647 2338 686 ⁶⁷

198 767 290 830 sio
327 765 499 849 quod
532 765 832 830 effectum
866 774 965 828 est
1000 785 1161 847 quae
1196 761 1387 828 fuerit
1421 783 1615 827 causa
1649 763 2055 828 demonstrat.
2143 765 2246 828 hie

190 861 374 926 locus
412 858 816 944 suppeditare
854 856 1016 921 solet
1066 855 1422 922 oratoribus
1457 864 1522 920 et
1553 855 1758 942 poe‘tis
1769 903 1789 934 ,
1829 879 2020 942 saepe
2055 856 2248 923 etiam

189 951 610 1038 philosophie,
630 950 765 1014 ,sed
790 949 903 1026 eis,
940 947 1050 1032 qui
1082 959 1303 1014 ornate
1338 958 1402 1014 et
1436 949 1691 1034 copiose
1717 950 1927 1034 eloqui
1958 961 2245 1036 possunt,

191 1043 551 1109 mirabilem
584 1042 853 1128 copiam
868 1042 1149 1121 dicendi,
1194 1065 1340 1109 cum
1386 1043 1758 1108 denuntiant
1789 1043 1946 1128 quid
1980 1064 2061 1107 ex
2096 1065 2250 1127 qua-

192 1159 323 1221 que
355 1159 427 1202 re
472 1136 555 1201 sit
588 1135 900 1215 futurum3
938 1157 1273 1201 causarum
1307 1135 1478 1201 enim
1509 1136 1788 1222 cognitio
1825 1135 2250 1223 cognitionem

194 1241 569 1296 eventorum
604 1229 776 1296 facit.
1487 1232 1501 1256 '·

316 1323 629 1406 Reliquus
692 1334 792 1388 est
852 1322 1337 1408 comparationis
1400 1323 1609 1401 locus,
1681 1323 1857 1388 cuius
1919 1344 2122 1409 genus
2185 1332 2248 1386 et
2291 1347 2344 1387 es

192 1415 559 1502 exemplum
593 1438 786 1502 supra
818 1417 1099 1503 positum
1134 1427 1261 1492 est,
1314 1425 1389 1480 ut
1421 1425 1800 1494 ceterorum,
1844 1439 2014 1482 nunc
2049 1415 2248 1504 expli-

194 1509 403 1574 canda
464 1509 753 1574 tractatio
816 1521 941 1575 est:
1004 1520 1450 1596 comparantur
1507 1508 1700 1596 igitur
1761 1532 1864 1588 ea,
1925 1532 2087 1594 quae
2139 1521 2250 1573 aut

192 1603 437 1668 maiora
471 1613 580 1666 aut
610 1602 857 1668 minora
892 1613 1001 1668 aut
1030 1603 1211 1688 paria
1245 1602 1566 1680 dicuntur3
1602 1603 1669 1666 in
1703 1603 1930 1686 quibus
1959 1611 2250 1688 spectan-

194 1708 299 1760 tur
334 1696 521 1761 haee:
573 1717 905 1772 numerus,
961 1695 1238 1782 species,
1283 1695 1412 1773 vis,
1456 1696 1772 1780 quaedam
1806 1696 1996 1762 etiam
2031 1695 2114 1759 ad
2143 1717 2247 1759 res

197 1789 441 1874 aliquas
478 1788 770 1856 adfectio.
844 1811 1108 1856 numero
1146 1790 1239 1854 sio
1273 1791 1830 1876 comparabuntur,
1864 1790 2050 1876 plura
2080 1790 2248 1854 bona
2291 1813 2344 1854 69

196 1894 269 1947 ut
309 1883 711 1970 paucioribus
744 1883 929 1949 bonis
986 1894 1474 1969 anteponantur,
1525 1883 1826 1970 pauciora
1865 1883 2034 1948 mala
2066 1883 2248 1946 malis

192 1977 502 2063 pluribus,
540 1977 929 2044 diuturniora
961 1979 1132 2044 bona
1163 1978 1589 2056 brevioribus,
1625 1978 1816 2064 longe
1849 1987 1915 2042 et
1945 1977 2074 2042 late
2106 1999 2251 2063 per-

198 2083 435 2158 vagata
495 2071 814 2158 angustis;
884 2094 967 2136 ex
1026 2072 1255 2155 quibus
1314 2072 1499 2158 plura
1565 2073 1736 2138 bona
1800 2081 2247 2158 propagentur,

194 2186 485 2249 quaeque
518 2166 734 2252 plures
768 2165 1092 2231 imitentur
1127 2176 1193 2230 et
1234 2165 1490 2231 faciant.
1579 2163 1789 2250 specie
1831 2176 2045 2230 autem
2077 2185 2247 2230 com-

193 2269 522 2345 parantur,
582 2269 657 2323 ut
708 2269 1171 2345 anteponantur
1230 2279 1393 2343 quae
1451 2270 1710 2346 propter
1761 2281 1832 2325 se
1894 2259 2252 2346 expetenda

199 2362 345 2417 sunt
380 2352 471 2415 eis
507 2372 670 2435 quae
703 2364 961 2439 propter
996 2352 1195 2429 aliud,
1240 2362 1305 2417 et
1336 2362 1410 2416 ut
1442 2352 1658 2417 innata
1693 2363 1880 2436 atque
1913 2353 2105 2417 insita
2139 2352 2251 2417 ad-

199 2444 465 2530 sumptis
502 2454 567 2509 et
604 2444 977 2509 adventiciis
990 2492 1009 2523 ,
1034 2446 1295 2531 integra
1329 2445 1790 2523 contaminatis,
1823 2446 2101 2509 iucunda
2133 2446 2252 2507 mi-

195 2561 317 2603 nus
367 2538 693 2615 iucundis,
749 2537 1019 2604 honesta
1051 2538 1210 2623 ipsis
1254 2538 1446 2603 etiam
1479 2537 1768 2616 utilibus,
1821 2537 2126 2623 proclivia
2158 2536 2253 2601 la·-

198 2631 494 2709 boriosis,
556 2631 917 2697 necessaria
968 2654 1100 2696 non
1160 2631 1567 2709 necessariis,
1629 2654 1747 2696 sua
1797 2630 2046 2707 alienis,
2107 2652 2284 2693 rara·
2341 2641 2346 2645 ’

197 2724 559 2809 volgaribus
570 2773 589 2803 ,
627 2724 1071 2791 desiderabilia
1104 2726 1227 2802 eis,
1280 2726 1512 2809 quibus
1549 2724 1734 2790 facile
1771 2746 1982 2789 carere
2017 2724 2249 2810 possis,

196 2818 479 2903 perfecta
510 2817 823 2883 inchoatis
836 2868 854 2896 ,
910 2830 1045 2885 tota
1076 2818 1393 2905 partibus,
1434 2818 1680 2884 ratione
1713 2817 1956 2884 utentia
1987 2816 2248 2881 rationis

199 2911 591 2996 expertibus,
626 2912 985 2978 voluntaria
1018 2913 1428 2989 necessariis,
1469 2912 1746 2977 animata
1777 2911 2100 2989 inanimis,
2135 2934 2249 2974 na-

198 3004 426 3069 turalia
465 3028 597 3070 non
646 3006 1073 3084 naturalibus,
1128 3006 1467 3072 artificiosa
1507 3028 1638 3071 non
1689 3004 2062 3069 artificiosis.
2150 3004 2246 3067 vis
2290 3026 2346 3071 το

198 3108 409 3163 autem
443 3098 511 3163 in
562 3100 1030 3186 comparatione
1068 3100 1161 3165 sic
1196 3100 1497 3165 cerniturz
1551 3098 1835 3163 efficiens
1879 3118 2072 3162 causa
2105 3120 2252 3183 gra-

198 3192 336 3257 vior
388 3215 579 3275 quam
632 3216 763 3259 non
824 3194 1135 3271 efficiens3
1200 3215 1361 3277 quae
1417 3215 1488 3257 se
1543 3192 1702 3278 ipsis
1757 3200 2052 3258 contenta
2103 3202 2252 3255 sunt

198 3284 459 3347 meliora
520 3305 711 3367 quam
764 3308 927 3369 quae
981 3298 1174 3371 egent
1226 3285 1394 3361 aliis3
1458 3306 1622 3368 quae
1673 3285 1740 3348 in
1789 3294 2009 3349 nostra
2059 3305 2250 3367 quam

200 3398 363 3459 quae
412 3375 481 3439 in
534 3377 801 3443 aliorum
849 3388 1165 3464 potestate
1219 3388 1396 3455 sunt3
1452 3377 1702 3443 stabilia
1749 3376 2034 3455 incertis3
2088 3396 2250 3459 quae

200 3468 358 3555 eripi
393 3491 522 3534 non
556 3482 827 3556 possunt
860 3472 981 3549 eis,
1036 3482 1522 3557 quaepossunt.
1611 3470 1882 3537 adfectio
1919 3479 2132 3535 autem
2169 3468 2252 3531 ad

196 3584 301 3629 res
338 3563 581 3647 aliquas
620 3576 719 3630 est
760 3565 947 3631 huius
991 3566 1193 3631 modi:
1246 3565 1603 3651 principum
1646 3565 1978 3629 commoda
2009 3562 2252 3628 maiora

199 3678 391 3740 quam
424 3658 837 3743 reliquorum3
888 3658 1169 3743 itemque
1206 3682 1368 3743 quae
1404 3660 1803 3736 iucundiora,
1859 3678 2022 3742 quae
2053 3657 2252 3744 pluri-

198 3754 321 3817 bus
356 3753 651 3838 probata,
705 3774 868 3837 quae
906 3753 987 3818 ab
1023 3753 1261 3839 optimo
1314 3756 1566 3837 quoque
1616 3753 1898 3829 laudata3
1955 3761 2144 3833 atque
2177 3758 2251 3811 ut

200 3843 360 3908 haec
392 3846 459 3907 in
494 3847 962 3933 comparatione
1003 3847 1283 3925 meliora,
1322 3847 1416 3911 sic
1442 3846 1752 3912 deteriora
1777 3868 1938 3929 quae
1973 3844 2064 3909 eis
2103 3852 2252 3907 sunt

200 3939 529 4004 contraria.
615 3942 864 4027 parium
909 3953 1121 4007 autem
1172 3941 1560 4028 comparatio
1600 3963 1720 4007 nec
1763 3939 2096 4005 elationem
2133 3936 2246 4001 ha-
2289 3964 2336 4003 τι

200 4033 307 4096 bet
340 4055 459 4097 nec
494 4036 1003 4105 summissionem
1011 4062 1031 4117 3
1077 4048 1173 4103 est
1210 4036 1378 4102 enim
1415 4035 1716 4120 aequalis.
1802 4033 2004 4099 multa
2035 4042 2248 4097 autem
