2784 4575
523 294 632 350 DE
668 293 983 351 PARTlT.
1020 291 1422 350 ORATomA
1455 290 1662 348 DIAL.
1697 293 1936 349 88—95.
2115 279 2248 348 363

198 429 432 488 statem
492 428 713 484 natum
772 415 941 482 malo
1006 414 1184 482 cultu
1241 411 1581 502 pravisque
1651 414 2051 502 opinionibus
2108 439 2255 483 esse

199 522 584 599 corruptum.
674 533 799 596 qua
828 532 902 578 re
935 508 1003 576 in
1056 508 1444 575 cohortando
1497 518 1685 592 atque
1739 508 2066 574 suadendo
2107 531 2254 596 pro·-

196 607 477 696 positum
513 604 769 691 quidem
799 602 985 670 nobis
1030 603 1149 670 erit
1190 601 1375 680 illud,
1430 612 1502 668 ut
1537 601 1897 680 doceamus,
1935 603 2045 686 qui
2085 603 2254 670 bona

198 700 505 786 consequi
554 699 847 783 malaque
899 697 1099 763 vitare
1146 696 1482 784 possimus
1492 721 1511 775 3
1577 683 1692 760 sed
1743 696 1915 784 apud
1965 696 2252 765 homines
2297 721 2354 762 92

195 796 363 860 bene
412 793 737 859 institutos
787 791 1131 880 plurimum
1184 790 1263 856 de
1306 790 1496 856 laude
1548 800 1613 856 et
1656 790 1738 856 de
1789 791 2120 858 honestate
2162 792 2257 857 di-

196 910 438 966 cemus,
473 888 872 972 maximeque
909 909 986 951 ea
1018 907 1257 973 genera
1291 885 1593 951 virtutum
1628 885 2054 964 tractabimus,
2092 908 2254 971 quae

194 981 266 1048 in
300 981 623 1048 communi
675 980 1001 1045 hominum
1050 979 1321 1044 utilitate
1357 979 1596 1044 tuenda
1647 979 2064 1066 augendaque
2114 1003 2258 1047 ver-

198 1085 451 1152 santur3
491 1074 591 1140 sin
627 1074 799 1160 apud
830 1074 1119 1139 indoctos
1154 1073 1604 1159 imperitosque
1642 1073 1956 1151 dicemus,
1991 1073 2259 1152 fructus,

196 1169 653 1246 emolumenta,
706 1167 1065 1254 voluptates
1102 1167 1567 1252 vitationesque
1601 1167 1890 1234 dolorum
1931 1168 2261 1254 proferan-

197 1275 331 1341 tur;
370 1263 681 1328 addantur
718 1261 908 1328 etiam
944 1261 1363 1328 contumeliae
1399 1272 1587 1346 atque
1621 1261 2034 1350 ignominiae:
2069 1283 2262 1328 nemo

198 1367 301 1422 est
336 1357 504 1422 enim
538 1366 672 1420 tam
708 1355 999 1442 agrestis,
1039 1377 1228 1441 quem
1254 1378 1404 1432 non,
1432 1357 1486 1422 si
1511 1354 1656 1442 ipsa
1689 1355 1989 1423 honestas
2024 1357 2254 1436 minus,

198 1449 583 1514 contumelia
618 1460 830 1514 tamen
866 1460 929 1514 et
965 1449 1239 1514 dedecus
1276 1471 1512 1536 magno
1548 1471 1737 1536 opere
1771 1461 2042 1517 moveat.
2131 1473 2258 1536 qua

196 1567 269 1610 re
304 1545 461 1629 quid
504 1547 587 1610 ad
634 1544 971 1630 utilitatem
1026 1555 1297 1632 spectet,
1356 1568 1439 1610 ex
1474 1545 1596 1623 eis,
1657 1567 1816 1630 quae
1870 1547 2038 1612 dicta
2089 1558 2255 1623 sunt,

194 1639 546 1724 reperietur
553 1664 573 1718 3
629 1640 783 1723 quid
817 1650 1028 1704 autem
1070 1639 1276 1726 possit
1310 1637 1479 1704 effici
1513 1660 1712 1705 necne
1745 1640 1977 1725 possit,
2029 1639 2096 1702 in
2131 1659 2254 1722 quo
2299 1663 2355 1701 93

197 1733 391 1797 etiam
426 1754 615 1815 quam
649 1732 835 1798 facile
870 1733 1079 1819 possit
1129 1753 1446 1816 quamque
1493 1732 1789 1820 expediat
1822 1731 2040 1816 quaeri
2076 1732 2254 1808 solet,

196 1827 474 1892 maxime
509 1849 591 1892 ex
626 1828 835 1892 causis
892 1827 1013 1905 eis,
1068 1848 1231 1910 quae
1267 1845 1584 1912 quamque
1618 1847 1756 1890 rem
1798 1825 2104 1904 efficiant,
2159 1837 2259 1890 est

198 1921 563 1987 videndum.
672 1942 1007 1989 causarum
1060 1931 1274 1986 autem
1335 1943 1573 2006 genera
1625 1929 1776 1984 sunt
1837 1921 2022 2006 plura
2029 1945 2048 1998 ;
2109 1941 2257 1984 nam

199 2025 351 2080 sunt
402 2015 591 2094 aliae,
656 2037 818 2100 quae
870 2015 1050 2102 ipsae
1105 2014 1471 2092 conficiunt3
1537 2013 1724 2091 aliae,
1781 2035 1943 2097 quae
1995 2013 2124 2078 vim
2179 2013 2262 2077 ad

199 2107 662 2176 conficiendum
714 2108 991 2193 aliquam
1044 2108 1365 2174 adferunt:
1427 2107 1640 2192 itaque
1693 2106 1838 2173 illae
1903 2107 2256 2194 superiores

201 2201 609 2267 conficientes
645 2214 949 2268 vocentur
958 2227 977 2280 3
1031 2202 1153 2266 hae
1202 2201 1482 2285 reliquae
1531 2212 1847 2287 ponantur
1897 2201 1965 2265 in
2017 2223 2094 2266 eo
2147 2223 2259 2287 ge-

198 2317 381 2372 nere,
435 2306 508 2360 ut
560 2297 696 2361 sine
748 2296 850 2361 his
897 2296 1122 2361 confici
1172 2318 1302 2359 non
1351 2294 1575 2381 possit.
1665 2296 2002 2361 conficiens
2047 2306 2258 2360 autem
2309 2320 2367 2359 94

200 2410 397 2453 causa
430 2388 556 2456 alia
590 2400 689 2454 est
722 2390 1017 2455 absoluta
1051 2399 1116 2453 et
1146 2388 1434 2476 perfecta
1466 2411 1581 2475 per
1617 2383 1712 2467 se,
1745 2390 1870 2454 alia
1905 2389 1988 2453 ad
2021 2388 2260 2471 aliquid

204 2481 513 2547 adiuvans
552 2492 617 2546 et
668 2482 985 2547 efficiendi
1040 2482 1214 2547 socia
1264 2483 1608 2565 quaedam3
1661 2481 1838 2546 cuius
1874 2480 2124 2567 generis
2161 2480 2260 2544 vis

200 2576 381 2641 varia
414 2586 513 2641 est
565 2587 629 2641 et
664 2598 856 2662 saepe
912 2587 1022 2641 aut
1070 2576 1273 2642 maior
1326 2588 1438 2642 aut
1487 2576 1721 2654 minor,
1775 2586 1848 2640 ut
1899 2574 2089 2639 etiam
2129 2572 2262 2653 illa,

200 2690 388 2753 quae,
418 2668 760 2733 maximam
822 2669 955 2734 vim
1015 2668 1236 2747 habet,
1304 2669 1442 2735 sola
1507 2690 1697 2755 saepe
1750 2689 1944 2733 causa
1995 2667 2261 2733 dicatur.

202 2773 353 2827 sunt
408 2773 622 2827 autem
673 2762 834 2827 aliae
888 2784 1147 2841 causae,
1202 2784 1365 2848 quae
1419 2774 1530 2829 aut
1577 2773 1834 2849 propter
1887 2760 2264 2848 principium

202 2865 313 2920 aut
361 2866 620 2943 propter
678 2856 919 2922 exitum
982 2856 1389 2924 conficientes
1455 2866 1790 2933 vocantur3
1855 2875 1998 2920 cum
2051 2864 2262 2921 autem

201 2950 550 3033 quaeritur,
606 2952 759 3035 quid
795 2951 879 3017 sit
912 2951 1220 3039 optimum
1272 2953 1474 3029 factu,
1531 2961 1640 3016 aut
1685 2949 1922 3015 utilitas
1960 2960 2068 3014 aut
2113 2972 2260 3036 spes

201 3044 523 3109 efficiendi
556 3046 639 3109 ad
674 3044 1157 3127 adsentiendum
1208 3045 1478 3132 impellit
1511 3044 1777 3110 animos.
1865 3054 1931 3108 et
1965 3043 2260 3127 quoniam
2295 3043 2365 3096 27

202 3137 283 3202 de
318 3136 589 3203 utilitate
624 3138 752 3203 iam
806 3138 1112 3218 diximus,
1168 3139 1247 3205 de
1286 3138 1602 3203 efficiendi
1659 3137 1902 3203 ratione
1955 3136 2258 3224 dicamus.
2305 3114 2362 3155 ⁹⁵

202 3252 331 3313 quo
367 3242 501 3297 toto
536 3254 770 3318 genere
806 3232 1185 3316 quibuscum
1220 3242 1285 3297 et
1318 3243 1539 3297 contra
1573 3253 1762 3317 quos,
1819 3254 1946 3317 quo
1979 3241 2261 3319 tempore

202 3333 314 3388 aut
349 3345 473 3406 quo
509 3324 650 3389 loco
687 3335 797 3389 aut
832 3326 1061 3410 quibus
1108 3326 1516 3391 facultatibus
1553 3348 1898 3403 armorum,
1935 3324 2261 3410 pecuniae,

202 3416 521 3482 sociorum
556 3438 853 3483 earumve
887 3440 1118 3496 rerum,
1156 3440 1318 3503 quae
1354 3420 1438 3484 ad
1473 3440 1787 3503 quamque
1820 3438 1958 3483 rem
1984 3416 2267 3482 efficien-

204 3511 352 3575 dam
404 3511 747 3597 pertinent,
808 3513 1129 3600 possimus
1182 3513 1304 3594 uti,
1369 3514 1816 3597 requirendum
1869 3523 1996 3589 est3
2058 3532 2268 3593 neque

202 3604 411 3669 solum
465 3626 544 3669 ea
594 3617 771 3685 sunt,
835 3627 998 3691 quae
1050 3606 1235 3673 nobis
1290 3617 1659 3693 suppetant,
1725 3605 1840 3671 sed
1891 3605 2082 3671 etiam
2133 3604 2262 3681 illa,

202 3718 367 3781 quae
403 3698 845 3779 adversentur,
898 3700 1173 3767 videnda
1179 3726 1199 3779 ;
1255 3712 1338 3780 et,
1377 3701 1434 3765 si
1469 3723 1550 3767 ex
1601 3697 2001 3766 contentione
2033 3696 2268 3785 procli-

202 3792 382 3857 viora
416 3804 602 3859 erunt
634 3804 881 3872 nostra,
934 3817 1065 3860 non
1099 3795 1305 3862 solum
1342 3794 1511 3860 effici
1560 3815 1781 3881 posse,
1837 3814 2000 3877 quae
2037 3790 2268 3857 suade-

202 3906 376 3962 muS‚
432 3887 550 3953 erit
599 3890 1141 3976 persuadendum,
1196 3890 1315 3955 sed
1364 3889 1714 3954 curandum
1765 3887 1982 3965 etiam,
2035 3896 2108 3950 ut
2144 3884 2270 3964 *illa

202 3978 446 4057 facilia,
488 3982 824 4067 proclivia,
876 3982 1153 4048 iucunda
1184 3982 1520 4048 videantur
1527 4008 1548 4060 3
1603 3980 2116 4050 dissuadentibus
2153 3999 2268 4043 au-

200 4081 334 4137 tem
368 4083 479 4138 aut
511 4075 749 4141 utilitas
793 4076 1242 4145 labefactanda
1280 4088 1380 4142 est
1415 4086 1526 4142 aut
1569 4074 1884 4142 efficiendi
1928 4071 2266 4139 difficulta-
