2784 4575
791 278 899 331 DE
936 274 1303 333 o-RATORE
1338 276 1418 331 11.
1457 275 1765 333 241-249.
2180 260 2310 332 115

255 404 433 471 sillus
470 400 649 468 testis
684 400 1015 489 processit.
1106 398 1309 465 ‘licet’
1344 398 1550 483 inquit
1585 399 1904 485 ‘rogareP’
1947 398 2321 487 Philippum

256 510 392 564 tum
436 496 754 582 quaesitor
795 516 1145 582 properans
1202 494 1420 559 ‘modo
1454 492 1768 559 breviter?
1855 493 1962 559 hic
1991 495 2102 559 ille
2155 502 2326 562 ‘non-

256 591 612 661 accusabis:
673 588 1088 675 perpusillum
1136 586 1422 675 rogabo!
1505 586 1791 652 ridicule.
1827 630 1840 641 -
1881 588 1998 653 sed
2051 588 2312 654 sedebat

252 686 449 753 iudex
482 684 569 749 L.
605 683 882 749 Aurifex
916 682 1173 749 brevior
1202 680 1343 768 ipse
1376 703 1570 767 quam
1613 680 1796 747 testis
1831 681 2051 748 etiamz
2105 683 2312 749 omnis

258 790 357 845 est
388 778 555 845 risus
590 777 660 843 in
690 776 966 843 iudicem
1002 796 1347 842 conversus
1356 800 1376 855 3
1431 775 1643 841 visum
1675 783 1776 841 est
1805 784 2010 841 totum
2053 776 2324 842 scurrile*

262 870 676 959 [ridiculum]
766 894 919 957 ergo
972 870 1161 949 haec,
1217 892 1379 953 quae
1434 870 1659 935 cadere
1711 882 1982 955 possunt
2032 869 2101 935 in
2153 893 2312 955 quos

254 967 451 1046 nolis,
506 964 795 1050 quamvis
834 965 961 1029 sint
992 965 1188 1042 bella,
1246 974 1394 1029 sunt
1437 976 1651 1029 tamen
1683 964 1827 1051 ipso
1871 986 2104 1051 genere
2141 986 2318 1030 scur-

256 1062 399 1126 rilia
408 1088 427 1140 3
502 1070 577 1125 ut
606 1060 759 1137 iste,
796 1059 905 1142 qui
940 1081 1011 1123 se
1045 1060 1194 1124 volt.
1213 1058 1496 1124 dicacem
1531 1069 1595 1125 et
1627 1058 1984 1123 mehercule
2021 1071 2140 1137 est,
2175 1060 2314 1146 Ap·
2349 1086 2428 1129 24⁶

258 1155 405 1242 pius
416 1202 436 1233 ,
494 1154 611 1219 sed
644 1176 775 1219 non
796 1174 1154 1236 numquam
1186 1152 1255 1217 in
1288 1152 1414 1218 hoc
1445 1152 1670 1218 vitium
1710 1149 2028 1241 [scurrile]
2075 1154 2318 1218 delabi-²

260 1262 383 1315 tur.
456 1246 756 1313 ‘cenabo'
792 1246 999 1329 inquit
1028 1246 1235 1333 ‘apud
1269 1247 1379 1325 te‚'
1426 1246 1574 1311 huic
1607 1246 1786 1313 lusco
1821 1246 2114 1313 familiari
2149 1270 2324 1326 meo,-

261 1343 342 1410 O.
382 1340 603 1409 Sextio
642 1342 781 1407 ‘uni
816 1342 985 1407 enim
1019 1342 1229 1406 locum
1265 1364 1410 1407 esse
1445 1341 1671 1406 video?
1743 1352 1843 1407 est
1875 1342 1996 1407 hoc
2033 1342 2311 1419 scurrile,

260 1448 327 1503 et
378 1438 550 1521 quod
602 1436 736 1502 sine
792 1458 985 1502 causa
1031 1434 1357 1500 lacessivit
1409 1445 1474 1501 et
1525 1434 1738 1501 tamen
1787 1436 1856 1499 id
1907 1434 2091 1516 dixit,
2147 1436 2319 1521 quod
2435 1483 2440 1487 -

258 1533 329 1597 in
380 1530 583 1597 omnis
618 1530 833 1596 luscos
888 1530 1254 1596 conveniret
1261 1555 1280 1608 3
1334 1552 1438 1608 ea,
1494 1529 1648 1614 quia.
1681 1530 1986 1597 meditata
2017 1540 2316 1617 putantur

262 1646 434 1701 esse,
486 1622 695 1687 minus
748 1623 1058 1689 ridentur:
1110 1623 1269 1688 illud
1320 1622 1650 1709 egregium
1683 1616 1890 1687 'Sextii
1927 1634 1991 1689 et
2035 1646 2116 1688 ex
2159 1634 2318 1690 tem-

259 1739 416 1803 pore
452 1722 706 1783 ‘manus
742 1716 914 1781 lava'
960 1715 1165 1801 inquit
1208 1722 1302 1781 ‘et
1344 1715 1542 1781 cena?
1580 1773 1586 1777 .
1631 1714 1930 1801 temporis
1974 1716 2168 1801 igitur
2215 1740 2318 1780 ra-
2351 1744 2428 1785 24⁷

262 1811 351 1877 tio
388 1820 452 1876 et
502 1810 703 1895 ipsius
757 1810 1104 1875 dicacitatis
1148 1810 1497 1876 moderatio
1552 1820 1615 1875 et
1665 1809 2080 1896 temperantia
2121 1818 2188 1874 et
2217 1832 2318 1873 raf-

260 1904 417 1971 ritas
470 1904 782 1970 dictorum
844 1903 1192 1990 distinguet
1248 1914 1563 1970 oratorem
1618 1928 1658 1968 a
1719 1925 1963 1981 scurra,
2027 1914 2093 1969 et
2149 1904 2322 1987 quod

261 2021 381 2067 nos
418 2018 563 2063 cum
618 2020 815 2063 causa
870 1998 1164 2077 dicimus,
1226 2020 1357 2063 non
1390 2009 1464 2062 ut
1512 1996 1760 2062 ridiculi
1794 1990 2150 2075 videamur,
2206 1997 2322 2061 sed

260 2102 333 2157 ut
384 2091 787 2177 proficiamus
850 2091 1114 2175 aliquid,
1177 2090 1271 2157 illi
1320 2101 1526 2156 totum
1577 2091 1746 2156 diem
1799 2100 1865 2155 et
1917 2088 2052 2155 sine
2105 2110 2318 2155 causa.

265 2185 419 2268 quid
470 2184 639 2251 enim
690 2196 793 2251 est
840 2186 1133 2272 Vargula
1193 2185 1562 2264 adsectatae,
1625 2206 1773 2250 cum
1823 2206 1970 2251 eum
2022 2183 2321 2252 candida-

264 2289 367 2342 tus
420 2278 509 2344 A.
559 2276 975 2365 Sempronius
1030 2301 1175 2345 cum
1224 2278 1324 2346 M.
1380 2302 1499 2347 suo
1551 2280 1745 2346 fratre
1797 2279 2164 2367 complexus
2219 2302 2322 2344 es-

266 2381 365 2437 set
402 2375 613 2457 ‘puer,
668 2372 856 2458 abige
889 2373 1211 2438 muscas?
1262 2372 1465 2438 risum
1510 2373 1848 2457 quaesivit,
1903 2373 2014 2456 qui
2045 2383 2148 2438 est
2178 2376 2322 2436 mea

268 2463 581 2532 sententia
631 2464 733 2528 vel
786 2466 1197 2531 tenuissimus
1255 2465 1497 2552 ingenii
1545 2467 1810 2531 fructus,
1897 2477 2146 2553 tempus
2200 2465 2322 2549 igi-

264 2569 369 2622 tur
420 2557 671 2622 dicendi
730 2556 1068 2643 prudentia
1117 2569 1183 2623 et
1241 2559 1553 2645 gravitate
1611 2559 2105 2636 moderabimur3
2168 2578 2322 2639 qua-

263 2674 408 2716 rum
438 2651 683 2716 utinam
726 2661 927 2714 artem
970 2651 1245 2735 aliquam
1288 2651 1694 2717 haberemus!
1762 2652 1876 2716 sed
1919 2651 2176 2718 domina
2205 2673 2322 2714 nan·

266 2755 409 2810 tura
444 2755 563 2810 est.

383 2838 571 2904 Nunc
605 2861 997 2925 exponamus
1034 2861 1272 2925 genera
1302 2838 1451 2926 ipsa.
1483 2838 1873 2917 summatim,
1927 2860 2088 2922 quae
2122 2837 2321 2904 risum
2354 2833 2434 2944 {5418

264 2930 541 2999 maxime
591 2941 907 3000 moveant.
996 2933 1157 2998 haec
1197 2932 1391 3018 igitur
1436 2932 1522 2998 sit
1560 2932 1765 3020 prima
1813 2932 2099 3020 partitio,
2151 2933 2324 3016 quod

265 3027 473 3095 facete
510 3026 784 3107 dicatur,
836 3027 905 3093 id
940 3027 1100 3094 alias
1133 3027 1201 3092 in
1235 3049 1305 3092 re
1340 3028 1452 3094 Ῑιοσ
1485 3025 1748 3104 habere,
1803 3027 1960 3093 alias
1994 3027 2063 3092 in
2105 3027 2320 3104 verbo,

265 3121 515 3190 facetiis
552 3133 767 3188 autem
810 3121 1099 3190 homines
1152 3119 1428 3187 maxime
1481 3121 1808 3200 delectari,
1861 3121 1918 3187 si
1953 3121 2206 3205 quando
2239 3119 2326 3184 ri·-

270 3239 379 3282 sus
426 3217 759 3284 coniuncte
802 3239 873 3282 re
924 3217 1247 3304 verboque
1299 3227 1648 3292 moveatur.
1739 3216 1854 3282 sed
1886 3215 2008 3281 hoc
2041 3235 2325 3280 memen-

268 3319 428 3387 tote,
484 3331 915 3395 quoscumque
951 3311 1127 3377 locos
1173 3310 1512 3397 attingam,
1567 3311 1737 3375 unde
1780 3308 2048 3375 ridicula
2087 3309 2326 3374 ducan-

270 3413 399 3479 tur,
454 3423 537 3466 ex
570 3402 814 3470 eisdem
856 3405 1012 3470 locis
1060 3404 1195 3471 fere
1238 3404 1432 3470 etiam
1483 3404 1698 3491 gravis
1753 3403 2096 3469 sententias
2131 3421 2324 3488 posse

270 3493 445 3563 dueiz
498 3505 745 3560 tantum
794 3497 1086 3576 interest,
1140 3499 1311 3584 quod
1360 3499 1642 3586 gravitas
1694 3498 1978 3564 honestis
2021 3497 2089 3563 in
2131 3496 2323 3561 rebus

271 3599 337 3656 et
372 3588 641 3668 severis,
694 3590 871 3656 iocus
906 3590 973 3656 in
1008 3593 1335 3678 turpiculis
1370 3605 1438 3659 et
1472 3593 1658 3677 quasi
1702 3592 2090 3658 deformibus
2142 3590 2327 3680 poni-

271 3695 391 3762 tur,
411 3683 587 3750 velut
611 3683 858 3750 eisdem
882 3686 1093 3752 verbis
1122 3697 1186 3752 et
1210 3687 1470 3752 laudare
1499 3687 1667 3772 frugi
1698 3709 1951 3752 servum
1978 3705 2324 3772 possumus

272 3790 355 3856 et,
392 3778 449 3844 si
482 3789 583 3846 est
614 3801 909 3864 nequam,
944 3779 1159 3846 iocari.
1211 3780 1549 3846 ridiculum
1581 3791 1684 3847 est
1715 3778 1874 3846 illud
1895 3777 2326 3846 Neronianum

271 3881 454 3938 vetus
489 3872 557 3938 in
590 3873 793 3940 furaci
828 3897 1073 3942 servoz·
1102 3875 1309 3942 solum
1344 3883 1518 3954 esse,
1555 3872 1660 3940 cui
1693 3873 1864 3939 domi
1896 3873 2052 3940 nihil
2090 3870 2173 3936 sit
2205 3890 2326 3934 nec

271 3963 680 4053 obsignatum
696 3990 815 4034 nec
834 3969 1183 4046 occlusum,
1202 3969 1373 4053 quod
1390 3969 1562 4035 idem
1585 3968 1654 4033 in
1669 3969 2044 4034 bonoservo
2071 3963 2196 4034 diei
2221 3986 2327 4030 so·-

268 4061 359 4134 let
376 4057 523 4150 [sed
540 4062 691 4150 hoc]
714 4065 957 4133 eisdem
973 4065 1215 4144 verbis3
1244 4087 1327 4132 ex
1352 4063 1594 4130 eisdem
1623 4073 1836 4129 autem
1861 4062 2018 4129 locis
2049 4083 2323 4128 nascun-
2357 4083 2454 4125 κω,

1836 4208 1840 4212 .
1906 4168 1938 4216 s
1953 4167 1977 4193 ²·
