2784 4575
548 291 657 345 DE
694 285 1450 346 PART1T.0RATORLA
1480 283 1686 342 DIAL.
1722 286 1964 342 80-87.
2149 273 2278 342 361

224 416 474 487 silentio
508 412 839 505 praeteriri
873 411 1156 489 debebit,
1212 410 1269 476 si
1300 409 1492 476 modo
1537 409 1693 493 quid
1727 410 1846 475 erit
1888 409 2284 477 animadver-

223 512 488 581 tendum
522 520 635 575 aut
664 508 735 574 in
768 507 911 594 ipso
943 526 1179 593 genere
1212 503 1434 570 mortis
1471 513 1586 568 aut
1615 502 1684 568 in
1716 503 1810 569 eis
1844 503 2067 581 rebus,
2120 525 2284 588 quae

224 616 375 694 post
404 613 676 672 mortem
711 610 898 667 erunt
931 609 1352 666 consecutae.

348 696 429 766 O.
460 697 541 766 F.
576 692 823 780 Accepi
854 693 980 758 ista
1016 691 1335 776 didicique
1374 689 1652 756 breviter
1684 713 1817 756 non
1851 689 2060 756 solum
2094 711 2284 775 quem
2317 686 2394 740 24

228 791 313 859 ad
342 789 603 858 modum
636 787 963 854 laudarem
989 786 1275 864 alterum,
1314 784 1431 850 sed
1465 783 1658 849 etiam
1685 804 1874 868 quem
1909 785 1994 848 ad
2025 759 2384 850 modum83

227 885 527 962 eniterer,
580 893 653 946 ut
684 903 955 988 possem·
994 879 1133 944 iure
1166 879 1307 965 ipse
1358 877 1626 945 laudari.
1715 877 2042 944 videamus
2092 878 2288 966 igitur

228 975 581 1062 deinceps
562 998 631 1040 m
685 972 998 1039 sententia
1034 973 1304 1038 dicenda
1338 994 1530 1056 quam
1566 971 1737 1036 viam
1769 981 1836 1036 et
1887 993 2048 1055 quae
2101 995 2288 1060 prae-

228 1076 415 1158 cepta
466 1080 817 1136 teneamus.
922 1065 999 1134 C.
1035 1067 1117 1134 P.
1171 1078 1272 1134 est
1318 1067 1514 1154 igitur
1561 1066 1632 1132 in
1683 1066 2090 1133 deliberando
2141 1067 2285 1134 finis

228 1165 497 1242 utilitas,
551 1162 634 1229 ad
668 1184 857 1247 quem
890 1159 981 1226 ita
1019 1161 1375 1228 referantur
1419 1159 1634 1226 omnia
1672 1158 1742 1227 in
1775 1160 2040 1228 consilio
2077 1161 2286 1227 dando

231 1257 667 1342 sententiaque
702 1255 997 1333 dicenda,
1050 1265 1126 1319 ut
1156 1254 1265 1318 illa
1290 1254 1520 1341 prima
1573 1253 1701 1320 sint
1735 1255 1982 1322 suasori
2017 1265 2125 1320 aut
2161 1254 2290 1320 dis-

232 1351 481 1420 suasori
529 1348 831 1428 videnda,
887 1348 1041 1434 quid
1074 1358 1185 1413 aut
1232 1347 1442 1435 possit
1489 1346 1629 1414 fieri
1663 1359 1775 1414 aut
1803 1371 1936 1416 non
1979 1348 2190 1438 possit
2223 1359 2290 1414 et

230 1446 385 1530 quid
419 1456 531 1511 aut
577 1465 841 1511 necesse
878 1443 962 1509 sit
997 1453 1109 1507 aut
1146 1464 1279 1508 non
1328 1463 1614 1509 necesse.
1702 1465 1852 1510 nam
1895 1455 1987 1523 et,
2042 1443 2100 1510 si
2135 1443 2290 1528 quid

231 1538 401 1605 effici
439 1561 570 1604 non
621 1547 859 1623 potest,
912 1535 1282 1602 deliberatio
1328 1536 1596 1615 tollitur,
1650 1537 1939 1621 quamvis
1981 1536 2136 1603 utile
2173 1537 2286 1614 sit;

232 1644 324 1710 et,
379 1632 436 1697 si
486 1631 641 1715 quid
691 1651 955 1696 necesse
1009 1641 1108 1696 est
1138 1665 1229 1680 ·-—
1268 1652 1536 1696 necesse
1587 1642 1799 1696 autem
1845 1631 1916 1696 id
1966 1641 2094 1708 est,
2149 1630 2288 1696 sine

232 1747 358 1810 quo
403 1725 565 1790 salvi
614 1723 875 1790 liberive
928 1745 1072 1790 esse
1116 1747 1246 1789 non
1298 1747 1640 1810 possumus
1673 1759 1764 1773 ——-
1793 1723 1862 1788 id
1896 1733 1996 1790 est
2025 1722 2286 1808 reliquis

230 1831 299 1886 et
330 1818 767 1886 honestatibus
809 1818 879 1882 in
913 1816 1083 1884 civili
1122 1817 1365 1886 ratione
1401 1829 1469 1884 et
1511 1817 1857 1884 commodis
1902 1829 2289 1904 anteponen-

234 1913 405 1978 dum.
493 1933 638 1978 cum
672 1922 885 1978 autem
937 1911 1259 1996 quaeritur
1300 1912 1458 1996 quid
1489 1911 1628 1977 fieri
1659 1909 1891 1998 possit,
1943 1911 2287 1976 videndum

229 2005 425 2074 etiam
456 2018 559 2072 est
590 2027 781 2090 quam
814 2006 999 2072 facile
1041 2007 1273 2093 possit3
1309 2029 1460 2071 nam
1494 2027 1656 2090 quae
1689 2005 2087 2093 perdifficilia
2121 2015 2287 2084 sunt,

234 2101 495 2187 perinde
549 2100 845 2168 habenda
896 2124 1087 2188 saepe
1124 2111 1273 2166 sunt
1308 2122 1383 2167 ae
1419 2101 1476 2165 si
1511 2100 1680 2166 effici
1704 2124 1844 2168 ,non
1892 2100 2142 2187 possint
2150 2125 2170 2178 ;
2225 2109 2291 2166 et

233 2217 381 2260 cum
414 2196 495 2261 de
528 2197 906 2262 necessitate
942 2197 1369 2273 attendemus,
1415 2194 1662 2260 etiamsi
1695 2217 1824 2260 non
1856 2194 2292 2262 necessarium
2396 2240 2399 2244 f

232 2287 472 2372 aliquid
538 2290 879 2368 videbitur,
950 2291 1297 2357 videndum
1364 2300 1579 2355 tamen
1637 2291 1756 2356 erit
1825 2312 2018 2374 quam
2077 2290 2160 2355 sit
2220 2289 2291 2355 id

234 2405 567 2469 magnum3
621 2383 792 2468 quod
826 2384 997 2450 enim
1046 2384 1379 2470 permagni
1429 2383 1722 2461 interest,
1774 2408 1890 2469 pro
1925 2383 2287 2449 necessario

234 2496 428 2563 saepe
462 2475 749 2543 habetur.
836 2476 1050 2559 itaque
1086 2500 1231 2543 cum
1276 2486 1526 2543 constet
1555 2477 1680 2542 hoc
1711 2498 1916 2565 genus
1953 2498 2292 2541 causarum

234 2593 319 2635 ex
354 2570 649 2641 suasione
701 2580 769 2635 et
812 2570 1242 2649 dissuasione,
1294 2571 1540 2637 suasori
1591 2570 1964 2657 proponitur
2018 2569 2290 2655 simplex

234 2663 424 2730 ratio:
471 2662 556 2729 ‘si
588 2674 654 2730 et
686 2663 839 2731 utile
874 2675 975 2729 est
1008 2674 1072 2731 et
1105 2664 1243 2731 fieri
1276 2676 1515 2752 potest,
1567 2664 1735 2741 fiat3’
1791 2662 2140 2730 dissuasori
2175 2662 2292 2727 du-

234 2758 411 2843 plex:
447 2778 614 2835 una,
652 2757 737 2823 ‘si
768 2780 899 2823 non
931 2758 1086 2825 utile
1120 2768 1248 2836 est,
1284 2782 1367 2825 ne
1402 2758 1571 2837 fiat3’
1609 2758 1832 2835 altera,
1872 2757 1958 2822 ‘si
1989 2756 2128 2822 fieri
2160 2778 2292 2821 non

234 2859 475 2937 potest,
526 2872 609 2915 ne
644 2850 1063 2937 suscipiatur.’
1154 2852 1210 2917 si
1246 2853 1494 2919 suasori
1544 2861 1879 2939 utrumque
1932 2849 2292 2919 docendum

235 2954 363 3023 est,
418 2944 767 3013 dissuasori
800 2946 1069 3012 alterum
1118 2946 1437 3013 infirmare
1475 2956 1576 3011 sat
1617 2955 1734 3012 est.
1823 2968 1952 3029 qua
1980 2968 2052 3011 re
2087 2965 2297 3033 quon-v

236 3039 365 3105 iam
397 3039 465 3105 in
499 3039 599 3107 his
636 3050 923 3107 versatur
958 3063 1145 3106 omne
1190 3042 1522 3107 consilium
1573 3039 1852 3117 duobus,
1907 3040 1987 3104 de
2021 3034 2290 3103 utilitate

240 3142 385 3200 ante
420 3133 733 3212 dicamus,
788 3156 950 3217 quae
982 3134 1053 3201 in
1087 3134 1517 3201 discernendis
1569 3132 1754 3200 bonis
1805 3131 2116 3216 malisque
2149 3152 2295 3197 ver·-

238 3236 435 3291 satur.
522 3227 833 3293 bonorum
868 3238 1081 3293 autem
1127 3226 1361 3315 partim
1392 3226 1752 3295 necessaria
1805 3236 1980 3305 sunt,
2033 3236 2106 3289 ut
2139 3224 2288 3302 vita,

236 3318 567 3405 pudicitia,
604 3319 882 3398 libertas,
918 3332 992 3386 ut
1020 3321 1224 3399 liberi,
1262 3320 1586 3409 coniuges,
1621 3318 1928 3409 germani,
1962 3327 2289 3407 parentes3

238 3412 470 3499 partim
518 3434 647 3479 non
697 3414 1085 3493 necessaria3
1132 3411 1450 3501 [quorum
1509 3414 1634 3480 alia
1685 3426 1836 3481 sunt
1883 3436 2002 3501 per
2056 3434 2128 3478 se
2180 3432 2296 3477 ex·-

236 3504 540 3589 petenda‚
594 3514 667 3569 ut
699 3528 803 3584 ea,
858 3528 1020 3589 quae
1072 3508 1196 3573 sita
1246 3518 1396 3573 sunt
1443 3508 1512 3575 in
1545 3509 1771 3575 officiis
1815 3518 2006 3592 atque
2048 3504 2296 3573 virtuti-

239 3598 391 3675 bus3
447 3597 598 3678 alia,
654 3599 826 3683 quod
877 3600 1115 3683 aliquid
1166 3602 1480 3669 commodi
1531 3602 1844 3681 efficiunt,
1881 3613 1971 3667 ut
2021 3622 2178 3689 opes
2229 3610 2297 3665 et

242 3689 513 3777 copiae]
620 3714 839 3757 eorum
892 3704 1105 3761 autem
1168 3691 1359 3781 [quae
1421 3708 1678 3783 propter
1729 3719 1799 3762 se
1861 3692 2290 3783 expetuntur‚]

241 3784 473 3871 partim
506 3784 837 3852 honestate
880 3786 1050 3874 ipsa,
1103 3788 1335 3875 partim
1368 3790 1812 3857 commoditate
1853 3790 2068 3874 aliqua
2102 3810 2298 3875 expe-

244 3889 487 3945 tuntur:
540 3879 873 3947 honestate
908 3903 1013 3961 ea,
1068 3903 1231 3967 quae
1279 3884 1762 3970 proficiscuntur
1795 3886 1876 3951 ab
1920 3886 2013 3953 eis
2050 3882 2298 3950 virtuti-

241 3972 393 4049 bus,
446 3972 527 4047 de
562 3974 791 4059 quibus
823 3975 1015 4063 paulo
1050 3985 1198 4043 ante
1234 3988 1335 4043 est
1376 3976 1641 4058 dictum,
1696 4000 1860 4063 quae
1895 3989 2043 4045 sunt
2073 3976 2296 4043 lauda-

243 4063 396 4131 bilia
426 4063 568 4152 ipsa
602 4089 717 4154 per
752 4089 897 4135 sese
902 4092 925 4149 3
961 4068 1406 4137 commoditate
1441 4081 1654 4140 autem
1689 4072 1917 4157 aliqua,
1955 4093 2116 4159 quae
2145 4080 2298 4137 sunt

2337 3718 2388 3758 81
