2784 4575
439 217 574 284 ’248
1057 224 1139 280 Μ.
1177 223 1456 281 T-ULLH
1476 217 1899 279 CICERONIS

437 364 572 430 tur,
611 350 726 416 sed
761 361 974 414 tamen
1007 367 1140 412 non
1173 345 1465 422 abiectis3
1510 345 1808 431 expedita
1840 333 2054 411 autem
2090 359 2228 413 erat
2263 362 2328 416 et
2362 371 2517 436 per-

437 444 630 510 facile
665 463 924 508 currens
959 440 1191 518 oratio,
1227 451 1293 504 et
1325 449 1463 505 erat
1494 439 1633 504 eius
1668 437 1928 524 quidam
1963 449 2291 526 tamquam
2324 443 2516 510 habi..

439 527 547 604 tus
599 561 730 604 non
780 534 1156 612 inurbanus,
1209 532 1380 598 actio
1436 531 1697 619 paulum
1739 551 1886 596 cum
1940 531 2094 601 vitio
2138 537 2315 603 vocis
2370 549 2514 603 tum

437 631 638 698 etiam
685 628 942 717 ineptiis
1007 626 1422 693 claudicabat.
1526 624 1656 690 hic
1680 625 2073 712 temporibus
2125 628 2340 696 floruit
2390 632 2513 710 eis,

439 726 674 812 quibus
706 724 872 790 inter
901 721 1361 810 profectionem
1392 719 1791 804 reditumque
1827 721 1912 785 L.
1942 719 2161 788 Sullae
2198 723 2335 790 sine
2368 723 2512 791 iure

443 819 568 885 fuit
599 830 664 884 et
699 818 836 884 sine
869 817 1004 882 ulla
1054 815 1361 902 dignitate
1402 837 1509 880 res
1561 814 1817 901 publica
1823 839 1843 894 3
1897 814 2021 881 hoc
2064 816 2263 882 etiam·
2296 819 2510 906 magis

441 913 861 999 probabatur,
925 911 1096 994 quod
1148 920 1284 975 erat
1335 909 1419 973 ab
1470 908 1826 974 oratoribus
1880 910 2195 993 quaedam
2245 911 2314 976 in
2365 913 2512 978 foro

321 1065 340 1073 -
385 1065 392 1068 .
445 1005 747 1072 solitudo:
789 1002 1108 1092 Sulpicius
1136 1003 1473 1080 occiderat,
1512 1000 1707 1069 Cotta
1742 1003 1961 1068 aberat
1984 1015 2050 1070 et
2076 1002 2295 1085 Οιιιίο,
2332 1004 2513 1072 vive-

444 1099 557 1162 bat
595 1119 648 1164 ε’
683 1097 942 1180 reliquis
993 1096 1279 1182 patronis
1333 1095 1470 1162 eius
1524 1097 1747 1162 aetatis
1800 1120 1990 1164 nemo
2032 1107 2293 1184 'praeter
2346 1096 2513 1165 Car-

443 1195 678 1258 bonem
719 1201 786 1256 et
823 1191 1276 1276 Pomponium,
1331 1213 1601 1302 quorum
1642 1203 1979 1276 utrumque
2024 1192 2211 1258 facile
2248 1215 2512 1281 supera-

345 1286 415 1340 64
446 1288 586 1363 bat3
638 1282 952 1350 inferioris
1007 1295 1220 1348 autem
1266 1285 1498 1350 aetatis
1546 1297 1682 1352 erat
1722 1286 2049 1372 proximus
2085 1285 2171 1352 L.
2212 1285 2509 1365 Sisenna,

361 1359 674 1444 538doctus
725 1378 823 1442 vir
874 1387 940 1442 et
993 1377 1220 1442 studiis
1273 1375 1531 1462 optimis
1584 1379 1865 1457 deditus,
1918 1380 2083 1445 bene
2126 1379 2362 1446 Latine
2413 1380 2514 1445 lo·-

449 1495 680 1559 quens,
713 1493 953 1560 gnarus
987 1471 1082 1536 rei
1115 1470 1437 1558 publicae,
1472 1493 1605 1536 non
1641 1473 1777 1538 sine
1812 1472 2087 1552 facetiis,
2144 1475 2261 1540 sed
2302 1496 2509 1559 neque

447 1567 685 1634 laboris
720 1565 905 1632 multi
937 1587 1060 1632 nec
1095 1565 1250 1630 satis
1287 1574 1579 1654 versatus
1612 1563 1681 1628 in
1726 1565 1965 1644 causis3
2019 1567 2509 1677 interiectusque

446 1662 614 1728 inter
637 1661 798 1726 duas
835 1671 1074 1726 aetates
1104 1658 1437 1725 Hortensii
1470 1649 1537 1724 et
1566 1656 1833 1746 Sulpicii
1866 1679 1989 1724 nec
2020 1661 2325 1727 maiorem
2359 1684 2510 1727 con-

441 1755 634 1840 sequi
665 1765 915 1842 poterat
950 1765 1016 1820 et
1057 1750 1286 1818 minori
1326 1773 1595 1818 necesse
1638 1763 1773 1818 erat
1817 1753 2062 1819 cedere.
2148 1753 2337 1819 huius
2373 1778 2511 1820 om-

447 1847 551 1914 nis
587 1849 858 1914 facultas
895 1870 977 1913 ex
1011 1846 1334 1912 historia
1303 1846 1519 1934 1psius
1562 1845 1839 1934 perspici
1871 1855 2111 1932 potest,
2166 1869 2326 1932 quae
2361 1867 2507 1911 cum

450 1943 638 2008 facilc
673 1941 878 2008 omnis
915 1940 1126 2005 vincat
1163 1938 1551 2026 superiores,
1605 1950 1741 2004 tum
1792 1939 2031 2004 indicat
2061 1951 2273 2004 tamen
2308 1958 2504 2021 quan-

453 2049 590 2100 tum
625 2036 792 2101 absit
825 2057 868 2099 a
901 2055 1148 2100 summo
1193 2055 1510 2118 quamque
1553 2056 1757 2120 genus
1794 2033 1916 2098 hoc
1960 2031 2309 2120 scriptionis
2344 2053 2507 2096 non·-

451 2131 607 2194 dum
643 2127 727 2194 sit
761 2128 916 2194 satis
952 2124 1206 2194 Latinis
1251 2128 1477 2194 litteris
1520 2127 1943 2214 inlustratum.
2030 2149 2177 2192 nam
2208 2125 2296 2208 Q.
2332 2127 2510 2191 ,Hor-

452 2221 642 2287 tensii
677 2221 1020 2289 admodum
1055 2221 1479 2287 adulescentis
1512 2220 1837 2307 ingenium
1861 2233 1933 2286 ut
1956 2220 2225 2287 Phidiae
2254 2220 2510 2307 signum

341 2342 419 2383 ιιι
455 2316 644 2381 simul
679 2327 1008 2402 aspectum
1037 2327 1104 2382 et
1146 2316 1486 2403 probatum
1520 2325 1647 2381 est:
1698 2314 1755 2379 is
1791 2316 1876 2381 L.
1915 2312 2155 2393 Crasso
2192 2312 2276 2397 Q.
2316 2314 2511 2381 Scae-

455 2409 603 2476 vola
653 2410 1020 2476 consulibus
1072 2410 1347 2497 primum
1378 2410 1449 2474 in
1483 2410 1625 2475 foro
1676 2409 1837 2474 dixit
1868 2418 1935 2475 et
1968 2410 2141 2496 apud
2181 2408 2300 2475 hos
2333 2408 2507 2496 ipsos

453 2504 710 2589 quidem
744 2505 1060 2583 consules,
1097 2515 1162 2570 et
1195 2526 1342 2569 cum
1376 2526 1615 2580 eorum,
1652 2502 1759 2588 qui
1786 2504 2144 2581 adfuerunt,
2182 2512 2317 2567 tum
2341 2502 2511 2589 ipso-

451 2621 597 2663 rum
633 2598 994 2677 consulum,
1039 2598 1148 2683 qui
1183 2597 1388 2663 omnis
1425 2592 1859 2683 intellegentia
1894 2597 2245 2675 anteibant,
2281 2594 2510 2661 iudicio

454 2691 750 2759 discessit
781 2694 1144 2786 probatus.
1177 2690 1576 2779 undeviginti
1611 2714 1807 2759 annos
1848 2702 2035 2756 natus
2073 2702 2209 2757 erat
2242 2714 2321 2757 eo
2356 2701 2513 2757 tem·-

452 2807 640 2871 pore,
681 2797 786 2851 est
817 2798 1039 2851 autem
1075 2770 1160 2851 L.
1195 2785 1427 2851 Paullo
1467 2782 1545 2851 C.
1580 2784 1891 2852 Marcello
1936 2784 2301 2852 consulibus
2346 2808 2514 2851 mor-

455 2889 631 2955 tuus3
685 2900 768 2941 ex
802 2899 928 2962 quo
964 2879 1252 2943 videmus
1289 2902 1436 2943 eum
1470 2879 1537 2943 in
1571 2889 1976 2964 patronorum
2009 2900 2275 2943 numero
2312 2900 2511 2943 annos

458 2980 758 3053 quattuor
809 2982 874 3036 et
925 2971 1345 3057 quadraginta
1394 2971 1615 3036 fuisse.
1712 2970 1834 3035 hoc
1886 2970 1967 3033 de
2021 2980 2269 3034 oratore
2318 2970 2511 3055 paulo

455 3074 606 3149 post
623 3064 824 3172 'plura
857 3064 1170 3144 dicemus,
1223 3065 1345 3130 hoc
1380 3074 1593 3128 autem
1626 3062 1769 3127 loco
1804 3061 2119 3127 voluimus
2164 3060 2301 3125 eius
2338 3072 2509 3125 aeta-

456 3167 588 3221 tem
618 3156 688 3222 in
721 3158 1039 3244 disparem
1074 3170 1392 3247 oratorum
1440 3154 1789 3232 includere,
1844 3173 2227 3237 quamquam
2269 3154 2336 3217 id
2372 3154 2510 3237 qui-

458 3249 606 3314 dem
637 3250 933 3317 omnibus
969 3274 1093 3315 usu
1128 3249 1344 3315 venire
1378 3268 1643 3311 necesse
1679 3246 1827 3324 fuit,
1882 3247 2111 3331 quibus
2146 3248 2338 3335 paulo
2372 3247 2511 3314 lon-

455 3342 616 3430 gior
629 3344 763 3409 vita
796 3345 1078 3431 contigit,
1113 3352 1184 3406 ut
1217 3352 1282 3406 et
1315 3362 1461 3406 cum
1494 3340 1693 3407 multo
1728 3342 2071 3408 maioribus
2108 3353 2282 3419 natu,
2321 3364 2509 3427 quam

439 3436 724 3503 ‘essent
705 3438 859 3524 ipsi,
913 3446 978 3502 et
1010 3458 1157 3501 cum
1200 3434 1521 3519 aliquanto
1564 3434 1915 3502 minoribus
1968 3445 2507 3525 compararentur:

453 3540 527 3595 ut
557 3530 798 3606 Accius
848 3531 1053 3598 isdem
1089 3529 1398 3596 aedilibus
1454 3529 1542 3595 ait
1594 3553 1664 3596 se
1716 3542 1782 3597 et
1811 3531 2167 3597 Pacuvium
2221 3530 2509 3598 docuisse

456 3623 765 3705 fabulam,
821 3648 967 3691 cum
1014 3624 1122 3691 ille
1167 3625 1519 3712 octoginta,
1569 3625 1710 3712 ipse
1762 3625 2021 3714 triginta
2072 3648 2272 3692 annos
2326 3634 2508 3691 natus

344 3742 424 3783 230
459 3729 656 3797 esset3
715 3719 808 3785 sic
849 3720 1236 3787 Hortensius
1289 3742 1423 3785 non
1475 3740 1620 3784 cum
1673 3720 1805 3785 suis
1861 3718 2231 3804 aequalibus
2285 3718 2507 3795 solum,

461 3812 576 3877 sed
619 3822 685 3879 et
717 3834 862 3877 mea
896 3834 1041 3878 cum
1095 3823 1300 3879 aetate
1336 3821 1402 3879 et
1436 3833 1580 3877 cum
1624 3822 1761 3891 tua,
1813 3813 2043 3890 Brute,
2098 3821 2163 3877 et
2203 3833 2351 3876 cum
2402 3810 2511 3877 ali-

459 3914 694 3985 quanto
746 3906 1067 3989 superiore
1103 3905 1531 3992 coniungitur3
1589 3906 1645 3971 si
1679 3906 1935 3991 quidem
1988 3914 2053 3969 et
2089 3902 2329 3971 Crasso
2365 3904 2507 3969 vivo

460 3993 666 4058 dicere
721 3996 967 4061 solebat
1001 4010 1064 4063 et
1105 3999 1309 4086 magis
1355 3998 1483 4063 iam
1535 3998 1726 4064 etiam
1778 3998 2022 4085 vigente
2046 3997 2328 4086 florebat
2371 3998 2509 4063 An·-
