2784 4575
832 324 939 379 DE
978 321 1343 380 ORATORE
1378 324 1426 379 1.
1461 324 1774 380 174—182.
2241 314 2324 379 37

270 448 340 514 in
380 470 612 535 genere
663 446 989 512 familiaris
1042 456 1259 513 noster
1298 446 1396 512 M.
1448 446 1825 526 Buculeius‚
1878 446 2068 513 homo
2120 470 2326 533 neque

268 564 415 607 meo
447 540 677 607 iudicio
705 540 933 606 stultus
970 550 1035 606 et
1062 562 1179 607 suo
1205 540 1391 606 valde
1421 540 1674 627 sapiens
1711 550 1776 605 et
1809 541 1891 605 ab
1923 540 2078 606 iuris
2117 543 2327 608 studio

271 658 400 701 non
436 635 807 714 abhorrens,
863 633 1052 700 simili
1084 634 1152 699 in
1185 656 1255 699 re
1291 633 1568 719 quodam
1601 633 1792 699 modo
1826 655 2030 721 nuper
2065 634 2324 699 erravit:

271 752 421 794 nam
463 751 606 795 cum
650 728 825 796 aedis
860 728 943 793 L.
979 728 1167 795 Fufio
1200 728 1536 805 venderet,
1589 726 1658 791 in
1699 726 2016 813 mancipio
2069 728 2327 806 lumina,

270 824 364 888 uti
405 834 540 889 tum
576 834 819 902 essent,
872 823 964 888 ita
1004 822 1245 909 recepit
1252 848 1272 901 ;
1324 822 1550 889 Fufius
1605 832 1844 900 autem,
1899 820 2090 887 simul
2142 832 2330 905 atque

274 916 592 983 aedificari
626 928 923 1004 coeptum
958 927 1057 982 est
1089 916 1157 981 in
1193 916 1470 1002 quadam
1501 927 1682 1003 parte
1708 916 1905 994 urbis,
1944 936 2104 999 quae
2138 916 2329 981 modo

270 1034 353 1077 ex
384 1011 511 1077 illis
549 1011 810 1077 aedibus
840 1010 1121 1096 conspici
1145 1022 1384 1097 posset,
1423 1011 1556 1097 egit
1581 1010 1795 1075 statim
1831 1030 1975 1073 cum
1999 1009 2328 1087 Buculeio,

272 1104 471 1188 quod,
536 1104 910 1187 cuicumque
970 1104 1317 1191 particulae
1368 1104 1530 1170 caeli
1591 1104 1977 1182 officeretur‚
2040 1103 2328 1187 quamvis
2411 1112 2416 1118 '

278 1207 450 1262 esset
482 1196 733 1283 procul,
776 1197 1007 1262 mutari
1040 1196 1281 1262 lumina
1311 1199 1596 1285 putabat.
1687 1197 1840 1281 quid
1873 1197 2062 1263 vero?
2115 1196 2332 1262 claris-
2367 1222 2446 1263 180

273 1291 435 1356 sima
467 1291 565 1356 Μ’
606 1289 789 1357 Curii
824 1313 1019 1357 causa
1050 1292 1385 1375 Marcique
1424 1289 1698 1379 Coponii
1741 1313 1944 1378 nuper
1979 1292 2150 1377 apud
2185 1312 2332 1357 cen-

270 1384 578 1451 tumviros
615 1407 743 1470 quo
778 1406 1091 1451 concursu
1135 1385 1492 1463 hominum,
1547 1406 1674 1469 qua
1710 1385 2182 1470 exspectatione
2219 1385 2330 1449 de-

270 1479 457 1544 fensa
499 1478 635 1544 est?
686 1500 831 1543 cum
864 1478 950 1560 Q.
991 1476 1329 1555 Scaevola,
1384 1477 1667 1563 aequalis
1711 1488 1778 1543 et
1810 1479 2076 1565 conlega
2125 1501 2328 1557 meus,

271 1572 461 1639 homo
497 1572 781 1638 omnium
816 1581 881 1637 et
924 1572 1261 1659 disciplina
1300 1571 1458 1637 iuris
1512 1571 1714 1637 civilis
1768 1571 2229 1638 eruditissimus
2267 1583 2331 1637 et

269 1664 525 1752 ingenio
559 1665 1021 1752 prudentiaque
1067 1664 1472 1731 acutissimus
1510 1675 1576 1731 et
1618 1665 1902 1731 oratione
1943 1666 2220 1731 maxime
2253 1664 2330 1729 li·-

268 1768 479 1824 matus
534 1769 723 1844 atque
778 1759 1026 1825 subtilis
1082 1769 1300 1844 atque,
1354 1770 1428 1825 ut
1479 1782 1602 1846 ego
1656 1760 1830 1825 soleo
1883 1759 2120 1837 dicere,
2175 1756 2330 1823 iuris

267 1853 616 1938 peritorum
667 1852 1253 1937 eloquentissimus,
1316 1852 1748 1936 eloquentium
1805 1852 1962 1918 iuris
2024 1850 2332 1940 peritissi-

269 1968 442 2026 mus,
498 1971 579 2013 ex
614 1948 850 2035 scripto
886 1958 1409 2013 testamentorum
1443 1948 1584 2013 iura
1617 1946 1988 2012 defenderet
2039 1956 2332 2033 negaret-

270 2062 423 2124 que,
474 2040 603 2107 nisi
632 2053 969 2129 postumus
1006 2052 1072 2107 et
1102 2053 1289 2108 natus
1328 2054 1420 2121 et,
1476 2052 1815 2126 antequam
1848 2042 1916 2106 in
1953 2064 2136 2107 suam
2169 2050 2332 2106 tute-

269 2134 399 2199 lam
450 2134 725 2215 veniret,
778 2148 1067 2203 mortuus
1122 2148 1321 2216 esset,
1377 2136 1678 2203 heredem
1723 2158 1872 2202 eum
1921 2158 2066 2201 esse
2116 2157 2329 2222 posse,

270 2228 379 2311 qui
431 2238 603 2296 esset
668 2232 1019 2297 secundum
1077 2242 1447 2318 postumum
1499 2242 1565 2297 et
1615 2240 1834 2296 natum
1885 2241 1953 2296 et
2011 2239 2332 2296 mortuum

271 2320 457 2386 heres
508 2317 863 2402 institutus3
918 2347 1041 2411 ego
1095 2336 1307 2392 autem
1360 2325 1770 2391 defenderem
1821 2347 1969 2390 eum
2022 2325 2143 2390 hac
2195 2336 2331 2389 tum

266 2424 481 2480 mente
514 2413 746 2494 fuisse,
800 2418 911 2501 qui
947 2428 1398 2484 testamentum
1431 2417 1719 2496 fecisset,
1763 2429 1863 2496 ut,
1911 2417 1968 2483 si
1999 2417 2167 2481 filius
2201 2441 2332 2483 non

270 2519 471 2588 esset,
535 2508 645 2593 qui
693 2510 763 2574 in
815 2533 997 2575 suam
1049 2513 1314 2578 tutelam
1367 2511 1639 2589 veniret,
1699 2511 1798 2576 Μ’
1855 2509 2090 2576 Curius
2144 2510 2330 2575 heres

270 2614 469 2682 esset,
532 2626 688 2668 num
742 2604 983 2669 destitit
1043 2615 1307 2690 uterque
1366 2614 1656 2670 nostrum
1739 2605 1809 2669 in
1861 2627 1939 2669 ea
1989 2625 2183 2669 causa
2265 2602 2334 2666 in

271 2697 745 2763 auctoritatibus
758 2744 777 2775 ,
829 2697 899 2762 in
944 2698 1281 2784 exemplis,
1333 2699 1402 2762 in
1446 2707 1967 2768 testamentorum
2021 2695 2329 2772 formulis,

268 2790 392 2855 hoc
434 2800 563 2870 est,
616 2790 684 2856 in
725 2791 935 2857 medio
988 2791 1125 2857 iure
1170 2792 1338 2857 civili
1381 2791 1662 2857 versari?
1713 2791 1934 2857 omitto
1979 2791 2121 2856 iam
2147 2791 2332 2878 plura
2365 2785 2435 2840 40

269 2883 564 2972 exempla
596 2906 933 2951 causarum
968 2885 1533 2978 amplissimarum,
1588 2908 1752 2970 quae
1789 2898 1938 2952 sunt
1971 2886 2331 2951 innumera-
2367 2858 2444 2898 ²⁸²

266 2977 452 3044 bilia.
504 2979 729 3068 capitis
762 2980 965 3046 nostri
1002 3003 1215 3091 saepe
1226 2992 1444 3067 potest
1497 2980 1782 3046 accidere
1817 2990 1890 3044 ut
1923 3001 2153 3046 causae
2189 3001 2331 3044 ver-

268 3083 487 3139 sentur
534 3075 603 3138 in
653 3074 819 3140 iure:
873 3074 1109 3140 etenim
1164 3075 1219 3140 si
1273 3071 1352 3141 C.
1406 3074 1810 3152 Mancinum,
1865 3073 2332 3139 nobilissimum

268 3177 457 3251 atque
492 3166 801 3254 optimum
832 3169 1041 3235 virum
1086 3179 1275 3254 atque
1320 3168 1748 3248 consularem,
1804 3191 1950 3234 cum
1995 3191 2142 3234 eum
2183 3191 2333 3256 pro-

267 3271 409 3347 pter
456 3259 760 3328 invidiam
808 3262 1178 3330 Numantini
1230 3263 1534 3331 foederis·
1558 3274 1739 3351 pater
1788 3273 2076 3350 patratus
2129 3285 2212 3327 ex
2257 3260 2328 3327 S.

271 3348 352 3418 C.
402 3353 804 3421 Numantinis
868 3357 1217 3423 dedidisset
1280 3378 1552 3443 eumque
1603 3358 1698 3424 1111
1751 3381 1882 3424 11011
1939 3357 2334 3444 recepissent

268 3456 617 3556 posteaque
641 3448 984 3516 Mancinus
1022 3452 1281 3517 domum
1311 3452 1666 3518 revenisset
1697 3473 1904 3536 neque
1937 3452 2005 3515 in
2041 3459 2333 3515 senatum

268 3538 527 3606 introire
564 3541 944 3621 dubitasset,
996 3543 1077 3609 P.
1112 3544 1424 3624 Rutilius,
1477 3546 1576 3611 M.
1611 3545 1810 3623 filius,
1864 3545 2154 3608 tribunus
2195 3541 2333 3629 ple-

268 3633 398 3712 bis,
451 3633 640 3700 iussit
690 3635 903 3714 educi,
958 3638 1131 3721 quod
1182 3659 1329 3704 eum
1381 3638 1588 3706 civem
1640 3647 1904 3726 negaret
1957 3658 2130 3714 esse,
2183 3634 2334 3719 quia

270 3728 577 3794 memoria
610 3727 705 3794 sic
738 3739 911 3795 esset
941 3731 1289 3817 proditum,
1344 3755 1535 3817 quem
1568 3744 1750 3820 pater
1795 3753 1948 3798 suus
1985 3740 2096 3796 aut
2127 3751 2331 3816 popu-

268 3821 373 3888 lus
405 3823 801 3890 vendidisset
836 3835 945 3889 aut
997 3836 1179 3911 pater
1211 3837 1500 3913 patratus
1555 3826 1934 3904 dedidisset,
1991 3825 2050 3890 ei
2085 3823 2331 3889 nullum

273 3936 417 3981 esse
449 3917 937 4004 postliminium,
991 3941 1181 4003 quam
1216 3943 1561 4007 possumus
1605 3919 1880 4007 reperire
1917 3941 1998 3984 ex
2033 3917 2324 3984 omnibus
2361 3942 2440 3984 182

271 4009 463 4075 rebus
498 4011 788 4078 civilibus
826 4034 1086 4079 causam
1122 4015 1715 4098 contentionemque
1767 4011 2070 4078 maiorem
2107 4009 2328 4098 [quam

272 4103 355 4168 de
408 4103 757 4172 ordinanda
810 4106 1092 4187 civitate,
1148 4109 1228 4174 de
1281 4108 1600 4187 libertate,
1664 4107 1743 4174 de
1798 4107 2003 4196 capite
2054 4106 2326 4175 hominis
