2784 4575
396 3034 443 3074 fiat*

510 226 636 291 170
1121 236 1199 327 Μ..
1239 237 1515 295 TULLII
1552 238 1958 295 CICERONIS

496 363 895 451 postulantur
950 373 1015 428 et
1066 362 1344 447 quodam
1394 363 1586 428 modo
1642 362 1875 449 agendi
1924 372 2209 448 potestas
2264 364 2451 431 datur
2504 378 2573 433 et

497 459 704 525 omnis
757 457 1090 545 conceptio
1142 457 1533 543 privatorum
1586 456 1962 522 iudiciorum
2016 458 2446 539 constituitur3
2499 462 2568 526 in

494 554 652 640 ipsis
691 564 904 618 autem
937 551 1187 617 iudiciis
1234 552 1440 617 rarius
1484 550 1772 615 incidunt
1814 562 1879 617 et
1920 562 2162 631 tamen,
2218 553 2275 619 si
2310 556 2568 638 quando

494 646 810 726 incidunt,
848 647 987 713 eius
1019 644 1197 713 modi
1232 655 1411 723 sunt,
1449 656 1520 709 ut
1552 667 1670 732 per
1704 667 1775 711 se
1809 646 2019 713 minus
2055 646 2335 713 habeant
2367 649 2565 714 firmi-

495 742 733 808 tudinis
747 791 764 820 ,
819 742 1272 808 confirmentur
1326 750 1539 805 autem
1593 741 1932 827 adsumpta
1984 741 2111 806 alia
2153 741 2367 826 aliqua
2410 764 2565 809 con-

498 838 853 904 stitutione:
909 848 983 902 ut
1015 836 1084 900 in
1120 836 1398 920 quodam
1431 834 1695 913 iudicio,
1741 858 1887 900 eum
1928 836 2197 903 venefici
2233 838 2564 903 cuiusdam

499 954 728 999 nomen
764 941 940 997 esset
973 928 1256 995 delatum
1290 940 1382 1007 et,
1432 928 1581 1013 quia
1613 929 1935 1015 parricidii
1968 951 2166 995 causa
2201 931 2561 1017 subscripta

499 1038 686 1103 esset,
716 1037 899 1091 extra
922 1023 1211 1110 ordinem
1239 1034 1415 1090 esset
1441 1036 1791 1111 acceptum,
1818 1024 1887 1088 in
1914 1024 2317 1091 accusatione
2344 1035 2559 1091 autem

499 1125 619 1185 alia
669 1120 984 1205 quaedam
1037 1119 1302 1184 crimina
1353 1118 1625 1184 testibus
1671 1129 1735 1183 et
1786 1119 2175 1206 argumentis
2228 1121 2562 1186 confirma-

499 1229 739 1292 rentur,
791 1213 1113 1301 parricidii
1153 1210 1425 1300 [autem]
1462 1212 1702 1278 mentio
1738 1212 1946 1279 solum
1982 1212 2154 1278 facta
2196 1224 2391 1289 esset,
2446 1214 2564 1279 de·-

495 1313 709 1373 fensor
742 1307 809 1372 in
842 1308 966 1375 hoc
999 1308 1142 1394 ipso
1177 1305 1448 1373 multum
1492 1316 1743 1393 oportet
1778 1317 1844 1372 et
1877 1305 1988 1371 diu
2022 1307 2355 1372 consistat:
2408 1328 2561 1373 cum

499 1405 575 1469 [le
631 1424 784 1469 neec
845 1403 1128 1489 parentis
1191 1401 1349 1466 nihil
1403 1401 1907 1467 demonstratum
1965 1412 2164 1479 esset,
2226 1401 2562 1489 indignum

495 1497 742 1563 sasinus
781 1519 924 1563 esse
959 1518 1038 1562 ea
1069 1518 1281 1583 poena
1327 1496 1599 1562 adficere
1638 1516 1823 1560 reum
1861 1493 2018 1582 [qua
2058 1495 2411 1581 parricidae
2448 1497 2565 1561 ad-

499 1590 814 1679 finiuntur]
834 1641 851 1670 ,
905 1591 974 1656 id
1027 1602 1267 1669 autem,
1326 1592 1381 1656 si
1435 1591 1867 1667 damnaretur,
1920 1590 2059 1655 fieri
2090 1611 2357 1656 necesse
2392 1612 2561 1669 esse,

495 1687 791 1769 simoniam
826 1697 893 1752 et
924 1686 994 1751 id
1027 1707 1259 1751 causae
1307 1686 1737 1772 subscriptum
1780 1695 1846 1750 et
1879 1708 1957 1751 ea
1997 1706 2068 1749 re
2110 1708 2343 1753 nomen
2380 1697 2561 1751 extra

427 1809 447 1845 :a
495 1781 781 1848 ordinem
843 1791 1018 1846 esset
1069 1791 1421 1867 acceptum.
1527 1801 1605 1845 ea
1654 1779 1848 1868 igitur
1908 1801 2118 1865 poena
2169 1780 2225 1845 si
2288 1780 2560 1847 adficere

492 1900 670 1941 reum
702 1898 832 1941 non
871 1885 1186 1960 oporteat,
1243 1874 1532 1939 damnari
1566 1895 1819 1958 quoque
1863 1897 1993 1940 non
2028 1884 2348 1961 oportere,
2400 1896 2560 1958 quo-

495 1973 666 2033 niam
701 1992 780 2034 ea
804 1990 1019 2055 poena
1053 1967 1525 2033 damnationem
1560 1969 1923 2035 necessario
1957 1979 2400 2053 consequatur.
2454 1968 2559 2034 hic

499 2065 796 2128 defensor
844 2083 1092 2147 poenae
1147 2062 1705 2128 commutationem
1759 2086 1840 2128 ex
1892 2062 2263 2127 translative
2324 2084 2559 2149 genere

495 2155 851 2220 inducendo
897 2165 1096 2220 totam
1140 2156 1485 2222 infirmabit
1528 2157 2023 2235 accusationem3
2077 2178 2301 2221 verum
2342 2167 2559 2222 tamen

491 2248 714 2314 ueteris
761 2270 1014 2335 quoque
1057 2249 1426 2317 criminibus
1483 2251 1900 2318 defendendis
1956 2250 2361 2318 coniecturali
2406 2271 2560 2318 con-

435 2361 446 2365 “
495 2345 816 2411 stitutione
872 2346 1351 2412 translationem
1408 2347 1821 2412 confirmabit.
1930 2347 2293 2434 exemplum
2344 2358 2557 2412 autem

495 2440 918 2507 translationis
953 2442 1021 2506 in
1057 2463 1253 2506 causa
1285 2441 1569 2528 positum
1600 2442 1785 2508 nobis
1824 2442 1909 2506 sit
1940 2442 2129 2508 huius
2163 2441 2366 2507 modi:
2412 2463 2559 2506 cum

491 2537 568 2597 ad
599 2536 726 2603 vim
752 2535 1108 2602 faciendam
1145 2536 1404 2619 quidam
1436 2537 1660 2602 armati
1696 2536 2039 2616 venissent,
2079 2536 2303 2602 armati
2338 2547 2561 2602 contra

491 2641 740 2713 funesto
793 2630 1078 2710 fuerunt,
1145 2641 1210 2696 et
1262 2631 1518 2697 cuidam
1572 2631 1767 2716 equiti
1817 2631 2111 2697 Romano
2164 2631 2421 2714 qnidam
2474 2653 2559 2696 ex

491 2727 744 2792 armatis
797 2726 1120 2792 resistenti
1172 2727 1387 2814 gladio
1434 2749 1694 2792 manum
1744 2726 2051 2813 praecidit
2058 2752 2077 2804 3
2138 2727 2273 2812 agit
2313 2726 2398 2804 is,
2452 2727 2560 2792 cui

491 2843 717 2886 manus
753 2820 1044 2906 praecisa
1081 2831 1206 2898 est,
1243 2821 1614 2886 iniuriarum
1626 2847 1645 2899 3
1681 2821 1963 2907 postulat
1995 2821 2081 2898 ie,
2128 2821 2384 2904 quicum
2418 2821 2563 2908 agi-

491 2930 619 2990 tur,
665 2936 708 2978 a
739 2924 1032 2999 praetore
1079 2914 1548 3001 exceptionem:
1602 2937 1800 2978 nxm
1835 2937 2004 2987 omn
2034 2937 2099 2980 m
2130 2937 2294 2980 naum
2327 2937 2560 2980 carr-1¹13

491 3029 912 3077 menmrtm
943 3030 1100 3074 mm.
1189 3009 1294 3074 hic
1327 3011 1384 3074 is
1398 3060 1414 3088 ‚
1471 3011 1580 3094 qui
1626 3011 1786 3096 agit,
1838 3009 2142 3075 iudicium
2174 3033 2405 3098 purum
2436 3033 2563 3096 po-

492 3102 710 3179 stulat3
746 3101 872 3180 ille,
915 3103 1170 3186 quicum
1207 3103 1433 3190 agitur,
1472 3105 1910 3190 exceptionem
1936 3105 2085 3169 addi
2120 3103 2210 3168 ait
2242 3113 2557 3190 oportere.

491 3197 773 3282 quaestio
809 3209 934 3263 est:
973 3199 1419 3286 excipiendum
1454 3200 1565 3278 sit,
1604 3223 1687 3264 an
1718 3223 1867 3266 non.
1956 3201 2148 3266 ratio:
2187 3206 2344 3264 ‘non
2378 3197 2559 3263 enim

491 3302 736 3378 eportet
768 3293 1234 3381 recuperatorio
1281 3293 1517 3359 iudicio
1554 3293 1689 3358 eius
1735 3292 2058 3370 maleficii,
2109 3294 2191 3358 de
2228 3314 2353 3377 quo
2387 3291 2560 3356 inter

491 3386 748 3452 sicarios
785 3387 1123 3471 quaeritur,
1157 3388 1615 3475 praeiudicium
1646 3388 1823 3453 fieri.'
1884 3387 2221 3453 infirmatio
2257 3386 2521 3452 rationis
2535 3411 2555 3451 z

491 3482 651 3546 ‘eius
687 3481 860 3548 modi
887 3492 1038 3547 sunt
1068 3481 1353 3562 iniuriae,
1386 3493 1463 3547 ut
1495 3483 1576 3548 de
1604 3482 1695 3548 eis
1722 3482 2054 3568 indignum
2081 3481 2165 3545 sit
2191 3502 2322 3546 non
2347 3480 2560 3566 primo

491 3598 737 3662 qunque
772 3587 1059 3664 tempore
1089 3576 1374 3644 iudicari.
1379 3578 1397 3607 ²
1484 3577 1811 3643 iudicatio:
1852 3576 2147 3642 atrocitas
2182 3575 2558 3640 iniuriarum

491 3674 728 3738 satisne
762 3693 992 3737 causae
1038 3670 1124 3736 sit
1166 3692 1292 3755 qua
1333 3695 1435 3752 re,
1492 3673 1644 3737 dum
1689 3672 1769 3737 de
1815 3694 1893 3737 ea
1926 3671 2268 3748 iudicatur,
2320 3670 2403 3736 de
2439 3668 2560 3734 ali-

491 3790 615 3850 quo
647 3767 886 3833 maiore
919 3765 1260 3844 maleficio,
1317 3764 1397 3831 de
1450 3788 1577 3850 quo
1620 3766 1927 3831 iudicium
1978 3774 2414 3852 comparatum
2448 3763 2556 3840 sit,

491 3860 969 3946 prae-iudicetur.
1042 3869 1232 3944 atque
1260 3859 1624 3946 exemplum
1659 3859 1914 3944 quidem
1941 3860 2062 3924 hoc
2088 3869 2205 3925 est.
2276 3857 2346 3921 in
2379 3855 2561 3922 omni

495 3966 702 4018 autem
745 3975 940 4021 causa
981 3956 1065 4020 ab
1106 3966 1377 4038 utroque
1424 3955 1642 4039 quaeri
1684 3954 2024 4041 oportebit,
2085 3977 2124 4018 a
2157 3974 2284 4037 quo
2328 3962 2395 4016 et
2436 3972 2560 4036 per

491 4070 648 4126 quos
694 4059 758 4114 et
801 4071 925 4131 quo
969 4048 1161 4115 modo
1207 4059 1271 4113 et
1313 4070 1441 4132 quo
1495 4060 1777 4135 tempore
1821 4059 1933 4114 aut
1976 4048 2080 4134 agi
2126 4058 2237 4112 aut
2286 4043 2561 4110 iudicari
