2784 4575
497 281 650 336 Lm.
683 255 790 336 DE
828 278 1001 335 OPT.
1044 278 1219 336 esu.
1258 275 1700 333 ORATORUM
1735 276 1972 332 14—22.
2137 263 2264 332 341

203 405 425 472 cilium
458 425 649 490 quam
681 399 1137 489 Menandrum]
1174 398 1416 487 legunt,
1452 421 1572 465 nec
1606 399 2124 467 Andromacham
2159 412 2268 468 aut

81 491 87 509 '
206 500 559 588 Antiopam
612 509 721 562 aut
771 497 1103 583 Epigonos
1157 495 1429 560 Latinas
1490 493 1784 573 reiciunt3
1852 491 1997 580 [sed
2057 492 2301 560 tamen

206 594 493 661 Ennium
528 603 593 658 et
622 591 978 657 Pacuvium
1014 599 1079 655 et
1112 588 1387 654 Accium
1419 587 1632 696 potius
1667 606 1860 672 quam
1891 587 2269 674 Euripidem

207 697 278 753 et
332 686 717 774 Sophoclem
768 683 1042 772 legunt}
1130 682 1303 769 quod
1354 681 1548 768 igitur
1590 693 1692 747 est
1742 704 1962 747 eorum
2011 681 2080 746 in
2130 703 2273 748 ora-

210 781 487 848 tionibus
534 803 570 846 e
617 779 867 849 Graeco
920 777 1245 886 conversis
1290 775 1647 855 fastidium,
1683 775 1949 840 nullum
2001 797 2148 841 cum
2182 776 2273 842 sit

208 876 279 940 in
314 875 645 942 versibus?
2155 919 2160 924 -

228 995 231 1000 ·
334 968 471 1036 Sed
507 969 955 1056 adgrediamur
995 968 1124 1032 iam
1162 965 1335 1051 quod
1380 965 1807 1054 suscepimus,
1861 964 1918 1030 si
1950 966 2128 1052 prius
2161 987 2273 1030 ex·
2309 966 2342 1021 7

208 1063 613 1152 posuerimus
664 1083 829 1146 quae
891 1083 1087 1126 eausa
1132 1060 1202 1125 in
1260 1060 1563 1126 iudicium
1623 1060 1896 1125 deducta
1957 1059 2064 1125 sit.
2131 1079 2276 1123 cum
2307 1045 2358 1085 ¹⁹

210 1166 386 1222 esset
444 1156 553 1221 lex
604 1155 912 1233 Athenis,
972 1179 1053 1220 zm
1106 1175 1239 1228 oms
1297 1177 1514 1220 Porum
1569 1175 1786 1223 summ
1840 1175 2138 1232 nonam,
2197 1172 2278 1220 σι’

210 1273 515 1325 QmSQUAM
558 1271 801 1315 conom
841 1271 1203 1316 mumma
1242 1273 1305 1314 m
1346 1269 1722 1315 mammam
1762 1270 1931 1316 rmus
1967 1270 2134 1322 QUAM
2165 1271 2276 1314 RA-

206 1369 421 1412 -uouns
462 1367 887 1412 nnn-nussam:
943 1356 1009 1412 et
1052 1345 1252 1411 altera
1291 1345 1427 1424 lex,
1479 1365 1624 1423 nos,
1681 1368 1783 1418 otu
1819 1367 1864 1409 A
1894 1367 2126 1412 Porum
2161 1367 2275 1410 no-

210 1463 551 1519 nnum,
602 1465 665 1508 m
718 1462 1015 1508 comonis
1064 1461 1293 1527 noum
1340 1463 1577 1503 nassau
1588 1465 1607 1517 3
1661 1462 1766 1512 QUI
1811 1459 1857 1504 A
1906 1457 2162 1519 suumn,
2213 1463 2277 1505 m

216 1555 473 1613 snm-m,
526 1535 1006 1600 Demosthenes
1044 1545 1294 1600 curator
1338 1533 1536 1598 muris
1580 1533 1934 1620 reficiendis
1979 1532 2100 1598 fuit
2135 1555 2277 1598 eos·-

216 1651 340 1714 que
375 1629 599 1694 refecit
632 1629 905 1716 pecunia
940 1652 1083 1709 sua3
1140 1630 1219 1694 de
1254 1628 1379 1694 hoc
1421 1627 1615 1714 igitur
1653 1625 2008 1714 Ctesiphon
2050 1627 2280 1691 scitum

216 1723 396 1800 fecit,
448 1722 641 1788 nullis
695 1725 777 1788 ab
826 1723 938 1789 illo
986 1722 1337 1788 rationibus
1388 1721 1637 1800 relatis,
1687 1731 1762 1786 ut
1805 1743 2038 1788 corona
2089 1741 2280 1786 aurea

215 1817 562 1882 donaretur
614 1839 815 1902 eaque
871 1817 1129 1883 donatio
1180 1817 1361 1882 fieret
1401 1816 1470 1880 in
1513 1815 1788 1895 theatro,
1839 1814 2077 1902 populo
2129 1834 2281 1879 con-

218 1921 443 1977 vocato
453 1959 473 1990 ,
528 1910 639 1995 qui
680 1912 861 1978 locus
896 1935 1029 1976 non
1073 1921 1173 1976 est
1216 1909 1527 1976 contionis
1564 1909 1913 1996 legitimae,
1969 1919 2156 1994 atque
2187 1908 2282 1974 ita

216 2004 706 2093 praedicaretur,
740 2028 867 2073 mm
898 2027 1126 2072 noum
1148 2025 1416 2072 vm‘runs
1449 2026 1610 2069 suso
1643 2024 2277 2081 nnmvomumnotm,
2364 2027 2365 2030 ¹
2431 2015 2448 2028 ‘⁴

218 2121 385 2171 QUAM
416 2119 471 2164 1s
504 2121 666 2165 ERGA
696 2123 975 2167 porcum
1006 2119 1428 2165 manumissum
1457 2119 1756 2164 musar.
1843 2097 2013 2163 hunc
2057 2095 2280 2184 [igitur
2303 2123 2358 2164 ιο

221 2191 737 2282 Ctesiphontem]
774 2194 843 2260 in
877 2193 1181 2260 iudicium
1215 2191 1480 2258 adduxit
1503 2192 1885 2272 Aeschines,
1923 2192 2095 2278 quod
2130 2213 2280 2258 con-

218 2299 319 2353 tra
348 2286 527 2376 leges
568 2290 958 2377 scripsisset,
1012 2300 1085 2355 ut
1120 2300 1184 2355 et
1216 2287 1567 2354 rationibus
1611 2310 1744 2355 non
1793 2287 2010 2354 relatis
2046 2308 2280 2353 corona

220 2382 562 2447 donaretur
615 2394 681 2449 et
729 2394 803 2448 ut
853 2385 922 2449 in
973 2384 1250 2461 theatro,
1304 2393 1370 2448 et
1413 2384 1586 2467 quod
1629 2382 1710 2449 de
1753 2383 1984 2453 virtute
2037 2382 2172 2447 eius
2216 2391 2282 2445 et

220 2475 663 2542 benevolentia
698 2476 863 2543 falsa
899 2477 1282 2564 scripsisset,
1319 2477 1620 2561 quoniam
1653 2476 2126 2542 Demosthenes
2161 2495 2283 2538 nec

220 2570 319 2636 vir
350 2572 557 2637 bonus
595 2582 767 2639 esset
798 2592 920 2637 nec
954 2572 1121 2637 bene
1154 2571 1418 2637 meritus
1455 2572 1534 2637 de
1571 2570 1843 2637 civitate.
1914 2592 2110 2635 eausa
2140 2568 2284 2655 ipsa

220 2664 520 2731 abhorret
568 2664 680 2731 illa
740 2664 998 2751 quidem
1052 2688 1093 2731 a
1141 2665 1420 2731 formula
1479 2663 1953 2731 consuetudinis
2005 2673 2280 2739 nostrae,

222 2757 341 2824 sed
391 2770 491 2825 est
540 2783 775 2847 magna
783 2784 803 2838 ;
858 2759 1052 2825 habet
1104 2760 1273 2825 enim
1318 2770 1385 2825 et
1434 2759 1652 2847 legum
1701 2756 2282 2845 interpretationem

223 2854 379 2919 satis
434 2865 686 2921 acutam
727 2854 797 2919 in
845 2864 1183 2941 utramque
1232 2866 1481 2942 partem
1523 2864 1590 2920 et
1613 2852 1997 2919 'meritorum
2036 2850 2105 2917 in
2148 2874 2282 2916 rem

220 2948 545 3037 publicam
595 2948 1066 3015 contentionem
1102 2970 1257 3015 sane
1308 2971 1600 3036 gravem3
1653 2947 1866 3031 itaque
1919 2968 2114 3011 causa
2163 2945 2284 3010 fuit
2309 2972 2362 3013 ιι

220 3042 562 3123 Aeschini,
618 3065 765 3109 cum
805 3044 946 3132 ipse
982 3066 1023 3109 a
1055 3043 1497 3128 Demosthene
1539 3052 1714 3109 esset
1756 3039 1980 3127 eapitis
2025 3060 2284 3104 accusa-

224 3150 355 3217 tus,
410 3138 582 3223 quod
614 3138 1002 3227 legationem
1048 3136 1383 3207 ementitus
1421 3147 1623 3214 esset,
1673 3147 1748 3202 ut
1787 3133 2136 3200 ulciscendi
2166 3132 2287 3199 ini-

220 3232 371 3297 mici
406 3253 603 3297 causa
634 3234 889 3300 nomine
927 3231 1365 3321 Ctesiphontis
1417 3230 1720 3296 iudicium
1761 3230 1942 3295 fieret
1976 3229 2056 3294 de
2099 3227 2283 3293 factis

222 3326 521 3409 famaque
556 3325 983 3393 Demostheni
991 3352 1011 3406 3
1064 3349 1195 3393 non
1230 3325 1400 3413 enim
1444 3336 1577 3391 tam
1625 3324 1828 3389 multa
1869 3322 2029 3389 dixit
2073 3322 2152 3387 de
2185 3345 2287 3387 ra-

43 3420 49 3458 ·‘
127 3482 136 3488 ,
224 3417 505 3483 tionibus
539 3440 671 3483 non
710 3418 961 3498 relatis,
1016 3442 1209 3505 quam
1252 3419 1333 3485 de
1377 3442 1484 3499 ec,
1539 3418 1712 3503 quod
1755 3416 1912 3483 civis
1955 3416 2284 3503 improbus

222 3524 297 3578 ut
347 3510 625 3601 optimus
678 3513 976 3579 laudatus
1031 3524 1222 3579 esset.
1319 3512 1486 3579 hanc
1536 3514 1801 3579 multam
1841 3511 2202 3580 Aeschines
2248 3534 2286 3575 a
2311 3535 2366 3576 22
2432 3548 2437 3552 -

225 3604 647 3695 Ctesiphonte
680 3606 909 3697 petivit
954 3606 1368 3692 quadriennio
1414 3618 1560 3674 ante
1591 3606 1876 3695 Philippi
1908 3605 2284 3673 Macedonis

220 3712 493 3768 mortem
501 3728 520 3780 3
586 3702 703 3769 sed
752 3701 1057 3767 iudicium
1117 3702 1361 3769 factum
1415 3712 1515 3768 est
1575 3702 1815 3787 aliquot
1875 3700 2056 3766 annis
2116 3708 2284 3787 post,

222 3795 597 3861 Alexandro
648 3796 778 3862 iam
818 3794 1051 3861 Asiam
1096 3805 1351 3863 tenente
1359 3822 1379 3875 3
1435 3795 1520 3863 ad
1570 3795 1742 3881 quod
1791 3794 2094 3860 iudicium
2138 3814 2290 3859 con-

224 3910 448 3955 cursus
487 3889 711 3955 dicitur
747 3911 783 3955 e
819 3899 953 3955 tota
979 3888 1253 3957 Graecia
1286 3890 1494 3957 factus
1532 3912 1696 3956 esse.
1767 3888 1920 3973 quid
1954 3888 2122 3954 enim
2156 3898 2290 3953 tam

199 3986 335 4047 'aut
368 3982 705 4048 visendum
740 3994 851 4050 aut
896 3984 1281 4052 audiendum
1316 3985 1440 4051 fuit
1483 4006 1676 4069 quam
1721 4003 2111 4048 summorum
2145 4005 2288 4048 ora-

222 4087 432 4141 torum
466 4076 533 4141 in
568 4077 949 4164 gravissima
985 4099 1179 4145 causa-
1216 4079 1517 4145 adcurata
1552 4088 1618 4145 et
1649 4075 1990 4143 inimicitiis
2026 4076 2290 4141 incensa
