2784 4575
30 3132 33 3153 ““
30 3096 32 3099 ⁷
30 3070 33 3089 “”
30 3042 33 3063 ““’
30 3028 32 3031 ⁷
30 2978 33 3001 ⁷'⁷'
30 2710 49 2969 Τν-Ἷ-Ῥ
30 2698 32 2701 ⁷
30 2648 33 2653 ⁴
31 2630 33 2633 ⁴

30 4132 37 4293 q———q
30 3696 36 4115 *ww
30 3678 32 3688 -
30 3626 33 3671 .--..
30 3582 33 3605 -

971 164 1284 276 nRUTUS
1319 218 1559 274 90-97.
2184 205 2314 272 21¹2

251 343 700 413 consectantur
741 363 978 428 genus,
1033 339 1319 406 accidere
1353 363 1486 406 non
1530 340 1719 419 solet,
1771 350 2109 427 propterea
2141 342 2315 426 quod

251 437 588 526 prudentia
611 457 960 520 numquam
987 433 1198 500 deficit
1224 444 1557 512 oratorem,
1595 455 1723 518 qua
1744 433 1851 499 ille
1874 445 2061 500 utens
2086 435 2315 528 eodem

252 532 446 598 modo
479 529 686 618 possit
719 539 786 596 et
820 527 1030 594 dicere
1066 538 1131 593 et
1165 521 1470 607 scribere3
1500 527 1713 594 ardor
1747 527 1941 592 animi
1982 552 2067 596 no
2148 551 2314 595 sem-

251 647 371 713 per
413 625 622 702 adest,
676 623 860 708 isque
913 643 1058 688 cum
1109 621 1428 700 consedit,
1481 620 1686 688 omnis
1736 621 1849 686 illa
1889 621 1988 688 vis
2054 623 2315 732 &quasi

251 721 510 785 flamma
570 717 839 784 oratoris
902 716 1347 804 exstinguitur.
1452 715 1617 782 hanc
1676 715 1870 802 igitur
1921 717 2005 784 ob
2057 735 2315 786 causam

250 814 503 892 videtur
535 811 750 878 Laelii
783 834 966 878 mens
1003 811 1243 898 spirare
1278 810 1473 877 etiam
1504 811 1574 876 in
1608 811 1881 898 scriptis,
1919 793 2167 879 Galbae
2203 836 2317 881 au-

249 920 384 975 tem
417 907 517 974 vis
553 905 887 974 occidisse.

371 1003 663 1068 Fuerunt
697 1001 890 1074 etiam
924 999 994 1065 in
1026 1009 1350 1066 oratorum
1382 1022 1647 1066 numero
1682 999 2097 1067 mediocrium
2127 1002 2215 1070 L.
2250 1013 2318 1070 et
2348 1017 2419 1074 25

253 1095 376 1183 Sp.
411 1093 720 1159 'Mummii
761 1094 1025 1172 fratres,
1079 1115 1348 1178 quorum
1400 1103 1655 1160 exstant
1704 1094 2035 1161 amborum
2085 1095 2317 1164 oratio-

249 1193 404 1254 nes':
456 1186 728 1274 simplex
769 1187 1028 1271 quidem
1069 1186 1156 1253 L.
1201 1197 1268 1252 et
1309 1187 1605 1271 antiquus
1616 1212 1635 1266 3
1692 1185 1807 1275 Sp.
1854 1198 2067 1254 autem
2118 1189 2315 1257 nihilo

249 1282 360 1348 ille
387 1281 644 1367 quidem
671 1282 968 1359 ornatior,
990 1281 1104 1347 sed
1131 1291 1346 1346 tamen
1378 1281 1691 1347 astrictior
1698 1306 1719 1360 3
1746 1281 1868 1347 fuit
1893 1282 2064 1348 enim
2090 1283 2313 1351 doctus

251 1399 339 1442 ex
390 1374 726 1462 disciplina
778 1372 1160 1442 Stoicorum.
1247 1373 1487 1440 multae
1541 1385 1688 1439 sunt
1732 1372 1848 1462 Sp.
1898 1376 2125 1442 Albini
2176 1399 2317 1444 ora-

185 1527 187 1529 .
251 1470 462 1535 tiones
471 1494 508 1548 3-
530 1479 678 1534 sunt
711 1468 904 1535 etiam
936 1468 1022 1534 L.
1060 1479 1126 1534 et
1161 1466 1240 1534 C.
1275 1468 1685 1534 Aureliorum
1719 1467 2117 1550 Orestarum,
2153 1493 2315 1557 quos

250 1563 468 1646 aliquo
509 1561 698 1629 video
740 1562 810 1628 in
850 1585 1116 1629 numero
1161 1572 1483 1628 oratorum
1524 1559 1742 1628 fuisse.
1827 1562 1908 1628 P.
1954 1564 2147 1629 etiam
2184 1565 2317 1632 Po-

247 1657 446 1745 pilius
498 1679 644 1722 cum
697 1657 854 1722 civis
907 1656 1206 1745 egregius
1260 1669 1397 1721 tum
1446 1679 1577 1722 non
1626 1657 1969 1723 indisertus
2029 1659 2178 1738 fuit3
2234 1656 2313 1727 C.

251 1772 411 1816 vero
446 1749 614 1815 filius
650 1749 787 1816 eius
834 1750 1138 1816 disertus·
1119 1799 1139 1830 ‚
1197 1748 1525 1834 Gaiusque
1559 1749 1917 1816 Tuditanus
1955 1772 2101 1816 cum
2144 1751 2319 1817 omni

249 1843 392 1908 vita
435 1853 625 1928 atque
668 1842 840 1909 victu
891 1845 1180 1910 excultus
1227 1854 1417 1928 atque
1470 1844 1783 1946 expolitus
1827 1857 1964 1909 tum
2008 1845 2143 1911 eius
2190 1847 2319 1912 ele-

249 1960 419 2025 gans
465 1948 565 2003 est
607 1937 894 2003 habitum
937 1937 1238 2005 orationis
1291 1960 1525 2026 genus3
1582 1939 1993 2022 eodemque
1972 1963 2041 2004 ιιι
2082 1961 2318 2025 genere

250 2043 357 2098 est
398 2031 651 2098 habitus
697 2031 783 2110 is,
838 2032 947 2116 qui
987 2031 1216 2098 iniuria
1265 2042 1527 2118 accepta
1576 2031 1771 2120 fregit
1812 2033 1913 2099 Ti.
1953 2031 2319 2099 Gracchum

249 2125 580 2213 patientia,
617 2126 774 2191 civis
809 2125 878 2192 in
909 2126 1101 2191 rebus
1131 2125 1384 2212 optimis
1414 2126 1963 2192 constantissimus
1989 2126 2089 2192 M.
2118 2126 2319 2193 Octav-

251 2220 422 2285 vius.
520 2231 588 2284 at
635 2230 788 2286 vero
839 2219 939 2286 M.
992 2220 1308 2285 Aemilius
1360 2220 1681 2308 Lepidus,
1735 2221 1843 2306 qui
1894 2230 1995 2286 est
2042 2220 2321 2287 Porcina

255 2313 497 2391 dictus,
548 2314 790 2379 eisdem
823 2315 1210 2402 temporibus
1247 2316 1380 2381 fere
1418 2315 1645 2400 quibus
1685 2313 1920 2395 Galba,
1978 2314 2094 2381 sed
2125 2310 2318 2402 paulo

254 2407 465 2474 minor
497 2418 652 2475 natu
687 2418 752 2475 et
783 2430 1069 2475 summus
1116 2420 1327 2477 orator
1361 2419 1464 2475 est
1504 2409 1756 2474 habitus
1793 2420 1859 2473 et
1899 2409 2049 2487 fuit,
2102 2420 2175 2472 ut
2208 2432 2320 2494 ap-

255 2513 442 2588 paret
483 2526 566 2569 ex
609 2502 996 2570 orationibus
1007 2551 1027 2582 ,
1082 2503 1350 2590 scriptor
1393 2523 1546 2567 sane
1597 2499 1825 2566 bonus.
1911 2500 2096 2567 hoc
2075 2523 2145 2563 ιιι
2179 2522 2321 2565 ora-

259 2608 396 2662 tore
439 2595 676 2663 Latino
728 2598 1003 2683 primum
1051 2597 1210 2662 mihi
1260 2596 1509 2662 videtur
1560 2604 1625 2659 et
1668 2593 1891 2660 levitas
1948 2592 2319 2680 apparuisse

259 2692 372 2756 illa
400 2690 789 2759 Graecorum
821 2704 888 2759 et
921 2694 1259 2759 verborum
1294 2688 1775 2778 comprehensio
1809 2700 1874 2754 et
1904 2688 2035 2752 iam
2070 2686 2317 2796 artifex,

257 2796 336 2849 ut
367 2785 458 2849 ita
493 2784 726 2865 dicam,
773 2786 976 2852 stilus.
1063 2784 1235 2854 hunc
1271 2786 1553 2851 studiose
1590 2784 1715 2848 duo
1752 2779 2243 2848 adulescentes
2222 2804 2321 2845 m-

263 2877 690 2965 geniosissimi
724 2890 790 2946 et
820 2903 1020 2968 prope
1057 2880 1354 2965 aequales
1393 2877 1469 2945 C.
1499 2876 1713 2944 Carbo
1747 2886 1814 2941 et
1845 2875 1949 2940 Ti.
1988 2873 2319 2943 Gracchus

262 2972 483 3039 audire
520 2973 690 3039 soliti
725 2985 902 3053 sunt3
949 2974 1030 3040 de
1065 2973 1349 3057 quibus
1330 2996 1461 3038 iam
1494 2970 1747 3037 dicendi
1777 2968 1957 3035 locus
1992 2968 2138 3048 erit,
2175 2990 2323 3033 cum

259 3068 343 3134 de
397 3067 753 3134 senioribus
811 3090 1020 3156 pauca
1081 3068 1320 3133 dixero.
1428 3064 1512 3148 Q.
1566 3065 1737 3131 enim
1784 3061 2130 3150 Pompeius
2191 3083 2323 3127 non

259 3172 662 3248 contemptus
699 3173 910 3229 orator
943 3162 1334 3249 temporibus
1369 3159 1494 3226 illis
1532 3160 1681 3237 fuit,
1735 3156 1845 3244 qui
1889 3177 2171 3223 summos
2204 3155 2323 3223 ho-

259 3276 452 3321 nores
503 3255 695 3321 homo
746 3278 862 3342 per
917 3278 986 3322 se
1045 3254 1336 3342 cognitus
1391 3254 1529 3320 sine
1586 3254 1721 3319 ulla
1780 3248 2322 3317 commendatione

263 3347 575 3414 maiorum
627 3360 728 3414 est
778 3350 1069 3436 adeptus.
1167 3359 1304 3414 tum
1346 3348 1433 3413 L.
1479 3346 1747 3414 Cassius
1798 3346 2069 3413 multum
2116 3342 2323 3430 potuit

262 3462 395 3507 non
439 3441 822 3527 eloquentia,
878 3444 994 3521 sed
1037 3442 1304 3508 dicendo
1356 3452 1599 3521 tamen3
1651 3441 1843 3508 homo
1877 3462 2008 3505 non
2048 3435 2323 3503 liberali-

261 3544 424 3614 tate,
475 3546 547 3601 ut
600 3536 735 3615 alii,
799 3538 916 3603 sed
964 3537 1110 3624 ipsa
1163 3535 1417 3602 tristitia
1467 3548 1535 3602 et
1584 3534 1917 3602 severitate
1966 3528 2320 3620 popularis3

257 3628 442 3695 cuius
489 3629 750 3714 quidem
790 3631 923 3718 legi
975 3629 1340 3697 tabellariae
1381 3629 1482 3695 M.
1526 3629 1764 3696 Antius
1797 3625 1989 3693 Briso
2032 3625 2320 3691 tribunus

258 3724 466 3810 plebis
505 3724 617 3789 diu
651 3724 912 3804 restitit,
965 3724 1065 3790 M.
1101 3724 1355 3811 Lepido
1403 3724 1664 3791 consule
1700 3720 2066 3798 adiuvante3
2120 3738 2322 3801 eaque

259 3838 365 3883 res
398 3818 480 3883 P.
517 3817 828 3885 Afficano
872 3818 1318 3904 vituperationi
1361 3818 1512 3896 fuit,
1558 3816 1731 3902 quod
1772 3814 1907 3882 eius
1952 3800 2323 3880 auctoritate

259 3910 345 3975 de
391 3914 708 3979 sententia
758 3911 1067 3979 deductus
1107 3912 1300 3979 Briso
1345 3909 1707 3999 putabatur.
1794 3920 1932 3975 tum
1983 3906 2111 3974 duo
2156 3903 2323 3974 Cae-

260 4003 486 4091 piones
539 4006 809 4073 multum
863 4006 1124 4073 clientes
1179 4006 1442 4073 consilio
1496 4016 1561 4072 et
1599 4004 1846 4093 lingua,
1905 4003 2051 4089 plus
2106 4010 2324 4068 aucto-

2357 749 2411 790 94

2358 1593 2411 1634 95

2361 2528 2414 2569 96

2364 3369 2417 3410 97
