2784 4575
851 268 1173 327 ORATOR
1206 269 1517 325 163-169.
2100 258 2225 327 317

898 394 1062 459 bene
1098 415 1291 478 quam
1324 392 1616 458 meritam
1648 414 1794 459 esse
1830 402 2142 475 autumas,

259 490 416 556 dicis
449 490 620 555 male
655 487 904 555 mereri.

255 586 352 663 id,
389 586 562 671 quod
595 585 754 663 scis,
785 583 1050 673 prodest
1082 582 1203 647 nil:
1237 581 1332 660 id,
1371 582 1545 666 quod
1576 581 1819 660 nescis,
1856 582 2059 648 obest.

169 701 430 744 versum
463 678 660 744 efficit
690 678 836 765 ipsa
863 676 1090 742 relatio
1137 676 1625 741 contrariorum:
1678 673 1748 738 id
1783 686 1957 741 esset
1988 674 2057 739 in
2092 698 2233 742 ora-

169 772 346 839 tione
375 795 786 840 numerosum
821 772 1021 855 ‘quod
1057 770 1212 848 scis,
1257 769 1416 833 nihil
1456 769 1722 855 prodest
1729 794 1749 847 3
1795 768 1968 853 quod
1998 770 2230 847 nescis,

172 866 443 931 multum
487 866 712 933 obest.'
821 887 1072 951 semper
1132 862 1320 941 haec,
1389 884 1555 947 quae
1621 861 1854 941 Graeci
1914 858 2233 929 ἀντίθετα
2266 870 2342 926 50

168 960 529 1038 nominant,
593 981 741 1025 cum
777 958 1106 1025 contrariis
1160 967 1569 1043 opponuntur
1618 956 1959 1033 contraria,
2012 978 2235 1022 nume-

168 1077 314 1117 rum
365 1053 710 1119 oratorium
759 1052 1141 1118 necessitate
1193 1051 1338 1138 ipsa
1389 1051 1676 1116 efficiunt
1725 1050 1919 1115 etiam
1961 1050 2097 1115 sine
2138 1049 2236 1114 in-

173 1146 436 1211 dustria.
525 1145 647 1212 hoc
681 1168 916 1233 genere
953 1143 1195 1229 antiqui
1228 1145 1357 1209 iam
1393 1156 1541 1209 ante
1576 1145 1927 1210 Isocratem
1962 1144 2235 1209 delecta—

170 1240 404 1305 bantur
437 1249 504 1307 et
533 1240 812 1305 maxime
851 1237 1126 1326 Gorgias
1139 1287 1158 1317 ,
1205 1238 1383 1303 cuius
1428 1239 1497 1303 in
1540 1238 1820 1305 oratione
1862 1239 2235 1325 plerumque

172 1334 370 1400 efficit
410 1356 746 1399 numerum
787 1334 933 1420 ipsa
975 1332 1398 1411 concinnitas3
1452 1355 1571 1397 nos
1616 1333 1806 1398 etiam
1848 1332 1917 1397 in
1959 1333 2083 1399 hoc
2124 1354 2237 1418 ge-

169 1448 324 1491 nere
357 1428 744 1512 frequentes,
777 1438 852 1492 ut
891 1428 1004 1491 illa
1039 1438 1188 1493 sunt
1217 1426 1286 1491 in
1312 1436 1537 1509 quarto
1568 1426 2018 1492 accusationis:
2057 1432 2237 1491 ‘con-

171 1521 335 1585 ferte
386 1520 554 1587 hanc
602 1543 829 1609 pacem
889 1543 1034 1586 cum
1093 1520 1201 1586 illo
1252 1521 1452 1599 bello,
1514 1520 1701 1586 huius
1763 1521 2071 1607 praetoris
2124 1520 2231 1585 ad·-

171 1626 436 1679 ventum
477 1638 626 1681 cum
665 1617 834 1681 illius
879 1616 1280 1701 imperatoris
1334 1614 1625 1693 victoria,
1679 1615 1866 1680 huius
1911 1615 2237 1681 cohortem

169 1711 488 1797 impuram
521 1733 668 1775 cum
700 1710 870 1775 illius
907 1710 1188 1775 exercitu
1219 1710 1486 1787 invicto,
1540 1710 1727 1775 huius
1762 1709 2057 1774 libidines
2091 1730 2237 1774 cum

169 1804 342 1869 illius
377 1804 792 1869 continentia:
828 1805 910 1870 ab
946 1804 1076 1881 illo,
1115 1803 1226 1888 qui
1260 1804 1450 1889 cepit,
1488 1803 1797 1881 conditas,
1834 1804 1915 1868 ab
1950 1802 2091 1881 hoc,
2128 1802 2237 1887 qui

173 1898 550 1963 constitutas
586 1898 860 1983 accepit,
897 1908 1118 1984 captas
1154 1897 1378 1962 dicetis
1416 1896 1815 1982 Syracusas?

291 1992 471 2077 Ergo
507 2001 571 2057 et
605 1991 674 2055 hi
707 1992 954 2057 numeri
990 1989 1118 2057 sint
1160 1991 1399 2078 cogniti
1435 2002 1499 2056 et
1533 2014 1737 2076 genus
1781 1990 1940 2057 illud
1983 1990 2237 2056 tertium

171 2087 524 2173 explicetur
558 2086 746 2171 quale
783 2086 893 2165 sit,
937 2108 1316 2151 numerosae
1353 2096 1419 2149 et
1454 2086 1638 2172 aptae
1684 2086 2012 2164 orationis3
2066 2085 2237 2170 quod

173 2180 285 2263 qui
317 2203 450 2245 non
484 2181 794 2258 sentiunt,
850 2203 1008 2265 quas
1046 2179 1214 2245 auris
1252 2179 1532 2245 habeant
1577 2190 1687 2245 aut
1720 2179 1873 2263 quid
1906 2180 1999 2245 eis
2036 2179 2239 2245 homi-

171 2274 274 2338 nis
323 2273 526 2339 simile
573 2274 657 2340 sit
698 2275 944 2341 nescio:
997 2297 1180 2340 meae
1225 2274 1483 2358 quidem
1526 2284 1592 2339 et
1634 2275 1917 2362 perfecto
1962 2275 2239 2362 comple-

174 2379 368 2450 toque
419 2368 759 2432 verborum
813 2369 1054 2435 ambitu
1107 2369 1390 2455 gaudent
1442 2379 1509 2433 et
1560 2380 1738 2433 curta
1790 2369 2071 2434 sentiunt
2120 2389 2239 2432 nec

176 2469 394 2525 amant
417 2461 854 2526 redundantia.
929 2461 1082 2544 quid
1117 2462 1260 2526 dico
1285 2463 1502 2524 meas?
1546 2462 1871 2527 contiones
1910 2483 2099 2547 saepe
2130 2483 2240 2525 ex-

175 2555 450 2619 clamare
471 2553 624 2630 vidi,
651 2574 795 2617 cum
814 2564 959 2640 apte
988 2555 1184 2619 verba
1212 2553 1608 2618 cecidissent.
1678 2555 1747 2618 id
1780 2555 1948 2620 enim
1975 2573 2240 2638 exspec-

175 2659 316 2713 tant
350 2669 555 2725 aures,
589 2657 666 2712 ut
685 2647 898 2712 verbis
928 2645 1324 2733 conligentur
1352 2647 1723 2712 sententiae.
1773 2654 1929 2713 ‘non
1956 2657 2093 2711 erat
2118 2646 2240 2711 hoc

177 2740 350 2827 apud
402 2739 732 2824 antiquos?
853 2750 921 2807 ct
970 2741 1228 2824 quidem
1278 2739 1437 2804 nihil
1490 2739 1665 2804 aliud
1713 2740 1849 2806 fere
1900 2763 2029 2806 non
2072 2751 2236 2817 erat3

175 2857 328 2901 nam
379 2845 444 2899 et
494 2834 692 2900 verba
741 2834 1064 2922 eligebant
1113 2844 1180 2899 et
1231 2833 1577 2900 sententias
1638 2835 1853 2921 gravis
1908 2846 1975 2900 et
2024 2835 2236 2900 suavis

173 2928 595 3016 reperiebant,
633 2928 750 2994 sed
785 2951 894 2994 eas
932 2940 1044 2994 aut
1077 2929 1441 2995 vinciebant
1476 2939 1583 2994 aut
1619 2928 1963 3015 explebant
1993 2951 2236 3015 parum.

177 3024 336 3088 ‘hoc
367 3045 474 3088 me
513 3023 730 3109 ipsum
785 3022 1106 3100 delectat‚’
1159 3023 1472 3108 inquiunt.
1602 3022 1784 3106 quid,
1842 3023 1899 3087 si
1934 3022 2239 3106 antiquis-

179 3119 344 3182 sima
385 3117 494 3182 illa
541 3117 792 3204 pictura
838 3139 1190 3205 paucorum
1241 3117 1525 3182 colorum
1578 3116 1783 3204 magis
1838 3138 2029 3200 quam
2083 3117 2239 3181 haec

175 3214 308 3277 iam
357 3212 642 3297 perfecta
693 3211 992 3289 delectet,
1045 3211 1157 3277 illa
1199 3211 1384 3276 nobis
1440 3209 1551 3288 sit,
1606 3211 1823 3287 cred0,
1876 3209 2238 3296 repetenda,

177 3306 340 3368 haec
385 3306 626 3371 scilicet
663 3305 1088 3392 repudianda!
1146 3306 1509 3372 nominibus
1552 3315 1838 3370 veterum
1874 3303 2239 3391 gloriantur.

178 3399 376 3462 habet
410 3409 622 3463 autem
655 3409 728 3463 ut
759 3399 828 3464 in
864 3400 1177 3466 aetatibus
1215 3399 1653 3465 auctoritatem
1688 3410 1981 3465 senectus
1994 3446 2013 3475 ,
2052 3398 2145 3462 sic
2176 3397 2245 3460 in

177 3491 492 3578 exemplis
538 3491 907 3576 antiquitas,
961 3513 1123 3577 quac
1167 3493 1423 3576 quidem
1467 3494 1639 3578 apud
1670 3513 1775 3558 me
1819 3492 2031 3579 ipsum
2073 3490 2244 3554 valet

177 3585 550 3674 plurimum3
586 3607 707 3651 nec
741 3609 864 3672 ego
897 3585 996 3663 id,
1035 3587 1206 3672 quod
1241 3586 1424 3651 deest
1458 3585 1841 3670 antiquitati,
1875 3585 2095 3672 flagito
2127 3605 2245 3670 po·-

181 3680 310 3745 tius
365 3701 560 3764 quam
608 3679 798 3745 laudo
851 3681 1024 3765 quod
1075 3689 1200 3757 est;
1253 3681 1629 3767 praesertim
1680 3701 1826 3745 cum
1876 3702 1955 3745 ea
2002 3678 2245 3744 maiora

179 3774 459 3840 iudicem
493 3795 656 3858 quae
693 3785 862 3852 sunt,
898 3796 1091 3859 quam
1121 3775 1232 3839 illa
1267 3795 1431 3859 quae
1467 3774 1723 3852 desunt3
1758 3775 1904 3860 plus
1940 3783 2042 3840 est
2074 3772 2244 3837 enim

180 3869 254 3932 in
287 3868 498 3933 verbis
533 3880 600 3934 et
630 3868 700 3932 in
735 3869 1060 3934 sententiis
1096 3868 1266 3947 boni,
1303 3869 1534 3953 quibus
1560 3869 1653 3932 illi
1680 3869 2015 3945 excellunt,
2052 3885 2244 3951 quam

2270 1168 2347 1207 16⁷

2272 2018 2351 2059 168

2275 3047 2355 3088 16⁹

181 3962 254 4026 in
289 3961 692 4028 conclusione
729 3963 1202 4041 sententiarum,
1240 3985 1433 4046 quam
1465 3986 1597 4028 non
1632 3964 1885 4030 habent.
1965 3971 2113 4048 post
2145 3960 2243 4024 in-
2275 3975 2343 4028 51

178 4066 382 4120 :venta
413 4057 736 4122 conclusio
771 4067 889 4136 est,
927 4079 1054 4142 qua
1087 4059 1276 4124 credo
1311 4079 1541 4124 usuros
1566 4070 1814 4124 veteres
1843 4059 1985 4124 illos
2021 4054 2241 4135 fuisse,
