2784 4575
562 354 568 358 .
682 282 792 339 An
832 282 892 340 0.
927 285 1398 344 HERENNIUM
1432 285 1508 340 11.
1544 286 1783 341 27-31.
2177 272 2259 339 27

195 434 304 478 res
342 432 412 477 se
447 408 686 477 scelere
721 408 1230 473 contaminarunt
1279 407 1529 495 imperii
1563 409 1934 496 cupiditate,
1990 410 2047 475 si
2078 408 2265 475 multi

202 506 346 570 leve
372 501 816 589 compendium
841 502 1064 568 fraude
1092 502 1372 567 maxima
1398 512 1881 581 commutarunt,
1906 504 2008 567 cui
2032 504 2262 569 mirum
2374 496 2379 501 ’

201 597 516 663 videbitur
549 596 745 662 istum
785 597 905 661 sibi
940 619 980 661 a
1011 594 1321 663 maleficio
1355 607 1617 683 propter
1650 597 2019 663 acerrimam
2046 597 2265 664 formi-

204 691 419 755 dinem
478 713 608 756 non
675 690 1102 776 temperasse?
1163 689 1372 755 virum
1432 689 1875 768 fortissimum,
1934 690 2266 777 integerri-

202 810 406 865 mum,
459 785 931 851 inimicitiarum
980 786 1684 874 persequentissimum,
1736 785 1965 851 iniuria
2006 787 2267 852 lacessi-

203 892 368 957 tum,
419 878 518 945 ira
559 879 1020 945 exsuscitatum
1062 879 1254 945 homo
1304 878 1595 958 timidus,
1648 901 1885 946 nocens
1900 928 1918 957 ,
1974 880 2263 945 conscius

205 975 306 1038 sui
348 974 622 1061 peccati,
667 973 1011 1039 insidiosus
1054 969 1380 1039 inimicum
1423 973 1808 1041 incolumem
1850 996 1994 1039 esse
2035 972 2264 1040 noluit:

206 1067 310 1132 cui
344 1067 602 1132 tandem
636 1067 758 1132 hoc
792 1066 1024 1132 mirum
1057 1067 1414 1133 videbitur?
1455 1091 1607 1133 nam
1641 1090 1788 1134 cum
1822 1067 1991 1133 feras
2026 1068 2265 1133 bestias

206 1159 538 1227 videamus
575 1160 800 1227 alacris
839 1171 903 1227 et
936 1172 1182 1227 erectas
1227 1162 1489 1240 vadere,
1542 1172 1617 1226 ut
1652 1161 1833 1227 alteri
1873 1162 2117 1227 bestiae
2152 1184 2267 1228 no·-

205 1265 419 1333 ceant,
473 1277 604 1320 non
647 1267 748 1321 est
788 1255 1158 1323 incredibile
1209 1256 1566 1343 putandum
1608 1256 1793 1321 istius
1838 1276 2089 1340 quoque
2134 1255 2268 1321 ani-

202 1372 382 1413 mum
405 1349 632 1427 ferum,
661 1348 984 1414 crudelem
1011 1360 1200 1433 atque
1227 1348 1645 1413 inhumanum
1671 1348 1901 1435 cupide
1924 1350 2008 1414 ad
2032 1348 2270 1414 inimici

203 1441 551 1527 perniciem
599 1440 985 1527 profectum,
1037 1442 1415 1528 praesertim
1464 1462 1612 1506 cum
1652 1441 1724 1506 in
1763 1442 1986 1507 bestiis
2030 1442 2271 1507 nullam

205 1554 415 1617 neque
458 1534 695 1599 bonam
735 1555 942 1617 neque
985 1534 1221 1598 malam
1263 1534 1574 1600 rationem
1624 1534 1985 1611 videamus,
2034 1536 2105 1599 in
2145 1535 2269 1603 isto

204 1627 511 1715 plurimas
548 1637 614 1692 et
644 1626 958 1713 pessimas
987 1626 1272 1693 rationes
1295 1649 1547 1714 semper
1574 1626 1777 1693 fuisse
1802 1628 2267 1714 intellegamus.

208 1721 265 1787 si
301 1742 455 1807 ergo
489 1720 809 1809 pollicitus
846 1744 990 1787 sum
1023 1744 1126 1787 me
1163 1722 1459 1786 daturum
1494 1743 1773 1799 causam,
1809 1743 1939 1805 qua
1969 1721 2265 1787 inductus
2310 1749 2363 1790 so
2391 1750 2394 1753 ·

205 1814 438 1883 Ulixes
473 1814 818 1881 accesserit
851 1816 935 1881 ad
966 1815 1367 1894 maleficium,
1406 1827 1473 1881 et
1506 1816 1563 1881 si
1595 1813 2063 1880 inimicitiarum
2097 1836 2273 1881 acer-

205 1909 434 1975 rimam
475 1908 786 1975 rationem
831 1921 897 1975 et
937 1909 1204 1997 periculi
1245 1921 1489 1976 metum
1529 1910 1969 1975 intercessisse
2012 1910 2273 1977 demon-

210 2004 432 2081 stravi,
486 2026 615 2069 non
651 2015 752 2070 est
789 2002 1110 2092 [dubium]
1160 2006 1316 2088 quin
1359 2005 1731 2071 confiteatur
1774 2024 2035 2069 causam
2077 2004 2274 2069 male-

207 2097 338 2162 ficii
395 2097 638 2163 fuisse?
745 2120 900 2185 ergo
963 2098 1437 2187 absolutissima
1498 2109 1599 2164 est
1658 2098 2122 2186 argumentatio
2174 2118 2271 2176 ea,

212 2212 374 2275 quae
417 2214 499 2256 ex
551 2191 830 2276 quinque
879 2193 1168 2279 partibus
1222 2204 1501 2271 constat,
1558 2193 1673 2258 sed
1724 2215 1801 2258 ea
1849 2214 1980 2258 non
2024 2212 2273 2279 semper

209 2305 474 2351 necesse
511 2295 610 2350 est
641 2285 764 2351 uti:
803 2299 902 2352 est
935 2309 1082 2351 cum
1107 2286 1545 2374 complexione
1574 2284 2117 2374 supersedendum
2150 2297 2269 2364 est,

213 2377 271 2442 si
301 2400 405 2443 res
440 2378 652 2444 brevis
688 2390 814 2458 est,
860 2391 932 2444 ut
965 2381 1153 2446 facile
1185 2381 1495 2446 memoria
1530 2381 2125 2468 comprehendatur3
2174 2391 2275 2446 est

212 2492 359 2535 cum
393 2471 720 2537 exornatio
755 2474 1318 2558 praetermittenda
1353 2485 1481 2552 est,
1520 2475 1577 2538 si
1610 2497 1838 2561 parum
1871 2472 2153 2560 locuples
2191 2473 2273 2537 ad

213 2564 727 2651 amplificandum
771 2577 837 2631 et
887 2566 1325 2632 exornandum
1376 2562 1481 2631 re's
1534 2569 1786 2633 videtur
1838 2589 2011 2644 esse3
2066 2567 2167 2630 sin
2209 2578 2273 2630 et

211 2657 424 2722 brevis
461 2657 584 2721 erit
624 2661 1088 2744 argumentatio
1141 2671 1206 2725 et
1246 2683 1352 2725 res
1389 2660 1599 2725 tenuis
1638 2673 1749 2725 aut
1799 2615 2082 2736 humilis,
2137 2669 2273 2722 tum

213 2763 279 2818 et
321 2750 731 2817 exornatione
775 2763 840 2818 et
883 2753 1322 2840 complexione
1375 2755 1918 2840 supersedendum
1968 2763 2085 2818 est.
2180 2750 2272 2838 [in

213 2846 386 2914 omni
422 2847 968 2932 argumentatione
1003 2848 1084 2914 de
1119 2846 1368 2914 duabus
1394 2848 1684 2935 partibus
1719 2846 2057 2935 postremis
2092 2846 2269 2923 haec,

212 2963 405 3027 quam
447 2941 743 3028 exposui,
795 2941 958 3008 ratio
1003 2952 1104 3008 est
1145 2942 1461 3008 habenda.
1548 2964 1703 3029 0180
1749 2941 2140 3028 amplissima
2174 2952 2275 3007 est

213 3035 675 3122 argumentatio
699 3036 1226 3123 quinquepertita,
1254 3036 1635 3102 brevissima
1660 3046 1760 3102 est
1784 3034 2113 3123 tripertita,
2140 3058 2274 3100 me-

214 3128 446 3195 diocris
483 3129 735 3196 sublata
778 3142 889 3196 aut
931 3130 1342 3198 exornatione
1389 3142 1499 3196 aut
1547 3129 1984 3217 complexione
2021 3129 2274 3214 quadri-

209 3224 463 3311 pertita.
466 3222 496 3310 ]

333 3318 486 3383 Duo
523 3340 760 3404 genera
795 3330 946 3384 sunt
969 3320 1342 3386 vitiosarum
1368 3320 2017 3406 argumentationum:
2052 3341 2271 3397 unum,
2307 3315 2377 3370 20

214 3410 387 3494 quod
433 3412 514 3476 ab
550 3412 913 3478 adversario
954 3414 1334 3501 reprehendi
1374 3423 1616 3500 potest,
1669 3413 1737 3477 id
1781 3415 1953 3498 quod
2002 3389 2341 3501 pertinet³

214 3505 298 3570 ad
323 3525 611 3583 causam3
650 3507 935 3584 alterum,
973 3508 1165 3591 quod3
1202 3507 1459 3574 tametsi
1484 3507 1890 3593 nugatorium
1918 3519 2035 3585 est,
2061 3518 2271 3572 tamen

211 3621 345 3664 non
385 3597 632 3684 indiget
671 3600 1206 3710 reprehensionis.
1299 3597 1493 3686 [quae
1529 3601 1681 3678 sint,
1730 3623 1892 3684 quae
1932 3600 2275 3710 reprehen-

213 3692 393 3758 sione
443 3692 760 3758 confutari
819 3695 1184 3774 conveniat,
1228 3716 1413 3806 ‘quae
1460 3693 1652 3759 tacite
1716 3694 2033 3761 contemni
2085 3704 2271 3778 atque

211 3786 398 3851 vitari
435 3787 572 3852 sine
606 3787 1128 3874 reprehensione,
1181 3788 1307 3856 11101
1342 3788 1635 3874 exempla
1680 3789 2036 3864 subiecer0,
2088 3786 2271 3851 intel-

210 3878 427 3966 legere
480 3881 752 3948 dilucide
805 3905 936 3948 non
985 3883 1245 3969 poteris.
1352 3884 1513 3948 haec
1564 3883 1841 3968 cognitio
1903 3881 2272 3948 vitiosarum

211 3977 830 4061 argumentationum
866 3977 1184 4064 duplicem
1216 3976 1554 4043 utilitatem
1590 3976 1860 4056 adferet,
1897 4000 2046 4041 nam
2080 3986 2146 4042 et
2179 3976 2272 4040 vi-

210 4079 346 4134 tare
381 4069 449 4134 in
484 4072 1027 4158 argumentatione
1063 4072 1286 4139 vitium
1319 4070 1713 4149 admonebit,
1750 4082 1816 4137 et
1851 4071 1932 4137 ab
1968 4071 2106 4138 aliis
2141 4091 2272 4135 non
