2784 4575
460 211 592 280 280
1069 217 1153 275 M.
1193 216 1467 276 TULLII
1502 213 1903 274 CICERONIS

467 347 798 422 Socrates,
853 339 1077 427 quod
1054 363 1114 406 is
1147 341 1579 426 Anaxagorae
1618 337 1871 425 physici
1912 337 2106 404 fuerit
2149 339 2428 420 auditor3
2490 366 2532 409 a

462 461 592 526 quo
630 434 904 526 [censet]
943 457 1094 501 eum
1127 454 1273 499 cum
1307 433 1435 498 alia
1474 431 1801 522 praeclara
1826 432 2142 517 quaedam
2176 443 2243 498 et
2274 435 2529 520 magni-

461 534 586 610 fica
618 530 949 608 didicisse,
1001 539 1138 594 tum
1181 527 1445 592 uberem
1484 536 1550 592 et
1582 525 1927 592 secundm
1968 525 2171 592 fuisse
2222 549 2531 613 gnarum-

463 649 615 711 que,
679 623 853 709 quod
901 632 1002 688 est
1050 619 1449 706 eloquentiae
1498 619 1875 698 maximum,
1938 618 2167 704 quibus
2220 621 2526 688 orationis

461 718 670 785 modis
707 737 998 803 quaeque
1033 715 1388 780 animorum
1429 724 1645 801 partes
1678 713 2093 801 pellerentur.
2146 715 2318 798 quod
2352 715 2527 783 idem

463 813 545 878 de
577 811 1020 878 Demosthene
1063 807 1413 874 existimari
1453 817 1695 894 potest,
1750 807 1930 872 cuius
1966 829 2050 873 ex
2092 807 2444 894 epistulis
2425 833 2528 875 m-

385 931 438 973 16
463 905 680 992 tellegi
711 905 861 970 11001
901 925 1092 987 quam
1145 902 1445 985 frequens
1490 899 1682 965 fuerit
1712 900 2002 966 Platonis
2050 901 2317 968 auditor.
2401 925 2527 970 1100

393 1059 396 1062 ,
463 1021 616 1066 vero
679 998 816 1064 sine
875 995 1400 1084 philosophorum
1468 994 1805 1081 disciplina
1860 1017 2065 1081 genus
2121 1006 2187 1060 et
2246 996 2528 1083 speciem

463 1093 767 1176 cuiusque
791 1089 886 1156 rei
911 1111 1187 1167 cernere,
1220 1109 1431 1173 neque
1465 1110 1627 1153 eam
1642 1089 1999 1156 definiendo
2034 1089 2370 1176 explicare,
2404 1115 2528 1158 1100

463 1183 792 1252 tribuere
771 1208 839 1248 m
873 1183 1071 1270 partis
1107 1204 1473 1269 possumus,
1508 1201 1629 1246 nec
1662 1181 1941 1248 iudicare
1976 1204 2138 1267 quae
2173 1206 2327 1250 vera
2361 1206 2527 1270 quae

460 1281 630 1344 falsa
663 1277 810 1355 sint,
858 1298 1066 1360 neque
1117 1297 1378 1341 cernere
1431 1276 1911 1359 consequentia,
1962 1277 2387 1364 repugnantia
2428 1279 2528 1343 vi-

464 1373 634 1450 dere,
671 1369 972 1456 ambigua
1005 1369 1414 1456 distinguere.
1486 1369 1640 1453 quid
1673 1369 1881 1434 dicam
1914 1370 1997 1434 de
2030 1381 2261 1437 natura
2290 1393 2528 1451 rerum,

466 1466 645 1530 cuius
691 1463 969 1550 cognitio
1014 1485 1315 1548 magnam
1357 1463 1661 1530 orationis
1708 1463 2074 1550 suppeditat
2114 1464 2389 1550 copiam,
2444 1466 2529 1532 de

463 1558 623 1636 vita,
676 1557 760 1622 de
795 1556 1051 1634 officiis,
1107 1555 1188 1621 de
1222 1555 1487 1634 virtute,
1538 1556 1620 1621 de
1666 1557 1951 1622 moribus
1985 1581 2117 1624 non
2153 1558 2290 1624 sine
2324 1559 2530 1626 multa

463 1674 682 1718 earum
729 1650 1016 1737 ipsarum
1072 1671 1287 1715 rerum
1345 1649 1683 1735 disciplina
1732 1660 1841 1714 aut
1892 1649 2017 1716 dici
2070 1661 2179 1716 aut
2240 1650 2527 1740 intellegi

396 1744 433 1797 5
415 1747 699 1856 7posse?
750 1747 833 1811 ad
883 1747 1000 1811 has
1057 1755 1150 1810 tot
1201 1755 1539 1831 tantasque
1588 1766 1692 1810 res
1746 1745 2107 1812 adhibenda
2150 1759 2299 1813 sunt
2337 1769 2525 1815 orna·

388 1817 682 1907 1⁷menta
711 1841 1221 1918 innumerabilia3
1263 1837 1455 1924 [quae
1491 1840 1629 1906 sola
1662 1850 1797 1906 tum
1832 1839 2089 1925 quidem
2114 1843 2523 1908 tradebantur

465 1937 549 2001 ab
568 1936 680 2014 eis,
701 1936 810 2019 qui
829 1934 1080 2000 dicendi
1105 1935 1598 2000 numerabantur
1614 1935 1903 2021 magistri
1910 1933 1961 2022 3]
1984 1958 2110 2020 quo
2127 1938 2197 2004 fit
2215 1948 2283 2002 ut
2300 1959 2515 2002 veram

426 2030 640 2094 illam
674 2041 740 2095 et
773 2029 1128 2098 absolutam
1160 2029 1589 2112 eloquentiam
1622 2052 1811 2096 nemo
1846 2043 2285 2118 consequatur,
2340 2032 2514 2116 quod

467 2122 592 2186 alia
633 2121 1070 2207 intellegendi,
1126 2122 1250 2186 alia
1295 2122 1545 2188 dicendi
1598 2123 1932 2211 disciplina
1974 2139 2098 2205 est,
2150 2136 2213 2190 et
2248 2125 2327 2190 ab
2372 2124 2517 2189 aliis

390 2243 440 2282 18
465 2235 704 2292 rerum,
759 2215 841 2281 ab
877 2215 1016 2281 aliis
1053 2216 1390 2282 verborum
1427 2217 1713 2284 doctrina
1748 2219 2086 2317 quaeritur.
2170 2219 2383 2305 itaque
2416 2218 2515 2284 M.

463 2308 814 2387 Antonius,
868 2310 972 2375 cui
1005 2310 1109 2377 vel
1143 2311 1378 2398 primas
1426 2313 1821 2399 eloquentiae
1863 2325 2119 2402 patrum
2160 2327 2521 2382 nostrorum

461 2404 777 2470 tribuebat
812 2416 1014 2485 aetas,
1039 2400 1198 2489 [vir
1239 2418 1467 2474 natura
1499 2421 1837 2497 peracutus
1875 2419 1939 2476 et
1970 2410 2272 2497 prudens,
2277 2408 2359 2497 ]
2340 2434 2407 2475 111
2441 2430 2517 2475 eo

460 2497 652 2576 libro,
689 2520 879 2583 quem
913 2522 1111 2566 unum
1143 2501 1416 2587 reliquit,
1454 2502 1723 2570 disertos
1760 2504 1850 2569 ait
1884 2527 1954 2569 se
1990 2503 2229 2569 vidisse
2262 2502 2516 2580 multos,

459 2593 858 2677 eloquentem
893 2594 1148 2661 omnino
1182 2597 1529 2662 neminem:
1579 2595 1922 2684 [insidebat
1958 2596 2301 2663 videlicet'
2282 2620 2350 2662 m
2382 2596 2517 2661 eius

458 2698 672 2754 mente
709 2688 953 2775 species
990 2690 1408 2775 eloquentiae,
1446 2714 1638 2775 quam
1673 2693 1971 2759 cernebat
2006 2693 2237 2771 anime,
2271 2714 2343 2758 re
2377 2691 2521 2779 ipsa

457 2803 590 2846 non
633 2780 939 2870 videbat]
1029 2784 1126 2849 vir
1171 2797 1382 2851 autem
1428 2787 1732 2853 acerrimo
1784 2786 2041 2873 ingenio
2076 2822 2165 2833 —
2201 2786 2295 2851 sic
2348 2783 2519 2849 enim

458 2873 582 2937 fuit
610 2908 702 2923 —-
731 2876 935 2941 multa
987 2887 1053 2942 01
1102 2878 1171 2943 111
1224 2900 1294 2943 se
1348 2888 1413 2944 et
1461 2879 1530 2943 in
1584 2880 1721 2945 aliis
1778 2880 2147 2945 desiderans
2199 2879 2517 2944 neminem

384 2993 435 3033 19
459 2966 668 3053 plane,
707 2968 814 3051 qui
838 2980 1007 3035 10010
1039 2970 1343 3056 appellari
1371 2972 1671 3056 eloquens
1697 2982 1937 3058 posset,
1964 2969 2249 3035 videbat:
2289 2970 2519 3052 quodsi

457 3059 564 3125 ille
597 3082 718 3127 nec
763 3084 834 3127 se
869 3084 989 3127 nec
1021 3063 1105 3127 L.
1143 3060 1457 3133 Crassum
1508 3066 1904 3147 eloquentem
1936 3062 2234 3148 putabat,
2289 3061 2515 3125 habuit

456 3154 744 3242 profecto
807 3156 1326 3241 comprehensam
1387 3156 1597 3221 animo
1668 3156 1987 3238 quandam
2047 3154 2319 3219 formam
2383 3153 2519 3220 elo-

461 3248 779 3332 quentiae,
851 3249 952 3313 cui
1011 3246 1310 3329 quoniam
1372 3248 1529 3311 nihil
1592 3247 1833 3325 deerat,
1854 3276 1869 3291 =
1904 3270 2047 3327 eos,
2109 3245 2339 3332 quibus
2402 3247 2519 3313 ali-

461 3342 614 3426 quid
664 3353 772 3407 aut
821 3342 1003 3427 plura
1062 3339 1349 3419 deerant,
1412 3340 1482 3405 in
1542 3364 1685 3407 eam
1747 3342 2020 3408 formam
2078 3365 2209 3408 non
2266 3352 2518 3429 poterat

456 3435 796 3502 includere.
865 3431 1322 3521 investigemus
1374 3434 1547 3501 hunc
1604 3436 1823 3523 igitur,
1884 3437 2117 3517 Brute,
2182 3436 2239 3502 si
2288 3459 2518 3525 possu-

457 3552 630 3605 mus,
683 3546 870 3608 quem
919 3548 1268 3612 numquam
1321 3530 1482 3596 vidit
1529 3532 1882 3611 Antonius,
1934 3544 2047 3599 aut
2098 3532 2209 3617 qui
2258 3531 2515 3596 omnino

457 3620 668 3686 nullus
719 3639 1022 3704 umquam
1074 3621 1221 3689 fuit:
1286 3646 1478 3709 quem
1531 3626 1587 3691 si
1638 3626 1871 3693 imitari
1925 3638 2114 3712 atque
2163 3620 2516 3713 exprimere

457 3736 587 3780 non
637 3735 1009 3801 possumus,
1065 3717 1236 3801 quod
1285 3718 1392 3785 1110
1439 3719 1610 3785 1110111
1645 3721 1756 3787 vix
1798 3721 1918 3787 deo
1961 3742 2335 3787 concessum
2371 3739 2515 3783 esse

458 3808 736 3886 dicebat,
773 3818 839 3874 at
873 3810 1077 3895 qualis
1113 3834 1256 3878 esse
1291 3814 1548 3892 debeat,
1593 3815 1939 3902 poterimus
1974 3816 2246 3880 fortasse
2282 3812 2514 3877 dicere.

381 3928 434 3966 20
578 3902 734 3969 Tria
767 3915 918 3971 sunt
950 3906 1208 3974 omnino
1251 3930 1491 3995 genera
1543 3908 1822 3988 dicendi,
1877 3908 2161 3994 quibus
2141 3932 2210 3972 111
2246 3905 2513 3993 singulis

459 3993 715 4075 quidam
765 3998 1139 4080 floruerunt,
1189 4024 1509 4091 peraeque
1563 4014 1804 4082 autem,
1856 4002 1925 4067 id
1974 4000 2147 4087 quod
2196 4000 2512 4077 volumus,
