2784 4575
479 250 588 307 DE
621 247 932 305 PARTIT.
979 244 1378 303 ORATORIA
1413 244 1620 302 DIAL.
1656 244 1898 301 ιιι-69.
2077 232 2221 300 357-

160 374 310 441 bus.
401 371 584 438 tertio
617 380 830 437 autem
859 370 928 435 in
960 390 1219 457 genere,
1270 368 1338 432 in
1370 389 1497 453 quo
1530 367 1715 451 quale
1750 368 1834 433 sit
1866 365 2201 451 quaeritur,
2243 398 2297 443 ω

153 478 280 533 aut
313 466 396 531 de
437 466 767 531 honestate
803 473 912 530 aut
945 464 1024 529 de
1067 462 1333 527 utilitate
1366 470 1478 527 aut
1512 460 1592 527 de
1628 462 1941 545 aequitate
1992 460 2205 527 dicen-

167 558 324 623 dum
357 568 456 626 est
465 582 491 624 ει
536 557 616 623 de
650 556 979 622 honestate
1013 553 1124 633 sic,
1175 564 1248 619 ut
1289 553 1702 620 honestumne
1739 553 1823 619 sit
1852 576 1967 643 pro
2002 554 2203 621 amico

163 650 518 737 periculum
569 659 680 713 aut
726 648 1030 713 invidiam
1079 646 1319 725 subire3
1379 647 1461 711 de
1513 646 1778 713 utilitate
1830 657 2039 713 autem
2092 647 2206 727 sic,

168 755 242 808 ut
291 742 456 808 sitne
507 742 660 808 utile
709 741 778 807 in
824 763 894 805 re
943 739 1198 827 publica
1248 738 1745 805 administranda
1792 740 2059 819 versari3
2124 742 2205 807 de

159 835 488 919 aequitate
539 844 753 901 autem
803 834 920 911 sic,
973 843 1045 898 ut
1097 833 1259 899 sitne
1311 854 1581 915 aequum
1632 832 1866 899 amicos
1918 833 2215 935 cognatis

166 928 506 993 anteferre.
594 936 782 1009 atque
813 925 882 990 in
915 925 1037 991 hoc
1071 925 1294 991 eodem
1327 947 1590 1011 genere,
1641 926 1710 989 in
1745 947 1870 1009 quo
1906 927 2087 1009 quale
2124 916 2215 991 sit

167 1018 520 1105 quaeritur,
566 1018 841 1084 exoritur
875 1018 1047 1083 aliud
1080 1017 1399 1101 quoddam
1423 1017 1789 1104 disputandi
1812 1041 2045 1105 genus3
2078 1042 2208 1085 non

163 1111 345 1175 enim
378 1109 742 1197 simpliciter
776 1112 979 1176 solum
1013 1110 1331 1195 quaeritur
1365 1110 1517 1196 quid
1550 1110 1884 1176 honestum
1920 1111 2021 1189 sit,
2056 1112 2207 1195 quid

169 1203 354 1281 utile,
417 1202 574 1287 quid
624 1224 925 1286 aequum,
987 1203 1103 1269 sed
1153 1203 1344 1268 etiam
1402 1225 1486 1268 ex
1535 1204 1997 1291 comparatione
2057 1204 2208 1287 quid

171 1294 529 1371 honestius,
584 1293 738 1379 quid
767 1294 1012 1372 utilius,
1064 1294 1218 1378 quid
1251 1295 1542 1379 aequius,
1596 1306 1781 1379 atque
1826 1296 2013 1361 etiam
2056 1294 2209 1379 quid

169 1387 720 1464 honestissimum,
788 1388 944 1470 quid
1001 1387 1441 1465 utilissimum,
1510 1388 1663 1471 quid
1730 1388 2176 1471 aequissimum
2184 1411 2205 1465 3

169 1479 354 1544 cuius
389 1478 641 1565 generis
675 1479 784 1544 illa
819 1489 993 1557 sunt,
1045 1500 1206 1563 quae
1239 1480 1781 1565 praestantissima
1815 1482 1898 1546 sit
1932 1481 2205 1566 dignitas

173 1574 362 1638 vitae.
467 1583 656 1658 atque
707 1596 784 1639 ea
836 1574 1116 1657 quidem,
1181 1594 1342 1657 qnae
1405 1572 1563 1651 dixi,
1626 1574 1999 1659 cognitionis
2062 1582 2211 1637 sunt

167 1666 414 1731 omnia:
466 1677 713 1732 restant
759 1666 1050 1732 actionis:
1106 1666 1284 1731 cuius
1327 1666 1593 1731 alterum
1636 1676 1736 1731 est
1784 1664 2208 1753 praecipiendi

173 1782 411 1847 genus,
465 1761 638 1844 quod
687 1761 769 1825 ad
817 1760 1123 1825 rationem
1174 1760 1368 1825 officii
1418 1760 1716 1845 pertinet,
1775 1771 1849 1825 ut
1896 1780 2088 1843 quem⁴
2126 1758 2211 1823 ad

173 1852 436 1917 modum
469 1853 718 1920 colendi
753 1854 879 1918 sint
927 1862 1252 1939 parentes3
1303 1853 1590 1917 alterum
1623 1862 1833 1917 autem
1866 1852 1951 1917 ad
1984 1852 2211 1916 sedan-

175 1944 294 2010 dos
357 1947 598 2013 animos
663 1956 729 2011 et
787 1946 1066 2011 oratione
1135 1945 1480 2023 sanandOS,
1548 1954 1620 2008 ut
1676 1945 1743 2009 in
1808 1943 2207 2010 consolandis

174 2038 592 2117 maeroribus,
643 2047 716 2102 ut
745 2038 814 2102 in
854 2037 1178 2103 iracundia
1226 2037 1695 2122 comprimenda
1728 2046 1838 2101 aut
1878 2036 1947 2100 in
1988 2035 2209 2101 timore

173 2130 486 2197 demendo
523 2141 634 2195 aut
663 2131 731 2196 in
765 2131 1118 2219 cupiditate·
1139 2130 1497 2195 minuenda.
1568 2130 1669 2193 cui
1704 2130 1957 2212 quidem
1990 2128 2210 2214 generi

175 2221 558 2285 contrarium
607 2233 707 2287 est
757 2223 1120 2310 disputandi
1169 2245 1372 2308 genus
1428 2223 1512 2286 ad
1543 2222 1800 2287 eosdem
1830 2220 1973 2285 illos
2018 2219 2211 2285 animi

175 2322 417 2390 motus,
471 2315 700 2396 quod’
681 2338 750 2378 ιιι
793 2313 1230 2400 amplificanda
1279 2315 1558 2380 oratione
1610 2337 1799 2399 saepe
1848 2315 2209 2379 faciendum

179 2415 306 2482 est,
368 2403 472 2469 vel
521 2405 872 2490 gignendos
933 2407 1036 2476 vel
1096 2407 1521 2471 concitandos.
1624 2418 1811 2490 atque
1869 2406 2028 2470 haec
2076 2407 2211 2469 fere

177 2497 430 2585 partitio
483 2507 582 2564 est
631 2497 1172 2564 consultationum.
1271 2497 1352 2564 O.
1400 2499 1480 2563 F.
1534 2498 1829 2584 cognovi,
1882 2499 2001 2562 sed
2046 2518 2209 2579 quae
2244 2496 2315 2550 20

182 2591 267 2655 sit
297 2591 454 2656 ratio
488 2591 557 2654 in
590 2590 690 2654 his
731 2590 1090 2657 inveniendi
1139 2601 1205 2656 et
1236 2590 1611 2676 disponendi
1657 2589 1930 2674 requiro.
2018 2587 2097 2654 C.
2128 2591 2209 2655 P.

183 2682 360 2768 quid,
416 2693 486 2746 tu
520 2681 787 2748 aliamne
823 2705 1043 2750 censes
1079 2693 1145 2748 et
1175 2705 1304 2748 non
1341 2683 1633 2760 eandem,
1688 2703 1847 2766 quae
1882 2692 1983 2746 est
2015 2703 2211 2768 expo-

184 2776 332 2852 sita,
383 2787 456 2839 ιιι
487 2797 568 2840 ex
603 2774 842 2841 eisdem
870 2776 1026 2842 locis
1061 2777 1144 2842 ad
1175 2777 1367 2841 fidem
1402 2786 1467 2842 et
1500 2776 1584 2840 ad
1612 2774 2058 2840 inveniendum
2094 2775 2211 2838 du·-

171 2877 403 2938 ,cantur
452 2867 701 2933 omnia?
761 2869 1129 2936 conlocandi
1169 2879 1389 2935 autem
1439 2889 1601 2952 quae
1652 2879 1752 2934 εει
1810 2868 2097 2953 exposita
2144 2867 2212 2930 in

181 2961 322 3031 aliis
354 2961 542 3040 ratio,
579 2961 800 3026 eadem
832 2961 958 3026 huc
991 2963 1417 3028 transferetur.

305 3052 385 3120 G.
413 3053 493 3120 F.
531 3053 810 3142 Cognita
839 3054 1031 3142 igitur
1063 3055 1234 3122 omni
1262 3054 1697 3122 distributione
1729 3054 2211 3142 propositorum,

184 3170 515 3214 causarum
549 3151 734 3215 nobis
785 3172 1022 3236 genera
1055 3161 1119 3216 et
1151 3161 1489 3236 praecepta
1528 3159 1787 3214 restant.
1876 3145 1954 3213 C.
1988 3149 2067 3212 P.
2104 3146 2216 3210 ad-

188 3241 473 3305 modum=
533 3251 599 3306 et
649 3263 864 3308 earum
917 3243 1171 3327 quidem
1221 3244 1427 3310 forma
1474 3242 1711 3329 duplex
1760 3252 1887 3306 est:
1950 3261 2212 3323 quarum

191 3332 386 3396 altera
409 3331 885 3400 delectationem
913 3345 1186 3400 sectatur
1209 3335 1453 3400 aurium
1460 3360 1481 3414 3
1518 3334 1794 3412 alterius,
1820 3345 1893 3398 ut
1918 3332 2215 3408 obtineat,

189 3424 410 3510 probet
443 3434 508 3490 et
540 3425 771 3490 efficiat
805 3427 974 3510 quod
1007 3427 1164 3513 agit,
1215 3429 1420 3494 omnis
1466 3437 1565 3493 est
1614 3438 1912 3513 suscepta
1961 3435 2218 3490 conten·-

189 3516 301 3581 tio.
382 3515 596 3600 itaque
626 3517 785 3582 illud
834 3519 1121 3604 superius
1174 3519 1497 3586 exornatio
1548 3518 1798 3596 dicitur3
1852 3519 2023 3602 quod
2074 3539 2218 3581 cum

191 3608 388 3674 latum
435 3632 638 3696 genus
690 3632 832 3676 esse
881 3620 1093 3697 potest
1142 3633 1420 3695 saneque
1471 3611 1711 3676 varium
1722 3659 1741 3690 ‚
1794 3633 1991 3676 unum
2026 3633 2107 3674 ex
2139 3631 2217 3673 eo

190 3703 566 3788 delegimus,
619 3705 790 3788 quod
839 3704 924 3769 ad
969 3704 1318 3771 laudandos
1369 3705 1573 3772 claros
1618 3705 1786 3770 viros
1840 3702 2217 3788 suscipimus

189 3807 258 3860 et
298 3796 380 3861 ad
427 3797 746 3883 improbos
798 3798 1265 3885 vituperandos.
1350 3820 1555 3884 genus
1586 3799 1775 3864 ⁴enim
1826 3798 2070 3862 nullum
2120 3804 2221 3860 est

193 3889 514 3970 orationis,
551 3891 720 3976 quod
755 3903 862 3958 aut
893 3891 1148 3958 uberius
1184 3893 1268 3958 ad
1308 3891 1644 3958 dicendum
1678 3902 1788 3958 aut
1820 3891 2032 3956 utilius
2069 3888 2220 3954 civi-

191 3982 422 4062 tatibus
458 4007 601 4051 esse
633 3987 837 4072 possit
871 3997 980 4053 aut
1009 3986 1076 4051 in
1110 4008 1235 4071 quo
1277 3986 1483 4072 magis
1520 3997 1727 4054 orator
1758 3986 1827 4051 in
1861 3984 2220 4072 cognitione

2250 1684 2298 1725 6⁸1
