2784 4575
685 273 794 330 AD
833 275 892 329 Ο.
925 273 1396 332 HERENNIUM
1428 275 1565 332 1111.
1600 277 1843 334 36-38.
2214 269 2297 334 79

30 363 34 480 ‚i
229 401 772 475 demonstratura,
827 397 964 462 eius
999 397 1174 462 modi
1223 421 1360 464 rem
1396 421 1570 477 esse,
1614 410 1713 479 ut,
1768 423 1915 468 cum
1948 425 2091 470 eam
2126 423 2298 471 com-

30 493 32 514 Ξ
225 497 410 563 muni
445 494 643 562 verbo
689 493 1055 579 appellaris,
1108 492 1312 558 levius
1357 495 1595 563 dixisse
1640 495 1941 576 videaris,
1996 521 2143 564 cum
2187 501 2300 564 ad-

232 589 530 656 fectatins
567 589 836 652 verbum
881 587 1168 664 accedat,
1220 587 1633 674 insigniorem
1674 612 1811 655 rem
1844 591 2073 657 facias:
2128 595 2299 678 quod

238 685 296 750 si
347 683 668 750 continuo
703 680 989 746 venisses
1043 681 1128 746 ad
1176 681 1248 745 id
1295 683 1589 762 verbum,
1642 705 1765 770 nec
1806 685 1900 750 rei
1948 707 2069 752 nec
2120 688 2297 752 verbi

235 779 442 865 gratia
479 776 922 841 animadversa
955 785 1147 841 esset.
2251 801 2273 833 v

358 870 724 938 Occultatio
776 878 904 946 est,
959 889 1104 932 cum
1139 869 1405 935 dicimus
1457 893 1576 936 nos
1628 872 1971 957 praeterire
2016 884 2127 938 aut
2168 896 2296 940 non
2330 874 2399 928 2⁷

236 966 402 1032 scire
455 975 580 1030 aut
613 963 784 1028 nolle
838 963 1047 1028 dicere
1088 962 1185 1041 id,
1248 965 1420 1048 quod
1460 987 1633 1032 nunc
1680 967 1955 1032 maxime
2006 967 2294 1046 dicimus,
2340 945 2390 986 ³⁷

234 1061 364 1126 hoc
394 1059 615 1124 modo·
671 1064 848 1123 ‘nam
883 1058 962 1122 de
995 1057 1267 1143 pueritia
1301 1059 1559 1141 quidem
1592 1070 1730 1139 tua,
1782 1083 1975 1146 quam
2020 1072 2091 1126 tu
2126 1064 2298 1128 omni

233 1153 528 1220 omnium
565 1151 1084 1240 intemperantiae
1139 1150 1465 1231 addixisti,
1521 1155 1821 1233 dicerem,
1874 1156 1932 1221 si
1974 1155 2097 1222 hoc
2138 1167 2297 1222 tem-

231 1271 360 1336 pus
394 1247 696 1315 idoneum
745 1257 1065 1333 putarem:
1118 1269 1288 1312 nunc
1335 1248 1623 1314 consulto
1673 1250 1989 1334 relinquo3
2042 1262 2109 1316 et
2139 1251 2299 1316 illud

229 1353 591 1430 praetereo,
631 1341 802 1426 quod
835 1351 898 1406 te
931 1341 1026 1406 rei
1058 1341 1344 1406 militaris
1379 1341 1843 1426 infrequentem
1876 1345 2293 1422 tradiderunt3

30 1521 32 1526 ³
231 1435 466 1502 deinde
503 1436 676 1520 quod
707 1434 1076 1500 iniuriarum
1111 1435 1264 1501 satis
1302 1434 1511 1500 fecisti
1544 1435 1627 1500 L.
1664 1437 1985 1516 Labeoni,
2018 1439 2178 1504 nihil
2214 1440 2296 1505 ad

30 1527 39 1634 l
228 1529 402 1595 hanc
463 1553 602 1594 rem
661 1528 978 1617 pertinere
1039 1539 1196 1614 puto
1205 1553 1226 1605 3
1287 1528 1517 1594 horum
1568 1529 1726 1592 nihil
1778 1530 1948 1595 dico:
2012 1543 2295 1597 revertor

30 1637 33 1650 ⁴
231 1625 320 1690 ad
351 1623 545 1702 illud,
599 1623 678 1687 de
713 1643 840 1706 quo
873 1622 1178 1688 iudicium
1222 1622 1359 1688 est.’
1449 1622 1631 1688 item:
1687 1629 1845 1688 ‘non
1890 1623 2058 1701 dico,
2114 1635 2178 1690 te
2214 1626 2295 1692 ab

231 1717 426 1783 sociis
459 1715 766 1804 pecunias
801 1715 1047 1802 cepisse
1057 1741 1076 1794 3
1131 1738 1262 1781 non
1295 1738 1441 1780 sum
1470 1716 1540 1780 in
1576 1738 1652 1781 εο
1698 1727 2070 1803 occu-patus,
2125 1719 2296 1801 quod

229 1811 556 1888 civitatee,
609 1832 836 1896 regna,
893 1810 1116 1876 domos
1159 1809 1443 1876 omnium
1496 1810 1907 1896 depeculatus
1948 1833 2051 1876 es:
2100 1811 2293 1890 furta,

227 1905 490 1992 rapinas
525 1915 670 1970 tuas
706 1904 910 1970 omnis
947 1904 1208 1970 omitto?
1297 1906 1457 1970 haec
1490 1905 1661 1970 utilis
1698 1915 1798 1970 est
1830 1904 2185 1983 exornatio,
2241 1907 2297 1971 si

231 2009 347 2066 ant
381 1999 465 2064 ad
497 2021 636 2064 rem
667 2021 798 2064 non
829 1998 1106 2084 pertinet
1137 1999 1388 2085 planius
1428 1999 1792 2077 ostendere,
1847 2000 2018 2084 quod
2052 1999 2295 2065 occulte

235 2091 646 2158 admonuisse
693 2093 982 2178 prodest,
1039 2103 1149 2156 aut
1181 2095 1238 2157 si
1269 2091 1535 2178 longum
1570 2103 1669 2158 est
1704 2103 1815 2158 aut
1864 2092 2143 2180 ignobile
2188 2104 2299 2158 aut

229 2187 500 2273 planum
529 2208 661 2251 non
702 2195 917 2271 potest
947 2185 1086 2250 fieri
1131 2195 1242 2249 aut
1282 2185 1469 2250 facile
1512 2196 1727 2272 potest
1766 2187 2171 2274 reprehendi3
2223 2197 2297 2250 ut

233 2279 456 2346 utilius
501 2279 584 2346 sit
633 2279 878 2347 occulte
921 2279 1152 2345 fecisse
1205 2280 1651 2367 suspitionem,
1697 2304 1889 2367 quam
1940 2283 2077 2349 eius
2123 2281 2297 2349 modi

233 2374 587 2441 intendisse
620 2375 996 2453 orationem,
1036 2396 1198 2459 quae
1229 2376 1666 2461 redarguatur.

355 2468 718 2535 Disiunctio
761 2479 887 2545 est,
943 2490 1092 2533 cum
1131 2490 1379 2545 eorum,
1436 2468 1517 2533 de
1560 2469 1789 2553 quibus
1835 2470 2129 2547 dicimus,
2186 2480 2297 2535 aut

234 2573 574 2647 utrumque
627 2574 740 2628 aut
789 2584 990 2627 unum
1048 2560 1327 2646 quidque
1391 2572 1563 2627 certo
1626 2565 2019 2628 concluditur
2078 2565 2293 2641 verbo,

237 2657 358 2722 sic:
397 2657 695 2745 ‘populus
729 2656 1062 2722 Romanus
1095 2655 1505 2722 Numantiam
1540 2656 1793 2734 delevit,
1826 2656 2310 2741 Karthaginem

235 2751 510 2829 sustulit,
549 2750 930 2817 Corinthum
963 2750 1239 2827 disiecit,
1273 2748 1606 2835 Fregellas
1644 2750 1886 2814 evertit.
1972 2750 2129 2814 nihil
2160 2750 2295 2814 Nu·-

233 2844 534 2911 mantinis
597 2845 765 2911 vires
827 2844 1107 2931 corporis
1171 2843 1507 2909 auxiliatae
1562 2852 1740 2920 sunt,
1797 2842 1954 2907 nihil
2012 2844 2295 2907 Kartha-

233 2939 632 3027 giniensibus
685 2938 952 3003 scientia
1009 2938 1102 3004 rei
1161 2937 1448 3003 militaris
1512 2936 1873 3003 adiumento
1926 2936 2074 3015 fuit,
2140 2937 2295 3002 nihil

236 3033 586 3101 Corinthiis
623 3034 871 3099 erudita
913 3033 1222 3099 calliditas
1273 3032 1577 3120 praesidii
1621 3032 1790 3110 tulit,
1843 3032 2000 3097 nihil
2032 3034 2302 3120 Fregel-'

231 3126 402 3193 lanis
435 3150 684 3193 morum
727 3138 792 3193 et
829 3128 1136 3193 sermonis
1195 3128 1467 3193 societas
1520 3126 1829 3213 opitulata
1871 3126 2008 3193 est!
2112 3127 2293 3192 item:

237 3220 511 3286 ‘formae
555 3221 832 3308 dignitas
871 3232 980 3287 aut
1021 3222 1242 3289 morbo
1279 3221 1641 3287 deflorescit
1684 3232 1793 3285 aut
1826 3231 2139 3287 vetustate
2186 3242 2296 3285 ex·-

235 3314 619 3400 stinguitur.'
709 3314 812 3379 hic
854 3326 1218 3399 utrumque,
1271 3315 1340 3379 in
1383 3315 1707 3401 superiore
1760 3314 2050 3401 exemplo
2102 3336 2295 3378 unam

234 3430 554 3493 quamque
587 3431 726 3473 rem
759 3419 932 3475 certo
965 3410 1160 3475 verbo
1205 3408 1497 3475 concludi
1540 3408 1849 3474 videmus.
1940 3408 2293 3473 coniunctio
2336 3430 2389 3471 aa

233 3511 363 3579 est,
407 3523 556 3567 cum
586 3501 1066 3589 interpositione
1100 3502 1280 3568 verbi
1314 3512 1380 3567 et
1413 3502 1773 3589 superiores
1816 3512 2029 3588 partes
2065 3501 2297 3566 oratio-

233 3594 336 3661 nis
381 3594 1003 3681 comprehenduntur
1055 3605 1122 3661 et
1169 3593 1531 3673 inferiores,
1582 3595 1707 3661 hoc
1748 3596 1967 3661 modo:
2024 3594 2294 3658 ‘formae

233 3689 515 3777 dignitas
548 3699 662 3755 aut
704 3691 928 3755 morbo
983 3690 1341 3755 deflorescit
1381 3700 1493 3753 aut
1534 3689 1889 3755 vetustate.’
1978 3686 2292 3752 adiunctio

233 3794 363 3861 est,
418 3804 567 3849 cum
617 3785 914 3861 verbum,
969 3806 1094 3867 quo
1147 3806 1252 3849 res
1297 3784 1879 3870 comprehenditur,
1928 3804 2059 3846 non
2101 3780 2297 3845 inter-

232 3878 532 3966 ponimus
543 3926 563 3955 ,
618 3880 734 3945 sed
779 3888 890 3943 aut
937 3876 1212 3965 primum
1263 3887 1374 3942 aut
1416 3886 1807 3964 post-remum
1860 3874 2291 3939 conlocamus:

233 3970 511 4059 primum
537 3971 660 4037 hoc
686 3982 903 4059 pactoz
942 3970 1330 4037 ‘deflorescit
1355 3970 1599 4037 formae
1626 3968 1901 4055 dignitas
1928 3980 2038 4033 aut
2069 3969 2291 4035 morbo

232 4074 345 4129 aut
377 4064 757 4155 vetustate3'
800 4076 1192 4156 postremum
1228 4064 1348 4131 sict
1407 4070 1547 4128 ‘aut
1578 4064 1801 4129 morbo
1837 4075 1945 4129 aut
1978 4073 2292 4129 vetustate
