2784 4575
535 273 659 340 160
1147 283 1224 339 M.
1265 281 1539 341 TULLn
1574 258 1977 338 CmE‘RoMs

528 409 790 496 plector,
821 403 1100 494 per‘inde,
1130 417 1201 472 ut
1228 405 1436 471 dicam
1464 405 1765 470 discenda
1792 427 1955 485 esse,
1993 403 2320 485 didicisse3
2360 405 2598 492 quippe

531 500 640 586 qui
690 501 974 567 omnium
1024 500 1391 566 maturrime
1445 498 1529 564 ad
1576 499 1867 586 publicas
1930 520 2158 564 causas
2214 501 2600 564 accesserim

530 618 856 681 annosque
908 606 1097 661 natus
1141 617 1343 660 unum
1374 605 1445 660 et
1477 593 1704 680 viginti
1754 593 2220 660 nobilissimum
2269 593 2603 659 hominem

529 702 596 758 et
645 689 1231 775 eloquentissimum
1273 689 1342 754 in
1382 687 1687 754 iudicium
1739 687 2017 754 vocarim
2024 713 2044 766 3
2098 687 2201 753 cui
2256 687 2603 775 disciplina

527 786 720 853 fuerit
769 786 1006 864 forum,
1057 783 1366 872 magister
1417 807 1573 850 usus
1610 794 1675 849 et
1708 783 1885 869 leges
1923 793 1991 848 et.
2030 782 2320 848 instituta
2370 784 2600 870 populi

432 907 486 948 τε
531 879 808 948 Romani
858 901 1126 963 mosque
1178 879 1509 946 maiorum.
1596 878 1859 965 paulum
1910 876 2130 942 sitiens
2182 875 2452 942 istarum
2495 901 2600 942 ar-

527 975 713 1053 tium,
768 974 848 1040 de
885 973 1114 1059 quibus
1159 973 1414 1057 loquor,
1468 971 1750 1058 gustavi,
1802 982 2102 1056 quaestor
2142 971 2213 1035 in
2244 970 2415 1036 Asia
2449 992 2598 1036 cum

527 1091 766 1148 essem,
841 1067 1172 1152 aequalem
1229 1067 1365 1132 fere
1436 1088 1651 1132 meum
1710 1089 1793 1132 ex
1851 1065 2207 1132 Academia
2272 1065 2597 1132 rhetorem

527 1175 781 1242 nactus,
833 1162 1278 1228 Metrodorum
1329 1161 1538 1240 illum,
1593 1161 1673 1228 de
1726 1159 1905 1226 cuius
1956 1160 2265 1227 memoria
2315 1182 2593 1226 comme-

527 1257 801 1324 moravit
848 1257 1173 1323 Antonius
1184 1281 1204 1335 ς
1257 1266 1324 1322 et
1372 1255 1523 1322 inde
1574 1255 1891 1322 decedens
1943 1255 2250 1333 Athenis,
2303 1255 2419 1322 ubi
2470 1278 2592 1342 ego

528 1349 763 1415 diutius
819 1372 1030 1416 essem
1080 1360 1392 1428 moratus,
1452 1349 1579 1415 nisi
1628 1348 2163 1427 Atheniensibus,
2228 1349 2403 1433 quod
2453 1373 2593 1434 my·-

527 1444 720 1510 steria
778 1467 909 1510 non
967 1445 1306 1523 referrent,
1380 1444 1464 1509 ad
1522 1465 1687 1528 quae
1747 1443 1941 1509 biduo
2004 1443 2206 1508 serius
2268 1465 2589 1520 venera-m,

528 1537 1065 1616 suscensuissem3
1129 1559 1258 1622 qua
1316 1559 1387 1603 re
1448 1537 1599 1615 hoc,
1671 1537 1845 1621 quod
1904 1537 2289 1623 complector
2348 1547 2592 1602 tantam

529 1631 856 1698 scientiam
893 1631 1145 1718 vimque
1181 1632 1530 1709 doctrinae,
1583 1653 1713 1697 non
1746 1631 1937 1696 modo
1971 1653 2102 1697 non
2133 1653 2250 1716 pro
2286 1653 2417 1709 me,
2475 1631 2593 1696 sed

530 1738 751 1794 contra
793 1749 898 1794 me
941 1738 1041 1792 est
1092 1726 1305 1813 potius
1337 1762 1429 1774 -—
1461 1748 1591 1792 non
1636 1725 1806 1791 enim
1857 1725 2012 1809 quid
2062 1747 2213 1812 ego,
2268 1725 2386 1790 sed
2436 1724 2593 1808 quid

532 1832 744 1888 orator
777 1821 987 1908 possit
1020 1820 1276 1907 disputo
1309 1855 1401 1868 —-—
1434 1830 1623 1904 atque
1659 1819 1778 1885 hos
1823 1819 2057 1897 omnis,
2112 1819 2220 1902 qui
2256 1819 2405 1884 artis
2440 1819 2593 1892 rhe-

527 1915 758 1981 toricas
803 1924 1132 2001 exponunt
1170 1909 1673 2001 [perridiculos],
1728 1913 2012 1978 scribunt
2063 1913 2229 1978 enim
2264 1913 2341 1977 de
2372 1912 2591 1976 litium

427 2031 484 2072 ve
525 2031 760 2094 genere
795 2019 860 2073 et
895 2008 973 2072 de
1004 2007 1332 2094 principiis
1369 2019 1436 2072 et
1470 2006 1550 2072 de
1576 2007 2039 2073 narrationibus
2051 2032 2069 2085 3
2106 2005 2211 2072 illa
2242 2005 2337 2070 vis
2362 2015 2593 2070 autem

526 2099 923 2184 eloquentiae
958 2110 1135 2164 tanta
1169 2111 1296 2178 est,
1352 2112 1427 2165 ut
1459 2099 1741 2166 omnium
1772 2123 2014 2179 rerum,
2070 2099 2393 2176 virtutum,
2440 2099 2591 2164 offi-

525 2194 766 2259 ciorum
816 2193 1150 2278 omnisque
1200 2203 1497 2273 naturae,
1552 2215 1715 2278 quae
1760 2215 1969 2260 mores
2015 2193 2367 2272 hominum,
2420 2214 2589 2278 quae

524 2287 797 2366 animos,
843 2310 1006 2373 quae
1042 2287 1240 2353 vitam
1274 2287 1582 2368 continet,
1627 2287 1964 2376 originem,
2010 2287 2140 2353 vim
2173 2287 2585 2354 mutationes-

523 2404 647 2467 que
683 2393 923 2461 teneat,
960 2383 1187 2449 eadem
1219 2406 1461 2461 mores,
1500 2384 1710 2471 leges,
1746 2384 1885 2453 iura
1920 2384 2265 2463 describat,
2299 2406 2435 2449 rem
2466 2406 2584 2469 pu-

520 2476 754 2543 blicam
803 2487 1013 2565 regat,
1069 2478 1310 2558 omnia,
1364 2501 1529 2564 quae
1575 2478 1659 2543 ad
1702 2500 2163 2563 quamcumque
2212 2501 2352 2545 rem
2390 2478 2584 2565 perti-

426 2592 479 2633 τι
521 2582 734 2651 neant,
769 2583 990 2639 ornate
1019 2574 1401 2661 copioseque
1436 2574 1635 2652 dicat3
1670 2573 1737 2638 in
1772 2595 1897 2658 quo
1924 2596 2157 2661 genere
2184 2598 2301 2640 nos
2329 2574 2583 2659 quidem

521 2688 852 2731 versamur
886 2676 1163 2746 tantum,
1211 2677 1519 2753 quantum
1552 2690 1926 2755 possumne,
1966 2679 2270 2753 quantum
2303 2668 2579 2755 ingeni0,

521 2770 829 2842 quantum
862 2760 1164 2828 mediocri
1209 2762 1527 2841 doctrina,
1582 2772 1889 2846 quantum
1930 2784 2053 2827 usu
2101 2762 2419 2841 valemus3
2469 2784 2582 2827 ne-

407 2884 412 2887 ·
519 2872 646 2935 que
680 2864 894 2919 tamen
943 2854 1113 2932 istis,
1167 2855 1277 2940 qui
1310 2853 1378 2921 in
1423 2880 1553 2923 una
1600 2856 2004 2944 philosophia
2054 2855 2240 2941 quasi
2290 2858 2583 2922 taberna-

519 2944 734 3011 culum
767 2948 937 3013 vitae
981 2970 1135 3013 suae
1189 2950 1627 3029 conlocarunt,
1680 2951 1949 3017 multum
1994 2973 2147 3016 sane
2188 2949 2258 3015 in
2300 2950 2582 3037 disputa-

411 3030 484 3142 ξέ
521 3039 691 3105 tione
726 3040 1153 3107 concedimus.
1226 3044 1380 3128 quid
1417 3044 1587 3109 enim
1619 3067 1800 3111 meus
1829 3043 2155 3110 familiaris
2184 3041 2265 3110 C.
2293 3042 2579 3112 Velleius

520 3133 769 3200 adferre
801 3144 1041 3221 potest,
1098 3156 1290 3219 quam
1325 3138 1409 3204 ob
1461 3161 1599 3204 rem
1642 3139 1936 3232 voluptas
1982 3138 2066 3204 sit
2116 3160 2435 3204 summum
2468 3137 2582 3202 bo-

516 3250 690 3305 num,
727 3228 899 3314 quod
933 3251 1054 3315 ego
1087 3252 1218 3295 non
1255 3232 1575 3318 copiosius
1610 3234 1855 3320 possim
1890 3232 1992 3299 vel
2028 3232 2235 3311 tutari,
2274 3232 2330 3298 si
2364 3232 2578 3309 velim,

517 3321 622 3387 vel
655 3321 944 3387 refellere
979 3344 1064 3387 ex
1105 3322 1231 3389 illis
1277 3323 1467 3405 locis,
1522 3348 1682 3411 quos
1727 3326 2021 3414 exposuit
2051 3325 2405 3404 Antonius,
2459 3325 2579 3391 hac

519 3415 770 3482 dicendi
821 3416 1299 3497 exercitatione,
1360 3419 1429 3484 in
1480 3442 1609 3505 qua
1657 3421 1943 3489 Velleius
1996 3432 2097 3487 est
2145 3421 2351 3499 rudis,
2412 3444 2578 3485 unus

517 3512 786 3597 quisque
817 3522 1108 3578 nostrum
1142 3518 1473 3600 versatus?
1508 3516 1663 3602 quid
1697 3528 1814 3596 est,
1849 3518 2023 3602 quod
2057 3529 2167 3584 aut
2203 3515 2355 3583 Sex.
2382 3516 2579 3583 Pom-

515 3606 698 3692 peius
736 3615 846 3672 aut
879 3606 1005 3699 duo
1040 3606 1234 3673 Balbi
1269 3620 1380 3674 aut
1414 3633 1595 3677 meus
1634 3610 1905 3689 amicus,
1945 3609 2053 3695 qui
2089 3629 2234 3676 cum
2267 3610 2577 3677 Panaetio

516 3698 704 3778 vixit,
755 3700 855 3765 M.
890 3701 1210 3787 Vigellius
1265 3702 1344 3767 de
1399 3704 1630 3770 virtute
1688 3702 2003 3793 [homines
2043 3701 2271 3791 Stoici]
2329 3704 2579 3791 possint

517 3793 754 3871 dicere,
809 3816 937 3879 qua
970 3793 1040 3886 ip
1075 3796 1504 3883 disputatione
1540 3820 1662 3885 ego
1700 3798 1799 3863 his
1848 3799 2115 3865 debeam
2148 3810 2261 3864 aut
2292 3809 2579 3865 vestrum

421 3908 476 3948 ¹19
519 3887 855 3970 quisquam
907 3890 1292 3955 concedere?
1343 3914 1475 3957 non
1526 3903 1627 3957 est
1678 3892 1846 3959 enim
1896 3891 2301 3980 philosophia
2354 3892 2577 3959 similis

518 3979 747 4043 artium
797 3981 1212 4065 reliquarum:
1276 4009 1427 4050 nam
1479 3986 1634 4069 quid
1690 3987 1883 4053 faciet
1932 3988 1999 4053 in
2057 3988 2408 4075 geometria
2468 3989 2581 4073 qui

487 4082 646 4130 ‘non
691 4071 1016 4139 didicerit?
1069 4078 1223 4159 quid
1264 4080 1328 4145 in
1374 4080 1672 4147 musicis?
1725 4092 1833 4147 aut
1874 4092 2079 4149 taceat
2116 4082 2432 4169 oportebit
2468 4098 2579 4149 aut
