2784 4575
356 1011 434 1052 24⁷

353 1841 432 1883 248

352 2494 428 2536 249

346 3716 424 3759 250

469 281 557 346 54
1083 293 1159 348 Μ.
1198 293 1471 350 TULLII
1506 291 1908 350 CICERONIS

471 418 612 504 quis
649 417 836 483 aliam
872 427 1070 482 artem
1107 415 1420 494 didicerit,
1472 427 1547 481 ut
1579 416 1744 482 hanc
1778 426 1980 482 artem
2014 417 2265 482 efficere
2298 418 2529 504 possit,

469 523 606 578 tum
647 534 791 578 esse
834 511 1010 576 illam
1063 521 1263 576 artem
1314 511 1621 589 futuram3
1674 510 1933 589 deinde,
1986 512 2159 594 quod
2202 511 2287 576 sit
2334 512 2533 598 plena

469 605 906 672 delectationis
913 631 933 684 3
977 605 1046 670 in
1080 625 1208 689 qua
1241 604 1357 670 tibi
1389 605 1717 670 remittunt
1750 627 1971 670 omnes
2006 605 2199 670 istam
2230 607 2531 692 volupta-

469 711 600 766 tem
635 710 700 766 et
733 722 811 764 ea
845 718 916 765 se
953 720 1164 764 carere
1197 699 1553 786 patiuntur3
1604 721 1726 764 nec
1768 699 2106 783 quisquam
2150 710 2253 764 est
2285 723 2531 780 eorum,

469 791 607 878 qui,
661 793 718 858 si
766 793 896 858 iam
949 792 1033 858 sit
1085 793 1494 860 ediscendum
1548 793 1669 858 sibi
1714 793 1981 877 aliquid,
2032 815 2163 859 non
2201 793 2529 858 Teucrum

466 887 734 974 Pacuvii
782 887 963 952 malit
1012 909 1203 972 quam
1243 887 1630 952 Manilianas
1682 887 2000 953 venalium
2051 887 2530 954 vendendorum

467 980 645 1068 leges
699 981 1008 1067 ediscere3
1063 992 1197 1046 tum
1251 991 1465 1046 autem
1520 982 1692 1067 quod
1742 1004 1955 1047 amore
2005 982 2248 1067 patriae
2298 1004 2525 1048 censes

467 1097 586 1142 nos
619 1086 980 1141 nostrorum
1012 1075 1325 1140 maiorum
1356 1076 1617 1140 inventa
1648 1098 1841 1141 nosse
1877 1075 2136 1154 debere,
2180 1097 2310 1154 non
2342 1075 2528 1140 vides

469 1181 716 1236 veteres
768 1168 946 1256 leges
1003 1180 1113 1235 aut
1169 1168 1344 1255 ipsas
1398 1192 1519 1234 sua
1577 1179 1893 1234 vetustate
1954 1169 2361 1234 consenuisse
2414 1180 2529 1234 aut

467 1263 652 1328 novis
687 1263 936 1348 legibus
973 1285 1118 1330 esse
1154 1263 1478 1329 sublatas?
1527 1265 1701 1347 quod
1734 1287 1885 1328 vero
1928 1263 2100 1328 viros
2152 1264 2345 1328 bonos
2378 1263 2527 1328 iure

467 1357 636 1422 civili
667 1357 804 1422 fieri
836 1369 1054 1444 putas,
1109 1358 1258 1441 quia
1308 1357 1557 1444 legibus
1604 1368 1671 1422 et
1704 1357 1987 1444 praemia
2034 1357 2355 1442 proposita
2390 1357 2534 1421 sint

467 1451 804 1516 virtutibus
841 1462 908 1518 et
941 1452 1253 1539 supplicia
1295 1453 1463 1518 vitiis
1476 1502 1495 1531 ,
1549 1452 1844 1537 equidem
1885 1454 2189 1539 putabam
2224 1451 2529 1517 virtutem

467 1545 826 1611 hominibus
837 1594 856 1624 ,
911 1547 966 1611 si
1006 1547 1198 1612 modo
1241 1547 1407 1612 tradi
1448 1546 1691 1612 ratione
1744 1546 1977 1633 possit,
2028 1545 2417 1610 instituendo
2460 1556 2527 1611 et

464 1641 928 1726 persuadendO,
963 1664 1094 1707 non
1127 1641 1316 1708 minis
1353 1651 1419 1706 et
1454 1641 1519 1706 vi
1554 1663 1631 1705 ac
1663 1651 1839 1706 metu
1870 1640 2056 1706 tradi.
2126 1663 2277 1704 nam
2310 1640 2527 1725 ipsum

468 1734 722 1817 quidem
753 1734 912 1799 illud
945 1735 1140 1800 etiam
1177 1736 1312 1801 sine
1339 1735 1699 1821 cognitione
1732 1733 1910 1811 iuris,
1948 1755 2141 1817 quam
2176 1733 2261 1797 sit
2282 1733 2527 1798 bellum

467 1849 691 1894 cavere
725 1829 993 1906 malum,
1049 1830 1210 1894 seire
1242 1851 1608 1914 possumus.
1698 1829 1779 1910 de
1813 1850 1916 1894 me
1952 1838 2165 1892 autem
2197 1826 2379 1913 ipso,
2418 1827 2525 1892 cui

465 1921 576 1987 uni
611 1933 680 1986 tu
715 1922 1040 1999 concedis,
1093 1933 1166 1986 ut
1201 1923 1338 1986 sine
1371 1923 1507 1987 ulla
1538 1923 1693 1987 iuris
1748 1921 2013 1986 scientia
2056 1931 2268 1986 tamen
2312 1922 2523 1986 causis

467 2014 620 2079 satis
657 2015 868 2079 facere
900 2013 1172 2098 possim,
1217 2015 1332 2078 tibi
1365 2015 1516 2093 hoc,
1566 2014 1833 2094 Crasse,
1884 2015 2268 2102 responden,
2312 2024 2523 2099 neque

463 2130 568 2173 me
601 2129 904 2190 umquam
937 2106 1036 2172 ius
1082 2107 1266 2172 civile
1313 2108 1611 2175 didicisse
1645 2131 1853 2194 neque
1896 2120 2109 2174 tamen
2142 2109 2211 2174 in
2245 2108 2339 2174 eis
2372 2131 2523 2174 cau-
2592 2150 2603 2156 ›

467 2199 575 2277 sis,
613 2219 770 2283 quas
804 2200 874 2263 in
901 2200 1038 2266 iure
1071 2224 1332 2289 possem
1367 2203 1729 2281 defendere,
1764 2225 2068 2289 umquam
2091 2203 2281 2268 istam
2316 2203 2523 2268 scien-

463 2293 619 2357 tiam
653 2293 1075 2374 desiderasse3
1131 2295 1301 2361 aliud
1336 2308 1437 2361 est
1470 2298 1639 2363 enim
1672 2319 1817 2363 esse
1854 2298 2157 2362 artificem
2191 2297 2523 2364 cuiusdam

463 2387 715 2475 generis
769 2400 958 2473 atque
1004 2390 1184 2468 artis,
1239 2390 1413 2456 aliud
1462 2392 1531 2457 in
1592 2392 1913 2457 communi
1970 2391 2103 2455 vita
2155 2402 2221 2456 et
2274 2390 2525 2501 volgari

465 2482 792 2549 hominum
825 2485 1280 2551 consuetudine
1313 2507 1435 2551 nec
1469 2485 1765 2553 hebetem
1798 2507 1919 2551 nec
1950 2487 2195 2551 rudem.
2264 2484 2365 2549 cui
2398 2508 2523 2551 ιιο-

465 2588 664 2643 strum
722 2578 874 2643 licet
931 2578 1162 2644 fundos
1215 2591 1469 2645 nostros
1532 2580 1707 2645 obire
1761 2590 1871 2644 aut
1926 2602 2032 2645 res
2095 2580 2359 2644 rusticas
2413 2580 2524 2644 vel

463 2672 705 2739 fructus
742 2693 936 2738 causa
967 2674 1071 2737 vel
1106 2673 1539 2739 delectationis
1574 2674 1887 2739 invisere?
1920 2684 2135 2739 tamen
2166 2694 2352 2737 nemo
2386 2682 2523 2737 tam

463 2766 599 2831 sine
642 2766 871 2845 oculis,
926 2778 1056 2831 tam
1102 2768 1238 2831 sine
1289 2778 1503 2833 mente
1546 2768 1733 2845 vivit,
1787 2778 1860 2832 ut
1900 2767 2054 2851 quid
2099 2766 2185 2831 sit
2218 2767 2520 2831 sementis

463 2880 539 2923 ac
569 2860 828 2937 messis,
867 2859 1020 2943 quid
1055 2862 1349 2928 arborum
1380 2860 1627 2947 putatio
1665 2882 1741 2925 ac
1775 2859 2025 2937 vitium,
2070 2882 2197 2943 quo
2234 2872 2524 2945 tempore

463 2950 613 3014 anni
647 2963 755 3017 aut
791 2974 916 3035 quo
951 2954 1142 3019 modo
1179 2978 1256 3019 ea
1296 2956 1453 3020 fiant
1504 2955 1763 3021 omnino
1805 2954 2078 3020 nesciat:
2130 2977 2286 3020 num
2326 2954 2523 3041 igitur

463 3042 520 3107 si
571 3044 681 3127 qui
733 3045 968 3111 fundus
1028 3046 1461 3157 inspiciendus
1517 3061 1627 3114 aut
1680 3050 1737 3114 si
1789 3049 2219 3113 mandandum
2280 3047 2521 3132 aliquid

458 3140 852 3220 procuratori
895 3141 974 3205 de
1028 3141 1166 3227 agri
1219 3142 1464 3207 cultura
1516 3154 1628 3208 aut
1675 3143 2115 3229 imperandum
2166 3141 2348 3205 vilico
2393 3152 2519 3219 est,

457 3228 760 3315 Magonis
795 3233 1350 3319 Karthaginiensis
1408 3248 1556 3301 sunt
1598 3236 1745 3301 libri
1786 3235 2212 3323 perdiscendi,
2264 3256 2347 3297 an
2388 3232 2517 3297 hac

459 3324 778 3387 communi
811 3325 1241 3413 intellegentia
1275 3330 1553 3395 contenti
1588 3352 1733 3395 esse
1777 3330 2161 3416 possumus?
2212 3349 2324 3392 cur
2358 3348 2535 3435 ergo

457 3439 588 3483 non
623 3416 882 3483 eidem
863 3442 930 3483 ιιι
963 3419 1097 3485 iure
1143 3420 1340 3499 civili,
1394 3424 1769 3509 praesertim
1814 3445 1959 3487 cum
1992 3423 2061 3487 in
2106 3421 2315 3487 causis
2352 3431 2419 3486 et
2450 3421 2522 3485 ιιι

455 3510 729 3598 negotiis
765 3522 831 3577 et
861 3511 930 3580 in
962 3513 1102 3579 foro
1155 3527 1580 3595 conteramur,
1638 3517 1792 3582 satis
1848 3515 2142 3581 instructi
2188 3538 2334 3581 esse
2366 3536 2519 3600 pos-

461 3627 677 3670 sumus
725 3606 808 3671 ad
849 3604 972 3673 hoc
1016 3607 1374 3687 dumtaxat,
1429 3634 1511 3676 ne
1562 3610 1629 3675 in
1672 3620 1893 3677 nostra
1940 3608 2150 3696 patria
2196 3606 2519 3705 peregrini

459 3708 647 3781 atque
684 3700 968 3765 advenae
1003 3724 1148 3767 esse
1184 3703 1551 3769 videamur?
1587 3726 1662 3769 ac
1698 3703 1753 3769 si
1788 3704 1917 3769 iam
1954 3703 2038 3769 sit
2072 3725 2270 3769 causa
2304 3700 2521 3785 aliqua

458 3792 540 3857 ad
583 3815 700 3859 nos
747 3793 958 3861 delata.
1003 3796 1356 3876 obscurior,
1414 3798 1703 3876 difficile,
1757 3800 1975 3877 credo,
2032 3797 2141 3876 sit,
2196 3818 2341 3862 cum
2390 3795 2519 3860 hoc

459 3882 772 3951 Scaevola
805 3889 1298 3968 communicare3
1351 3912 1737 3975 quamquam
1769 3892 1897 3978 ipsi
1948 3892 2188 3969 omnia,
2244 3912 2517 3974 quorum

457 3978 782 4060 negotium
817 3993 940 4059 est,
978 3983 1267 4047 consulta
1303 3984 1384 4047 ad
1418 4006 1537 4049 nos
1575 3996 1639 4051 et
1674 3986 1991 4070 exquisita
2024 3985 2337 4051 deferunt.
2429 4005 2515 4047 an

458 4086 629 4143 vero,
667 4070 724 4133 si
758 4072 838 4135 de
869 4095 938 4138 re
972 4074 1134 4160 ipsa,
1172 4074 1227 4139 si
1261 4076 1340 4141 de
1373 4076 1623 4158 finibus,
1662 4100 1807 4143 cum
1838 4080 1906 4145 in
1938 4102 2074 4147 rem
2104 4086 2513 4163 praesentem

2758 1000 2765 1084 Α...
2763 933 2764 950 μ
