2784 4575
987 239 1271 296 TOPIGA
1304 241 1450 296 88—
1462 240 1546 296 96.
2165 228 2297 310 395

232 368 536 434 defensor
572 365 811 450 aliquid
846 374 1125 451 opponat
1160 362 1239 428 de
1284 363 1518 428 tribus:
1572 373 1683 430 aut
1714 387 1844 429 non
1878 387 2022 430 esse
2057 364 2295 432 factum

235 472 375 541 aut,
438 461 493 527 si
527 460 769 525 factum
804 459 915 538 sit,
970 457 1141 522 aliud
1179 457 1315 522 eius
1368 457 1524 522 facti
1570 475 1806 523 'nomen
1841 479 1986 524 esse
2021 471 2131 525 aut
2162 460 2296 528 iure

236 577 385 621 esse
420 555 689 634 factum3
742 553 957 638 itaque
994 562 1103 618 aut
1133 550 1415 616 infitialis
1471 561 1583 618 aut
1623 550 2062 618 coniecturalis
2096 552 2300 639 prima

236 649 623 736 appelletur,
679 647 1005 714 definitiva
1056 645 1281 724 altera,
1344 645 1556 723 tertia,
1617 646 1912 730 quamvis
1962 647 2301 714 molestum

234 765 477 809 nomen
528 742 653 808 hoc
706 741 833 820 sit,
882 739 1249 807 iuridicialis
1302 750 1585 807 vocetur.
1689 738 1914 806 harum
1965 761 2299 832 causarum
2331 753 2405 808 25

232 837 497 925 propria
528 845 905 923 argumenta
938 857 1021 901 ex
1054 834 1147 900 eis
1178 844 1434 921 sumpta
1466 832 1644 912 locis,
1683 857 1842 920 quos
1870 834 2300 921 exposuimus,

234 933 307 996 in
358 929 715 1018 praeceptis
769 927 1059 995 oratoriis
1116 929 1432 1016 explicata
1483 938 1650 993 sunt.
1737 929 2036 995 refutatio
2090 939 2302 995 autem

239 1022 661 1090 accusationis
675 1071 695 1100 ,
747 1023 815 1087 in
848 1044 977 1107 qua
1010 1033 1111 1088 est
1155 1021 1444 1108 depulsio
1489 1021 1799 1100 criminis,
1857 1044 2020 1107 quae
2056 1021 2302 1091 Graece

240 1117 479 1196 στάσις
503 1116 773 1193 dicitur,
820 1115 1174 1204 appelletur
1206 1115 1444 1182 Latine
1482 1125 1714 1182 status:
1766 1117 1834 1182 in
1870 1137 1995 1200 quo
2029 1116 2303 1202 primum

236 1213 481 1280 insistit
530 1211 716 1296 quasi
768 1212 852 1276 ad
899 1210 1386 1298 repugnandum
1433 1233 1777 1298 congressa
1813 1211 2119 1276 defensio·
2210 1222 2303 1276 at-

240 1329 369 1392 que
402 1307 471 1370 in
506 1304 1063 1371 deliberationibus
1123 1304 1313 1370 etiam
1359 1314 1422 1370 et
1451 1301 1918 1371 laudationibus
1947 1305 2155 1370 eidem
2190 1327 2302 1370 ex-

238 1401 475 1465 sistunt
510 1409 741 1478 status3
776 1422 927 1464 nam
960 1408 1027 1464 et
1059 1408 1373 1485 negantur
1409 1421 1600 1484 saepe
1635 1421 1714 1464 ea
1746 1399 1986 1476 futura,
2023 1420 2184 1482 quae
2221 1401 2302 1464 ab

240 1493 455 1578 aliquo
490 1493 559 1558 in
595 1493 911 1559 sententia
960 1492 1131 1558 dicta
1174 1503 1325 1558 sunt
1374 1493 1541 1570 fore,
1598 1493 1654 1558 si
1699 1504 1809 1558 aut
1859 1493 2112 1559 omnino
2165 1492 2304 1557 fieri

238 1609 372 1668 non
420 1597 694 1674 possunt
746 1597 857 1651 aut
909 1587 1047 1652 sine
1100 1608 1350 1652 summa
1403 1585 1773 1650 difficultate
1823 1609 1954 1652 non
2002 1595 2299 1672 possunt,

234 1682 307 1748 in
358 1703 485 1766 qua
534 1681 1077 1767 argumentatione
1132 1691 1335 1747 status
1372 1680 1811 1746 coniecturalis
1866 1679 2146 1758 exsistit3
2193 1690 2303 1744 aut

246 1797 393 1840 cum
438 1774 675 1861 aliquid
718 1774 800 1840 de
843 1774 1141 1853 utilitate,
1197 1774 1561 1852 honestate,
1617 1774 1932 1859 aequitate
1976 1773 2304 1839 disseritur

238 1869 401 1939 deve
436 1870 528 1936 eis
562 1871 783 1950 rebus,
820 1891 983 1955 quae
1016 1868 1117 1934 his
1154 1880 1304 1937 sunt
1338 1869 1707 1946 contrariae,
1742 1869 2070 1936 incurrunt
2102 1877 2302 1933 status

240 1973 353 2030 aut
383 1962 539 2028 iuris
576 1973 687 2029 aut
718 1962 1024 2041 nominis3
1071 1962 1243 2047 quod
1276 1963 1449 2028 idem
1485 1963 1793 2050 ‘contingit
1827 1961 1895 2026 in
1927 1961 2305 2026 laudationi-

239 2057 394 2126 bus.
447 2079 599 2123 nam
634 2068 745 2122 aut
776 2058 998 2145 negari
1031 2067 1246 2168 potest
1276 2058 1347 2122 id
1380 2058 1620 2125 factum
1655 2080 1828 2135 esse,
1883 2057 2054 2140 quod
2085 2054 2305 2120 laude-

238 2162 371 2230 tur,
424 2163 536 2217 aut
574 2175 705 2219 non
748 2176 825 2219 eo
877 2151 1132 2220 nomine
1186 2153 1640 2230 adficiendum,
1697 2175 1821 2237 quo
1867 2150 2158 2216 laudator
2193 2149 2304 2214 ad-

238 2245 490 2325 fecerit,
544 2256 655 2313 aut
688 2245 945 2314 omnino
981 2270 1112 2314 non
1148 2269 1291 2315 esse
1334 2246 1684 2326 laudabile,
1742 2245 1912 2331 quod
1945 2267 2076 2312 non
2107 2253 2300 2323 recte,

239 2362 371 2413 non
402 2339 539 2406 iure
572 2341 815 2407 factum
850 2342 960 2420 sit3
1018 2342 1247 2426 quibus
1302 2342 1595 2407 omnibus
1631 2342 1971 2428 generibus
2009 2362 2166 2405 usus
2203 2350 2304 2405 est

239 2432 429 2500 nimis
481 2434 881 2522 impudenter
935 2433 1179 2501 Caesar
1233 2446 1456 2502 contra
1499 2432 1814 2501 Catonem
1865 2456 2095 2501 meum.
2187 2432 2303 2497 sed

242 2550 405 2611 quae
442 2552 523 2595 ex
559 2539 729 2594 statu
765 2530 1085 2597 contentio
1122 2530 1393 2595 efficitur
1406 2578 1426 2608 ,
1481 2552 1623 2595 eam
1660 2528 1893 2595 Graeci
1925 2524 2302 2615 κρινόμενον

243 2622 594 2709 appellant:
644 2623 801 2689 mihi
832 2624 1045 2712 placet
1085 2624 1181 2702 id,
1230 2624 1532 2710 quoniam
1565 2624 1821 2709 quidem
1855 2622 1940 2687 ad
1975 2631 2036 2686 te
2073 2619 2301 2698 scribe,

242 2737 364 2787 Qua
412 2740 495 2779 nn
539 2740 620 2781 ‚na
671 2738 917 2798 norrun,
968 2718 1182 2785 vocari
1191 2744 1211 2796 3
1265 2718 1496 2802 quibus
1535 2728 1747 2783 autem
1777 2716 1902 2781 hoc
1937 2722 2083 2799 ‘qua
2118 2715 2199 2779 de
2231 2738 2302 2781 re

242 2806 463 2895 agitur'
486 2810 868 2889 continetur,
922 2834 1001 2877 ea
1044 2812 1433 2880 continentia
1477 2821 1810 2888 vocentur,
1865 2808 2047 2894 quasi
2089 2808 2304 2873 firma-

240 2912 457 2969 menta
517 2902 933 2983 defensionis,
997 2904 1225 2989 quibus
1295 2905 1560 2973 sublatis
1625 2904 1910 2969 defensio
1972 2902 2148 2969 nulla
2199 2902 2300 2970 sit.

2343 953 2398 1000 93

2345 1703 2400 1743 94

2339 2458 2394 2499 95

242 2997 358 3063 sed
409 2999 708 3082 quoniam
758 3000 903 3087 lege
954 3000 1195 3067 firmius
1248 3002 1317 3067 in
1372 2998 1820 3067 controversiis
1873 2996 2298 3083 disceptandis
2370 2994 2372 2997 ’

242 3115 387 3159 esse
421 3092 579 3157 nihil
614 3094 834 3173 debet,
888 3094 1103 3161 danda
1153 3105 1252 3162 est
1288 3118 1509 3182 opera,
1561 3106 1636 3159 ut
1669 3094 1878 3181 legem
1933 3091 2301 3157 adiutricem

240 3198 307 3251 et
358 3198 589 3253 testem
640 3188 1083 3269 adhibeamus3
1137 3190 1206 3254 in
1256 3212 1383 3275 qua
1422 3212 1494 3253 re
1548 3187 1654 3253 alii
1706 3186 1890 3270 quasi
1945 3194 2146 3252 status
2191 3205 2302 3251 ex-

243 3278 475 3346 sistunt
530 3282 710 3359 novi,
782 3284 898 3347 sed
959 3284 1355 3371 appellentur
1413 3281 1735 3369 legitimae
1787 3278 2296 3366 disceptationes.

241 3384 377 3438 tum
412 3371 581 3437 enim
634 3373 995 3441 defenditur
1045 3400 1176 3441 non
1207 3376 1278 3440 id
1309 3376 1522 3463 legem
1575 3375 1814 3452 dicere,
1871 3373 2042 3458 quod
2077 3373 2300 3438 adver-

244 3464 447 3531 sarius
482 3464 666 3544 velit,
702 3467 818 3532 sed
852 3468 1050 3546 aliud3
1087 3467 1157 3533 id
1190 3479 1405 3534 autem
1438 3468 1774 3556 contingit,
1812 3489 1956 3535 cum
1989 3467 2302 3555 scriptum

124 3615 126 3619 .
244 3557 613 3647 ambiguum
648 3570 774 3638 est,
818 3572 891 3625 ut
926 3560 1089 3627 duae
1126 3562 1476 3629 sententiae
1513 3563 1878 3629 differentes
1915 3562 2115 3649 accipi
2149 3584 2300 3647 pos-

244 3651 397 3731 sint3
453 3673 599 3718 cum
634 3654 972 3741 opponitur
1008 3656 1243 3744 scripto
1277 3658 1572 3723 voluntas
1611 3656 1964 3744 scriptoris,
2001 3668 2072 3721 ut
2106 3678 2300 3739 quae-

239 3757 413 3813 ratur
475 3749 751 3815 verbane
812 3750 959 3837 plus
1021 3774 1104 3817 an
1168 3752 1482 3817 sententia
1550 3752 1764 3817 valere
1835 3751 2062 3815 debeat
2069 3775 2090 3827 ;
2153 3770 2298 3812 cum

238 3841 369 3928 legi
418 3841 525 3909 lex
578 3843 891 3910 contraria
956 3845 1267 3911 adfertur:
1320 3846 1412 3911 ita
1456 3855 1605 3911 sunt
1647 3845 1768 3909 tria
1817 3858 2080 3930 genera,
2133 3862 2297 3925 quae

242 3938 733 4003 controversiam
766 3939 835 4004 in
870 3939 1043 4005 omni
1078 3940 1310 4025 scripto
1344 3939 1556 4005 facere
1581 3948 1870 4025 possunt,
1909 3934 2294 4021 ambiguum,

2341 3402 2400 3443 96

241 4029 665 4118 discrepantia
700 4033 918 4120 scripti
953 4044 1018 4099 et
1052 4032 1422 4111 voluntatis,
1479 4034 1713 4119 scripta
1749 4029 2079 4096 contraria.
2167 4029 2295 4095 iam
2327 4036 2402 4093 26
