2784 4575
816 298 919 351 DE
956 294 1325 353 ORATORE
1360 296 1406 351 Ι.
1441 296 1682 351 43-50.
2195 282 2276 347 li

218 446 343 509 quo
378 421 447 487 in
480 400 641 487 libro
676 420 798 486 hoc
830 419 1105 485 maxime
1143 420 1500 485 admirabar
1522 416 1878 496 Platonem,
1915 419 2088 503 quod
2120 419 2278 485 mihi

222 514 347 606 [in]
387 514 739 583 oratoribus
783 512 1185 578 inridendis'
1166 536 1305 599 ipse
1340 534 1488 579 esse
1525 522 1734 578 orator
1780 533 2066 577 summus
2102 511 2278 578 vide-

218 612 429 677 batur.
518 608 697 675 verbi
732 607 902 675 enim
937 606 1369 673 controversia
1399 608 1532 673 iam
1567 606 1677 672 diu
1711 616 1964 690 torquet
1995 604 2280 671 Graecu-

216 705 317 771 los
354 702 641 770 homines
678 700 1096 768 contentionis
1132 701 1489 789 cupidiores
1525 721 1721 785 quam
1764 699 2078 765 veritatis:
2131 722 2281 765 nam
2323 729 2376 770 ιε

223 797 282 863 si
342 796 485 882 quis
546 795 718 861 hunc
780 795 1000 860 statuit
1059 816 1203 860 esse
1256 804 1602 872 oratorem,
1675 793 1785 878 qui
1847 794 2311 859 tantummodo·

218 891 289 957 in
337 892 475 957 iure
528 901 593 958 et
642 890 710 955 in
760 889 1009 954 iudiciis
1058 888 1267 976 possit
1319 899 1430 954 aut
1481 889 1653 976 apud
1701 888 2007 975 populum
2059 899 2172 953 aut
2213 888 2286 953 in

223 995 452 1051 senatu
502 984 761 1071 copiose
812 982 1015 1067 loqui,
1070 992 1284 1049 tamen
1336 982 1486 1047 huic
1526 980 1653 1091 ipsi
1704 981 1904 1046 multa
1945 980 2180 1046 tribuat
2221 992 2286 1048 et

228 1077 536 1144 concedat
586 1097 851 1142 necesse
888 1085 1014 1155 est3
1069 1097 1277 1159 neque
1312 1076 1482 1143 enim
1519 1076 1656 1141 sine
1691 1074 1892 1139 multa
1939 1084 2286 1183 pertracta-

223 1172 397 1238 tione
422 1172 706 1237 omnium
730 1193 943 1236 rerum
966 1170 1365 1273 publicarum
1389 1192 1595 1255 neque
1624 1170 1760 1235 sine
1794 1169 2030 1255 legum,
2065 1168 2281 1248 moris,

222 1264 377 1331 iuris
424 1265 689 1331 scientia
730 1286 937 1349 neque
981 1275 1207 1330 natura
1248 1258 1576 1330 hominum
1617 1262 1940 1349 incognita
1986 1284 2062 1328 ac
2092 1258 2286 1330 mori-

224 1360 403 1424 bus
383 1382 451 1423 m
486 1358 586 1423 his
638 1357 797 1446 ipsis
832 1358 1024 1423 rebus
1064 1357 1219 1425 satis
1274 1358 1502 1422 callide
1547 1357 1788 1423 versari
1831 1368 1896 1421 et
1935 1356 2136 1444 perite
2170 1378 2288 1443 po-

224 1462 355 1517 test
361 1476 382 1529 ;
419 1450 527 1535 qui
563 1460 777 1516 autem
809 1451 969 1515 haec
1004 1452 1402 1537 cognoverit,
1449 1450 1586 1515 sine
1625 1450 1853 1535 quibus
1888 1473 1972 1517 ne
2003 1450 2115 1515 illa
2147 1450 2286 1535 qui-

226 1545 376 1610 dem
406 1543 669 1610 minima
702 1544 771 1609 in
813 1544 1023 1609 causis
1062 1544 1399 1628 quisquam
1430 1554 1602 1609 recte
1648 1544 1809 1609 tueri
1851 1554 2088 1630 potest,
2133 1543 2287 1628 quid

226 1636 373 1703 huic
418 1637 645 1703 abesse
697 1637 930 1723 poterit
973 1637 1053 1701 de
1098 1636 1518 1702 maximarum
1569 1660 1780 1703 rerum
1832 1637 2132 1703 scientia?
2187 1634 2286 1703 sin

226 1729 495 1798 oratoris
530 1730 689 1795 nihil
722 1732 820 1796 vis
856 1753 1001 1796 esse
1036 1730 1161 1796 nisi
1196 1731 1574 1817 composite,
1619 1740 1867 1809 ornate,
1904 1731 2159 1818 copiose
2191 1729 2288 1796 lo-

144 1893 149 1899 ,
226 1824 357 1909 qui,
394 1846 651 1909 quaero,
686 1824 756 1890 id
786 1825 1001 1911 ipsum
1035 1825 1145 1909 qui
1177 1826 1385 1912 possit
1414 1825 1678 1910 adsequi
1714 1825 1852 1891 sine
1887 1847 1967 1890 ea
2001 1824 2284 1901 scientia,

224 1941 419 2004 quam
452 1918 513 1983 ei
547 1940 676 1985 non
711 1918 1095 1985 conceditis?
1138 1918 1390 1985 dicendi
1425 1918 1594 1983 enim
1627 1919 1858 1998 virtus,
1895 1918 2020 1983 nisi
2053 1917 2140 1996 ei,
2177 1917 2288 2002 qui

226 2012 422 2091 dicet,
477 2036 583 2092 ea,
636 2014 717 2079 de
762 2013 993 2098 quibus
1045 2013 1242 2092 dicet,
1294 2025 1600 2100 percepta
1637 2013 1808 2091 sint,
1861 2022 2114 2079 exstare
2157 2034 2288 2077 non

228 2116 459 2192 potest.
530 2128 722 2191 quam
758 2107 841 2173 ob
874 2130 1031 2185 rem,
1070 2107 1125 2172 si
1160 2118 1380 2174 ornate
1415 2106 1664 2173 locutus
1701 2117 1828 2186 est,
1866 2106 2030 2172 sicut
2064 2116 2128 2171 et
2162 2105 2288 2171 fer-
2327 2132 2380 2173 49

228 2211 333 2265 tur
376 2211 441 2264 et
482 2201 637 2265 mihi
678 2201 957 2279 videtur,
1009 2201 1315 2287 physicus
1358 2200 1466 2266 ille
1500 2200 1938 2279 Democritus,
1992 2198 2286 2265 materies

228 2293 341 2357 illa
372 2293 495 2358 fuit
526 2295 806 2380 physici,
862 2296 941 2361 de
978 2318 1106 2380 qua
1138 2295 1324 2374 dixit,
1380 2306 1639 2363 ornatus
1694 2319 1846 2361 vero
1881 2295 2020 2382 ipse
2065 2295 2290 2360 verbo-

228 2407 374 2452 rum
408 2387 673 2450 oratoris
718 2389 1039 2474 putandus
1086 2399 1186 2454 est
1193 2415 1213 2469 3
1268 2399 1360 2467 et,
1409 2389 1465 2452 si
1495 2387 1686 2454 Plato
1722 2390 1802 2454 de
1835 2389 2026 2453 rebus
2063 2410 2104 2451 a
2137 2387 2290 2452 eivi-

228 2479 398 2545 libus
461 2481 905 2546 controversiis
972 2481 1416 2548 remotissimis
1488 2481 1788 2546 divinitus
1851 2492 1951 2546 est
2017 2480 2288 2556 locutus,

230 2574 405 2658 quod
436 2596 561 2659 ego
597 2575 875 2640 concedo
885 2600 905 2653 3
963 2575 1018 2640 si
1051 2575 1205 2641 item
1238 2575 1654 2652 Aristoteles,
1693 2575 1750 2639 si
1784 2573 2288 2660 Theophrastus,

232 2668 291 2733 si
324 2666 695 2734 Carneades
729 2668 799 2732 in
827 2669 1021 2733 rebus
1058 2668 1181 2746 eis,
1236 2668 1317 2734 de
1352 2667 1580 2751 quibus
1634 2666 2142 2754 disputaverunt,
2195 2664 2293 2728 in-

231 2761 607 2848 tellegentes
661 2770 727 2827 et
775 2760 844 2825 in
896 2760 1162 2826 dicendo
1216 2783 1450 2826 suaves
1505 2771 1694 2845 atque
1757 2758 1964 2825 ornati
2014 2758 2290 2834 fuerunt,

234 2855 361 2922 sint
413 2877 528 2922 eae
579 2877 714 2935 res,
771 2856 851 2922 de
904 2855 1133 2939 quibus
1187 2855 1541 2942 disputant,
1592 2856 1661 2919 in
1711 2853 1849 2920 aliis
1911 2851 2290 2937 quibusdam

231 2949 492 3029 studiis,
543 2949 745 3016 oratio
798 2951 1056 3036 quidem
1105 2949 1249 3037 ipsa
1300 2949 1560 3037 propria
1593 2960 1694 3016 est
1733 2948 1922 3014 huius
1964 2947 2154 3012 unius
2188 2969 2290 3012 ra-

230 3045 453 3124 tionis,
506 3044 588 3110 de
624 3066 751 3129 qua
790 3044 1109 3130 loquimur
1154 3055 1221 3111 et
1264 3044 1643 3129 quaerimus.
1733 3043 1968 3110 etenim
1998 3041 2288 3108 videmus
2333 3065 2385 3107 so

228 3138 476 3206 eisdem
504 3139 585 3204 de
610 3139 801 3205 rebus
828 3139 1039 3204 ieiune
1064 3140 1378 3224 quosdam
1414 3149 1479 3205 et
1505 3138 1770 3217 exiliter,
1805 3148 1879 3204 ut
1901 3160 2069 3216 eum,
2105 3157 2295 3221 quem

231 3233 670 3299 acutissimum
704 3233 943 3312 ferunt,
983 3230 1451 3320 Chrysippum,
1505 3232 1932 3319 disputavisse
1967 3253 2174 3316 neque
2210 3231 2294 3296 ob

230 3348 378 3390 eam
426 3347 565 3390 rem
612 3325 1054 3414 philosophiae
1097 3349 1229 3393 non
1282 3328 1439 3394 satis
1485 3327 1742 3406 fecisse,
1797 3325 1969 3412 quod
2009 3349 2140 3392 non
2182 3325 2296 3390 ha-

234 3418 447 3484 buerit
480 3419 646 3482 hanc
682 3419 933 3486 dicendi
967 3443 1050 3486 ex
1085 3433 1219 3486 arte
1255 3421 1463 3486 aliena
1496 3421 1883 3488 facultatem.
1955 3420 2109 3504 quid
2142 3440 2294 3503 ergo
2331 3426 2399 3480 12

236 3514 503 3577 interest
536 3522 647 3576 aut
680 3513 789 3596 qui
839 3513 1163 3580 discernes
1199 3537 1447 3594 eorum,
1502 3536 1660 3600 quos
1695 3513 2046 3592 nominavi,
2098 3511 2168 3576 in
2202 3508 2299 3574 di·-

236 3604 443 3672 cendo
483 3605 843 3671 ubertatem
885 3617 950 3673 et
1001 3606 1251 3693 copiam
1286 3609 1368 3674 ab
1404 3631 1622 3675 eorum
1663 3609 1970 3684 exilitate,
2023 3603 2135 3689 qui
2175 3603 2298 3670 hac

236 3699 493 3766 dicendi
543 3700 850 3768 varietate
906 3711 972 3766 et
1022 3701 1341 3788 elegantia
1390 3725 1522 3768 non
1571 3703 1872 3768 utuntur?
1929 3722 2130 3766 unum
2179 3698 2298 3764 erit

236 3795 559 3882 profecto,
612 3795 785 3880 quod
820 3795 906 3874 ei,
961 3795 1072 3880 qui
1103 3797 1269 3862 bene
1314 3797 1559 3876 dicunt,
1613 3797 1910 3862 adferunt
1949 3792 2295 3880 proprium,

238 3889 658 3974 compositam
710 3890 1061 3956 orationem
1096 3901 1161 3956 et
1194 3901 1483 3956 ornatam
1517 3900 1583 3956 et
1617 3889 1879 3954 artificio
1923 3886 2200 3973 quodam
2233 3896 2299 3952 et

238 3981 625 4069 expolitione
677 3984 1069 4064 distinctam3
1134 3984 1293 4051 haec
1345 3995 1558 4050 autem
1610 3982 1840 4061 oratio,
1904 3982 1960 4047 si
2011 4003 2116 4047 res
2167 4003 2296 4047 non

241 4079 463 4144 subest
497 4079 579 4144 ab
612 4091 859 4148 oratore
909 4092 1211 4168 percepta
1254 4090 1320 4146 et
1360 4077 1646 4165 cognita,
1700 4088 1810 4144 aut
1859 4077 2035 4144 nulla
2069 4076 2155 4146 sit
2183 4099 2297 4143 ne-
