2784 4575
359 297 364 304 '
481 279 568 343 96
1093 289 1172 342 Μ.
1211 285 1485 345 TULLII
1518 283 1923 342 CICERONIS
1974 307 1977 310 ·

479 411 845 500 partitione,
900 410 1024 476 hoc
1064 410 1284 475 modo:
1341 415 1481 474 ‘aut
1522 407 1770 474 senatui
1813 407 2165 495 parendum
2210 406 2291 473 de
2336 405 2540 472 salute

480 505 574 571 rei
623 504 918 592 publicae
968 504 1091 569 suit
1141 512 1254 568 aut
1301 502 1477 566 aliud
1534 501 1870 568 consilium
1924 501 2383 566 instituendum
2436 510 2545 564 aut

483 623 603 665 sua
635 610 862 686 sponte
898 597 1287 675 faciendum3
1325 597 1497 662 aliud
1530 595 1882 674 consilium,
1920 597 2295 682 superbum3
2334 617 2543 672 suum,

485 693 832 780 adrogans3
884 692 1192 758 utendum
1240 690 1435 778 igitur
1485 689 1606 755 fuit
1656 689 1919 756 consilio
1974 689 2270 756 senatus?
2364 687 2422 754 si
2467 710 2546 755 ex

487 787 829 865 vocabulo,
874 796 948 851 ut
983 782 1228 853 Carbo:
1285 784 1372 850 ‘si
1406 782 1629 850 consul
1665 795 1791 861 est,
1828 783 1939 868 qui
1972 781 2249 849 consulit
2279 781 2545 868 patriae,

376 907 454 949 166
489 881 644 964 quid
675 880 848 946 aliud
881 879 1035 946 fecit
1071 877 1435 964 Opimius?
1494 877 1593 944 sin
1628 877 1709 942 ab
1744 900 1849 954 e0,
1894 877 2067 961 quod
2098 895 2235 942 rem
2271 875 2545 961 attingit,

486 975 702 1062 plures
757 984 905 1040 sunt
957 983 1471 1060 argumentorum
1522 971 1709 1036 sedes
1764 992 1839 1035 ac
1870 970 2023 1048 loci,
2076 993 2227 1037 nam
2278 979 2345 1034 et
2396 991 2550 1036 con-

487 1068 704 1133 iuncta
737 1087 1114 1150 quaeremus
1152 1078 1218 1132 et
1249 1088 1488 1152 genera
1520 1076 1587 1130 et
1618 1065 1815 1152 partis
1850 1063 2191 1151 generibus
2228 1063 2547 1130 subiectas

489 1173 555 1227 et
605 1161 1048 1226 similitudines
1100 1171 1166 1226 et
1215 1159 1761 1226 dissimilitudines
1818 1170 1885 1224 et
1932 1157 2245 1224 contraria
2289 1167 2355 1224 et
2397 1179 2550 1222 con-

491 1254 821 1340 sequentia
871 1265 938 1320 et
987 1265 1415 1321 consentanea
1464 1264 1531 1319 et
1580 1252 1765 1338 quasi
1814 1251 2285 1339 praecurrentia
2331 1261 2396 1316 et
2442 1273 2550 1318 re-

489 1347 842 1434 pugnantia
873 1357 939 1414 et
973 1369 1197 1414 causas
1241 1369 1455 1412 rerum
1504 1345 1962 1434 vestigabimus
2008 1357 2073 1412 et
2106 1368 2210 1424 ea,
2266 1367 2425 1428 quae
2459 1367 2551 1409 >ex

493 1440 701 1505 causis
756 1449 895 1508 orta
945 1441 1100 1520 sint,
1153 1451 1220 1508 et
1267 1440 1535 1519 maiora,
1588 1440 1793 1526 paria,
1846 1439 2093 1504 minora
2142 1460 2546 1524 quaeremus3

382 1533 460 1646 ἐξ
495 1558 578 1600 ex
611 1534 962 1601 coniunctis
997 1535 1090 1602 sic
1126 1545 1501 1622 argumenta
1534 1534 1877 1598 ducuntur:
1926 1539 1944 1570 ⁶
1956 1533 2012 1598 si
2044 1532 2263 1620 pietati
2300 1555 2551 1598 summa

290 1653 292 1655 ’
411 1657 416 1660 ·
493 1629 830 1696 tribuenda
879 1630 1020 1696 laus
1074 1641 1202 1710 est,
1257 1629 1499 1696 debetis
1552 1628 1822 1707 moveri,
1876 1649 2025 1694 cum
2074 1626 2159 1708 Q.
2212 1627 2551 1692 Metellum

492 1735 625 1789 tam
655 1725 762 1812 pie
795 1725 1015 1812 lugere
1048 1723 1358 1791 videatis?
1431 1745 1513 1790 ex
1548 1745 1781 1808 genere
1818 1734 2058 1788 autem:
2096 1721 2183 1787 ‘si
2214 1721 2549 1807 magistra-

493 1830 597 1885 tus
631 1820 700 1884 in
740 1819 963 1907 populi
993 1819 1273 1886 Romani
1323 1841 1469 1884 esse
1519 1827 1835 1904 potestate
1888 1816 2147 1896 debent,
2202 1815 2357 1900 quid
2385 1816 2551 1882 Nor-

493 1914 732 1978 banum
765 1933 1030 1978 accusas
1043 1960 1064 1990 ,
1116 1913 1294 1978 cuius
1331 1913 1685 1978 tribunatus
1738 1911 2047 1978 voluntati
2089 1910 2300 1998 paruit
2332 1908 2553 1975 civita-

384 2031 459 2070 168
495 2005 642 2070 tis?
697 2029 781 2070 ex
827 2015 1009 2091 parte
1063 2015 1276 2070 autem
1327 2027 1433 2082 ea,
1488 2027 1653 2089 quae
1706 2015 1807 2070 est
1846 2004 2131 2070 subiecta
2162 2001 2411 2090 generi:
2466 2001 2553 2068 ‘si

493 2119 713 2164 omnes
726 2146 745 2176 ,
815 2098 926 2182 qui
963 2098 1087 2176 ,rei
1148 2098 1441 2185 publicae
1510 2099 1875 2178 consulunt,
1954 2100 2083 2165 cari
2152 2099 2337 2165 nobis
2407 2120 2551 2164 esse

495 2191 757 2268 debent,
821 2201 992 2256 certe
1041 2191 1112 2256 in
1162 2192 1382 2279 primis
1433 2192 1875 2279 imperatores,
1928 2215 2198 2278 quorum
2248 2192 2549 2270 consiliiS,

493 2284 754 2361 virtute,
807 2285 1104 2371 periculis
1153 2286 1498 2367 retinemus
1552 2298 1618 2353 et
1667 2299 1951 2357 nostram
2008 2287 2277 2353 salutem
2328 2298 2396 2353 et
2432 2285 2549 2351 im·-

493 2377 654 2464 perii
687 2378 1099 2467 dignitatem?
1189 2404 1270 2447 ex
1313 2381 1721 2447 similitudine
1774 2394 2012 2449 autem:
2066 2380 2155 2446 ‘si
2193 2381 2371 2447 ferae
2405 2404 2549 2469 par-

497 2482 600 2539 tus
637 2496 788 2539 suos
825 2473 1126 2561 diligunt,
1175 2497 1306 2560 qua
1337 2500 1458 2543 nos
1492 2476 1561 2539 in
1591 2476 1827 2543 liberos
1870 2488 2123 2543 nostros
2158 2475 2552 2565 indulgentia

384 2591 460 2633 169
498 2590 642 2633 esse
677 2568 1048 2635 debemus?
1097 2582 1162 2637 at
1197 2594 1278 2637 ex
1311 2570 1852 2637 dissimilitudine:
1890 2572 1976 2635 ‘si
2010 2570 2419 2637 barbarorum
2453 2580 2553 2635 est

494 2663 562 2728 in
623 2662 792 2729 diem
851 2664 1094 2744 vivere,
1163 2675 1382 2731 nostra
1446 2665 1711 2731 consilia
1780 2665 2233 2753 sempiternum
2298 2677 2549 2751 tempus

497 2768 784 2843 spectare
837 2756 1109 2824 debent.’
1199 2770 1388 2843 atque
1441 2770 1710 2843 utroque
1760 2759 1829 2824 in
1880 2782 2113 2847 genere
2156 2770 2221 2825 et
2265 2760 2552 2825 similitu-

497 2850 660 2917 dinis
697 2862 762 2917 et
813 2850 1342 2920 dissimilitudinis
1398 2854 1691 2941 exempla
1742 2866 1893 2919 sunt
1944 2876 2025 2919 ex
2066 2853 2333 2919 aliorum
2367 2853 2549 2919 factis

497 2953 608 3008 aut
641 2944 826 3010 dictis
863 2957 973 3011 aut
1006 2947 1252 3012 eventis
1287 2958 1354 3013 et
1394 2949 1579 3015 fictae
1621 2947 2023 3014 ‘narrationes
2079 2970 2271 3035 saepe
2312 2969 2553 3034 ponen-

386 3081 388 3083 ψ
497 3038 636 3103 dae.
722 3037 852 3104 iam
895 3062 978 3105 ex
1019 3040 1362 3106 contrario:
1418 3041 1504 3106 ‘si
1540 3040 1871 3108 Gracchus
1907 3041 2177 3119 nefarie,
2230 3040 2551 3127 praeclare

384 3153 462 3195 reo
498 3130 838 3217 Opimius.’
901 3155 985 3198 ex
1017 3134 1581 3217 consequentibus:
1620 3134 1705 3201 ‘si
1740 3146 1805 3201 et
1838 3136 2007 3201 ferro
2040 3135 2409 3201 interfectus
2443 3134 2551 3199 ille

497 3235 561 3288 et
595 3233 665 3289 tu
697 3224 988 3291 inimicus
1026 3226 1162 3291 eius
1198 3248 1344 3292 eum
1377 3228 1593 3314 gladio
1640 3240 1899 3295 cruento
1953 3231 2449 3316 comprehensus
2482 3227 2551 3293 in

495 3317 604 3384 illo
638 3318 780 3405 ipso
823 3321 965 3386 loco
1009 3330 1074 3386 et
1122 3342 1312 3387 nemo
1364 3333 1615 3408 praeter
1650 3333 1715 3388 te
1756 3323 1847 3389 ibi
1890 3324 2065 3390 visus
2118 3334 2219 3391 est
2262 3334 2329 3389 et
2362 3341 2555 3387 causa

494 3412 732 3477 nemini
765 3424 831 3477 et
863 3424 934 3478 tu
987 3436 1239 3500 semper
1290 3416 1530 3494 audax,
1585 3416 1740 3500 quid
1782 3428 1884 3483 est
1914 3418 2090 3502 quod
2142 3417 2222 3481 de
2273 3415 2553 3481 facinore

489 3504 787 3571 dubitare
837 3507 1224 3591 possimus?'
1279 3531 1364 3575 ex
1406 3510 1849 3577 consentaneis
1903 3511 1939 3546 '¹‘
1976 3510 2009 3545 Ἐ
2046 3510 2082 3545 ¹*
2136 3533 2217 3578 ex
2259 3530 2556 3597 praecur-

493 3598 779 3665 rentibus
833 3599 869 3634 *
903 3598 940 3635 ⁴⁸*
975 3600 1011 3635 ¹*
1065 3624 1147 3667 ex
1187 3604 1719 3691 repugnantibus,
1772 3615 1844 3671 ut
1886 3604 2039 3673 olim
2076 3603 2353 3673 Crassus
2400 3603 2557 3668 adu-

494 3692 774 3757 lescens:
829 3698 987 3760 ‘non
1032 3694 1088 3759 si
1125 3694 1459 3783 Opimium
1502 3698 1870 3777 defendisti,
1925 3696 2169 3777 Carbo,
2220 3696 2457 3765 ideirco
2492 3708 2555 3761 te

493 3785 604 3851 isti
637 3788 874 3852 bonum
909 3787 1114 3855 civem
1139 3792 1483 3877 putabunt:
1530 3792 1863 3860 simulasse
1900 3804 1963 3859 te
1998 3804 2065 3859 et
2096 3792 2335 3878 aliquid
2361 3812 2557 3877 quae-

497 3883 661 3949 sisse
711 3884 1118 3973 perspicuum
1170 3895 1296 3965 est,
1349 3887 1523 3970 quod
1564 3888 1665 3954 Ti.
1712 3887 1989 3955 Gracchi
2039 3898 2309 3955 mortem
2360 3908 2554 3973 saepe

497 3974 564 4037 in
599 3976 996 4045 contionibus
1033 3979 1405 4065 deplorasti,
1459 3982 1632 4065 quod
1661 3981 1741 4047 P.
1776 3979 2070 4047 Africani
2118 3980 2294 4048 necis
2340 3980 2553 4047 socius

496 4066 701 4145 fuisti,
739 4071 911 4151 quod
944 4094 1084 4138 eam
1117 4073 1328 4160 legem
1361 4076 1431 4141 in
1464 4075 1787 4141 tribunatu
1820 4076 2047 4157 tulisti,
2094 4076 2267 4161 quod
2300 4095 2554 4161 semper

2728 3888 2731 3997 ι

2728 4030 2731 4167 ι
