2784 4575
785 249 790 252 '
883 239 1196 299 BRUTUS
1231 240 1543 296 312-319.
2106 229 2235 299 271

137 377 395 434 orator
428 365 498 430 in
531 365 654 432 illis
691 362 1008 429 numerari
1045 373 1219 429 recte
1252 367 1466 449 potest
1473 387 1492 442 3
1546 362 1992 432 adsiduissime
2026 377 2239 432 autem
2270 396 2353 440 εις

145 481 440 527 mecum
491 459 614 524 fuit
659 457 1014 544 Dionysius
1065 457 1374 544 Magnes3
1437 470 1573 523 erat
1632 457 1825 522 etiam
1872 457 2238 544 Aeschylus

141 552 489 632 -Cnidius,
542 551 1048 638 Adramyttenus
1083 548 1443 630 Xenocles3
1497 549 1566 615 hi
1605 561 1741 618 tum
1790 551 1861 618 in
1898 551 2065 619 Asia
2096 553 2245 620 rhe-

161 662 396 713 torum
455 646 773 734 principes
832 645 1353 711 numerabantur:
1426 644 1656 730 quibus
1716 668 1849 711 non
1908 657 2242 714 contentus
2328 709 2331 714 .

145 740 490 808 ⁸Rhodum
543 738 688 804 veni
735 760 963 823 meque
1017 738 1100 805 ad
1151 738 1453 817 eundem,
1516 760 1706 823 quem
1754 739 2005 808 Romae
2064 741 2247 807 audi-

161 857 432 912 veram,
485 832 818 899 Molonem
851 831 1167 919 applicavi
1202 855 1347 898 cum
1379 842 1661 900 actorem
1700 833 1767 899 in
1810 834 1979 900 veris
2031 836 2240 903 causis

149 928 683 1014 ,scriptoremque
734 937 1161 1013 praestantem
1214 936 1351 990 tum
1389 926 1459 992 in
1508 927 1803 994 notandis
1848 929 2245 996 animadver-
2338 995 2343 1000 .

167 1022 522 1105 tendisque
575 1020 744 1084 vitiis
801 1030 866 1086 et
917 1019 1305 1086 instituendo
1365 1020 1777 1106 docendoque
1827 1016 2246 1110 prudentissi-

153 1138 382 1180 ·mum.
485 1113 544 1180 is
598 1113 774 1180 dedit
825 1137 1112 1200 operam,
1177 1113 1236 1180 si
1292 1115 1485 1180 modo
1534 1115 1605 1180 id
1654 1116 1959 1201 consequi
2014 1118 2243 1204 potuit,

169 1220 250 1274 ut
294 1207 488 1274 nimis
539 1207 952 1274 redundantis
1007 1231 1128 1274 nos
1171 1218 1240 1274 et
1279 1209 1723 1296 superfluentis
1775 1207 2037 1276 iuvenili
2089 1234 2245 1296 qua-

171 1304 336 1371 dam
386 1302 640 1369 dicendi
685 1302 1057 1389 impunitate
1109 1312 1175 1368 et
1221 1302 1478 1370 licentia
1526 1303 1897 1391 reprimeret
1946 1314 2013 1371 et
2060 1304 2243 1390 quasi

173 1408 368 1462 extra
417 1396 589 1482 ripas
643 1396 986 1462 diffluentis
1041 1400 1384 1462 coerceret:
1438 1396 1529 1462 ita
1574 1397 1791 1486 recepi
1838 1420 1943 1464 me
1985 1398 2243 1465 biennio

164 1499 332 1576 ‚post
386 1513 517 1554 non
567 1489 758 1555 modo
820 1489 1243 1567 exercitatior,
1307 1489 1425 1556 sed
1472 1513 1671 1576 prope
1721 1503 2029 1570 mutatus,
2089 1515 2243 1557 nam

165 1594 250 1648 -et
302 1583 623 1650 contentio
676 1583 873 1649 nimia
922 1583 1098 1650 vocis
1157 1583 1485 1650 resederat
1536 1596 1601 1650 et
1650 1584 1835 1669 quasi
1886 1585 2242 1650 deferverat

177 1677 390 1742 oratio
423 1676 852 1762 lateribusque
890 1677 1056 1742 vires
1094 1687 1158 1742 et
1193 1678 1441 1764 corpori
1472 1677 1807 1744 mediocris
1843 1677 2096 1744 habitus
2134 1699 2239 1742 ac-

165 1784 488 1837 cesserat.
2101 1799 2103 1805 ¹

169 1927 174 1932 .
305 1865 460 1930 Duo
495 1873 632 1930 tum
665 1864 1064 1930 excellebant
1095 1874 1408 1943 oratores,
1462 1864 1573 1948 qui
1605 1887 1708 1930 me
1742 1864 2029 1930 imitandi
2064 1863 2239 1952 cupi·
2274 1863 2353 1976 ξιξ

167 1957 384 2024 *ditate
424 1957 786 2035 incitarent,
843 1955 1038 2024 Cotta
1079 1967 1146 2023 et
1177 1957 1594 2024 Hortensius.
1650 1981 1918 2043 quorum
1953 1959 2109 2024 alter
2142 1981 2243 2024 re·
2290 1980 2303 1988 ⁹

182 2051 420 2121 missus
457 2063 521 2118 et
559 2051 726 2120 lenis
768 2062 834 2117 et
873 2051 1149 2140 propriis
1193 2053 1404 2119 verbis
1448 2053 1992 2140 comprehendens
2040 2053 2243 2119 solute

180 2157 253 2212 et
302 2146 488 2212 facile
541 2145 951 2225 sententiam,
1018 2146 1177 2212 alter
1227 2157 1519 2225 ornatus,
1583 2155 1727 2212 ace'r
1783 2158 1847 2214 et
1895 2170 2024 2213 non
2076 2146 2239 2224 talis,

174 2237 440 2322 qualem
490 2248 559 2303 tu
603 2257 790 2318 eum,
825 2239 1059 2318 Brute,
1113 2239 1242 2305 iam
1293 2239 1813 2308 deflorescentem
1864 2240 2239 2329 cognovisti,

177 2332 306 2397 sed
337 2332 673 2396 verborum
710 2344 777 2397 et
810 2333 1077 2399 actionis
1111 2356 1347 2419 genere
1399 2334 1798 2401 commotior:
1850 2335 2063 2419 itaque
2098 2357 2244 2399 cum

187 2423 534 2491 Hortensio
587 2423 744 2488 mihi
793 2425 1000 2511 magis
1054 2426 1405 2491 arbitrabar
1454 2448 1592 2491 rem
1642 2450 1814 2506 esse,
1876 2428 1979 2492 cui
2030 2437 2096 2492 et
2145 2426 2242 2491 di-

187 2517 374 2582 cendi
408 2515 630 2581 ardore
675 2538 850 2582 eram
890 2517 1148 2604 propior
1164 2529 1250 2583 -et
1283 2529 1489 2583 aetate
1537 2519 1955 2586 coniunctior:
2010 2520 2243 2586 etenim

191 2611 470 2675 videram
504 2610 574 2673 in
609 2609 851 2675 eisdem
897 2611 1104 2677 causis
1118 2660 1137 2689 ,
1189 2622 1262 2675 ut
1293 2634 1411 2698 pro
1444 2610 1542 2677 M.
1582 2610 1919 2689 CanuleiO,
1964 2635 2079 2699 pro
2117 2610 2241 2679 Cn}

156 2731 160 2739 ·
189 2704 528 2771 Dolabella
561 2703 904 2783 consulari,
957 2724 1102 2768 cum
1139 2703 1332 2771 Cotta
1361 2704 1657 2792 princeps
1694 2705 2011 2772 adhibitus
2048 2716 2238 2785 esset,

189 2798 428 2883 priores
465 2808 680 2861 tamen
715 2819 904 2884 agere
936 2797 1136 2885 partis
1169 2798 1586 2865 Hortensium
1597 2824 1617 2877 3
1655 2820 1864 2864 acrem
1898 2798 2066 2863 enim
2102 2822 2243 2865 ora-

195 2905 418 2971 torem,
469 2890 801 2957 incensum
844 2901 909 2959 et
951 2903 1246 2979 agentem
1287 2903 1353 2958 et
1393 2914 1695 2959 canorum
1738 2914 2082 2959 concursus
2127 2892 2243 2961 ho-

183 2986 432 3081 minum
466 2984 714 3071 forique
757 2986 1058 3073 strepitus
1094 2985 1433 3054 desiderat.
1518 3009 1718 3053 unum
1749 2986 1942 3073 igitur
1984 3009 2238 3064 annum,
2276 3012 2355 3051 318

193 3070 336 3145 cum
383 3079 774 3147 redissemus
831 3102 917 3146 ex
955 3080 1149 3160 Asia,
1204 3103 1431 3147 causas
1486 3080 1715 3147 nobilis
1770 3080 2045 3167 egimus,
2100 3102 2243 3145 cum

191 3184 594 3257 quaesturam
643 3196 792 3253 nos,
847 3175 1244 3241 consulatum
1289 3173 1511 3255 Cotta,
1566 3175 1951 3241 aedilitatem
1999 3174 2244 3262 peteret

187 3267 598 3333 Hortensius.
682 3267 937 3333 interim
986 3290 1090 3335 me
1145 3280 1547 3355 quaestorem
1592 3267 1942 3335 Siciliensis
1985 3267 2246 3353 ‘excepit

197 3382 415 3438 annus,
454 3357 650 3425 Cotta
683 3383 764 3427 ex
799 3362 1131 3427 consulatu
1165 3373 1265 3429 est
1288 3364 1611 3451 profectus
1645 3363 1713 3427 in
1740 3360 2035 3439 Galliam,
2070 3361 2246 3448 prin-

193 3474 344 3539 ceps
378 3461 444 3518 et
477 3463 614 3518 erat
647 3464 712 3518 et
762 3453 1114 3521 habebatur
1146 3456 1563 3522 Hortensius:
1616 3476 1763 3521 cum
1814 3466 2024 3521 autem
2076 3476 2243 3520 anno

190 3557 340 3633 ,post
387 3568 471 3611 ex
513 3545 735 3613 Sicilia
783 3570 888 3613 me
938 3548 1352 3637 recepissem,
1402 3550 1532 3618 iam
1583 3550 1917 3616 videbatur
1966 3548 2125 3615 illud
2174 3548 2245 3614 in

189 3662 326 3719 -me,
377 3638 685 3725 quidquid
717 3650 917 3718 esset,
970 3663 1115 3707 esse
1148 3643 1502 3730 perfectum
1534 3653 1601 3710 et
1632 3643 1867 3709 habere
1914 3642 2243 3709 maturita-

201 3746 324 3799 tem
357 3734 674 3819 quandam
727 3757 930 3801 suam.
1016 3735 1204 3802 nimis
1254 3737 1457 3802 multa
1506 3736 1725 3803 videor
1777 3737 1857 3803 de
1907 3758 2040 3815 me,
2100 3736 2240 3823 ipse

202 3828 592 3913 praesertim3
645 3829 764 3895 sed
796 3826 968 3894 omni
1002 3828 1150 3895 huic
1193 3827 1471 3897 sermoni
1502 3830 1898 3917 propositum
1932 3839 2057 3909 est,
2110 3852 2242 3895 non

205 3931 274 3983 ut
301 3919 621 4006 ingenium
653 3933 719 3989 et
752 3921 1174 4007 eloquentiam
1205 3946 1417 3991 meam
1448 3924 1819 4035 perspicias,
1849 3923 2019 3989 unde
2047 3922 2235 4011 longe

199 4012 437 4094 absum,
475 4015 590 4083 sed
623 4026 697 4081 ut
728 4017 1010 4085 laborem
1043 4028 1108 4084 et
1139 4017 1533 4085 industriam.
1622 4040 1769 4085 cum
1798 4018 1993 4105 igitur
2027 4040 2235 4085 essem
2268 4042 2349 4085 m
