2784 4575
934 249 1247 308 saurus
1273 207 1592 306 ἰω-265.
2165 197 2301 309 257⁸

234 376 486 446 tabulas
519 375 684 442 bene
716 374 920 463 pictas
941 372 1288 442 ‘conlocare
1322 372 1392 438 in
1424 373 1595 464 bono
1627 371 1896 440 lumine:
1952 373 2117 440 hanc
2152 395 2298 444 cum

235 473 470 538 habeat
501 469 910 559 praecipuam
945 468 1203 535 laudem
1227 467 1297 532 in'
1331 465 1792 546 communibus,
1826 489 1959 534 non
1982 465 2172 535 video
2198 470 2301 534 cui

237 567 467 632 debeat
493 564 739 632 cedere.
805 562 1206 651 splendidam
1232 560 1551 646 quandam
1576 560 1961 648 minimeque
1987 571 2301 628 veterato-

235 659 397 726 riam
446 659 757 727 rationem
811 657 1062 726 dicendi
1117 665 1317 735 tenet,
1372 677 1559 734 voce,
1588 667 1802 735 motu,
1854 657 2061 722 forma
2111 656 2301 723 etiam

237 753 578 863 magnifica
611 763 677 820 et
710 774 1026 840 generosa
1059 751 1338 836 quodam
1371 749 1608 816 modo!
1658 755 1819 815 tum
1851 750 2111 817 Brutus
2130 756 2301 817 ‘ora-
2338 780 2424 821 262

239 847 442 914 tiones
496 845 754 932 quidem
818 846 955 912 eius
1006 844 1165 910 mihi
1224 843 1633 911 vehementer
1692 843 2069 931 probant-1113
2133 867 2306 912 com-

237 940 440 1030 pluris
495 951 708 1006 autem
759 940 918 1026 legi3
974 949 1164 1023 atque
1210 938 1404 1004 etiam
1455 936 1941 1004 commentarios
1995 939 2307 1022 quosdam

243 1033 498 1122 scripsit
546 1057 760 1100 rerum
813 1033 1111 1098 suarum.’
1219 1031 1432 1098 ‘valde
1488 1031 1769 1117 quidem’
1822 1031 2083 1117 inquam
2134 1039 2307 1120 ‘pro-

114 1167 123 1172 -
240 1128 518 1206 bandos3
571 1127 728 1193 nudi
774 1126 949 1200 enim
993 1136 1169 1204 sunt,
1222 1125 1380 1192 re'cti
1426 1137 1491 1192 et
1533 1125 1815 1205 venusti,
1867 1125 2041 1192 omni
2082 1137 2314 1192 ornatu

243 1221 544 1287 orationis
573 1231 898 1304 tamquam
924 1230 1103 1288 veste
1132 1175 1443 1299 detracta3
1476 1220 1592 1285 sed
1612 1219 1764 1285 dum
1790 1219 1993 1286 voluit
2018 1219 2174 1287 alios
2194 1220 2316 1286 ha·—

239 1315 393 1380 bere
427 1325 670 1402 parata,
690 1314 860 1389 unde
889 1323 1230 1392 sumerent,
1258 1313 1368 1397 qui
1393 1313 1633 1379 vellent
1660 1313 1935 1380 scribere
1958 1313 2313 1403 historiam,

240 1408 474 1495 ineptis
511 1423 764 1496 gratum
815 1407 1089 1474 fortasse
1135 1406 1316 1485 fecit,
1372 1407 1485 1491 qui
1524 1407 1740 1473 volent
1772 1407 1883 1472 illa
1934 1393 2310 1475 calamistris

229 1501 520 1572 inurere·
503 1549 522 1580 ,
589 1522 780 1567 sanos
835 1499 1092 1585 quidem
1145 1500 1530 1566 hominesa
1582 1501 1914 1567 scribendo
1976 1501 2311 1566 deterruit·

239 1595 402 1677 nihil
435 1605 536 1660 est
569 1594 739 1660 enim
763 1593 833 1657 in
857 1592 1120 1661 historia
1143 1617 1306 1704 pura
1332 1605 1398 1660 et
1420 1593 1672 1662 inlustri
1696 1594 2005 1660 brevitate
2043 1594 2312 1660 dulcius.

247 1672 381 1754 sed
397 1689 479 1753 ad
515 1709 656 1766 eos,
695 1687 751 1754 si
782 1686 1019 1773 placet,
1057 1688 1166 1772 qui
1195 1687 1332 1753 vita
1365 1697 1804 1766 excesserunt,
1836 1697 2259 1797 revertamur..

250 1896 333 1938 ex
363 1829 496 1940 filia
527 1897 749 1962 nepos,
787 1874 1184 1959 quaestorius
1217 1885 1507 1941 mortuus
1545 1885 1663 1954 est,
1699 1873 2044 1961 probabilis
2080 1887 2310 1952 orator,

247 1967 377 2032 iam
428 1990 581 2036 vero
633 1968 824 2034 etiam
874 1969 1211 2055 probatus,
1269 1991 1350 2034 ex
1404 1968 1525 2034 hac
1574 1968 1753 2055 inopi
1804 1969 1886 2032 ad
1938 1968 2312 2046 ornandum,

251 2061 365 2127 sed
409 2062 492 2127 ad
523 2061 974 2128 inveniendum
1011 2062 1310 2150 expedita
1341 2063 1785 2150 Hermagorae
1819 2060 2182 2148 disciplina.
2236 2085 2315 2128 ea

249 2154 362 2220 dat
391 2155 672 2238 rationes
723 2166 930 2222 certas
967 2166 1035 2222 et
1073 2167 1417 2244 praecepta
1468 2156 1749 2222 dicendi.
1804 2177 1967 2241 quae
2014 2156 2070 2221 si
2110 2155 2315 2222 mino·-

248 2269 387 2314 rem
447 2231 686 2315 habent
747 2259 1151 2337 apparatum,
1214 2261 1364 2317 sunt
1427 2250 1597 2317 enim
1649 2250 1868 2329 exilia,
1930 2259 2142 2316 tamen
2201 2249 2317 2317 ha-

249 2342 407 2424 bent
465 2342 752 2408 ordinem
812 2354 878 2409 et
928 2344 1239 2426 quasdam
1291 2366 1501 2410 errare
1561 2344 1631 2409 in
1691 2344 1961 2410 dicendo
2011 2367 2143 2410 non
2198 2343 2316 2429 'pap

251 2433 466 2501 tientis
518 2435 678 2500 vias,
776 2434 894 2499 has
944 2436 1053 2502 ille
1105 2446 1330 2501 tenens
1385 2447 1452 2501 et
1500 2446 1761 2520 paratus
1807 2437 1891 2500 ad
1934 2457 2158 2501 causas
2205 2456 2317 2499 ve-

253 2529 469 2607 niens,
505 2527 846 2594 verborum
879 2550 1012 2593 non
1047 2550 1266 2615 egens,
1302 2528 1447 2614 ipsa
1476 2528 1589 2617 illa
1623 2528 2090 2613 comparatione
2126 2525 2316 2591 disei-

252 2624 552 2709 plinaque
587 2621 839 2686 dicendi
872 2621 1002 2687 iam
1035 2622 1104 2686 in
1128 2632 1537 2708 patronorum
1561 2643 1895 2686 numerum
1918 2630 2312 2706 pervenerat.

245 2726 392 2805 ‘erat
426 2714 618 2781 etiam
652 2713 749 2779 vir
784 2713 1009 2780 doctus
1052 2714 1121 2778 in
1153 2714 1373 2801 primis
1414 2713 1493 2781 C.
1527 2712 1835 2783 Visellius
1870 2715 2107 2791 Varro,
2163 2712 2313 2778 con-
2348 2740 2427 2781 264

258 2808 550 2877 sobrinus
601 2830 816 2887 meus,
870 2807 980 2892 qui
1021 2806 1144 2873 fuit
1196 2829 1342 2878 cum
1387 2806 1628 2874 Sicinio
1684 2815 1889 2872 aetate
1944 2806 2313 2873 coniunctus

257 2914 323 2969 et
356 2922 502 2967 cum
533 2911 684 2990 post
717 2901 1002 2967 curulem
1035 2900 1422 2968 aedilitatem
1472 2901 1667 2967 iudex
1701 2898 2087 2984 quaestionis
2124 2900 2313 2981 esset,

259 3009 360 3066 est
388 3008 709 3063 mortuus.
759 2996 829 3061 in
863 3018 990 3081 quo
1025 2997 1230 3063 fateor
1273 2996 1448 3083 volgi
1497 2995 1799 3061 iudicium
1832 3018 1873 3059 a
1904 2995 2137 3061 iudicio
2170 3018 2315 3061 meo

261 3092 673 3171 dissensisse3
724 3113 876 3157 nam
907 3092 1146 3178 populo
1179 3114 1310 3157 non
1345 3100 1483 3157 erat
1517 3089 1671 3156 satis
1716 3088 2080 3155 vendibilis·
2131 3090 2318 3175 prae-

261 3207 412 3273 ceps
441 3173 754 3271 quaedam
789 3196 855 3251 et
887 3206 1033 3251 cum
1059 3184 1292 3251 idcirco
1321 3186 1613 3263 obscura,
1651 3184 1799 3269 quia
1822 3193 2143 3271 peracuta,
2181 3194 2315 3249 tum

259 3279 484 3364 rapida
519 3274 658 3364 [et]
715 3278 1034 3345 celeritate
1086 3288 1342 3344 caecata
1396 3278 1623 3355 oratio3
1681 3278 1797 3343 sed
1846 3300 2051 3361 neque
2103 3278 2315 3343 verbis

264 3371 571 3465 aptiorem
606 3370 732 3437 cito
768 3372 962 3437 alium
997 3371 1263 3438 dixerim
1297 3394 1505 3456 neque
1542 3371 1870 3437 sententiis
1906 3370 2314 3469 crebriorem3

262 3474 594 3552 praeterea
623 3464 1000 3550 perfectus
979 3488 1049 3529 ιιι
1081 3465 1304 3531 litteris
1347 3465 1629 3548 iurisque
1664 3466 1919 3531 civilis
1899 3489 2028 3531 iam
2064 3488 2104 3530 a
2134 3475 2315 3551 patre
2416 3512 2420 3519 ,

261 3558 596 3625 Aculeone
639 3558 934 3623 traditam
969 3559 1170 3624 tenuit
1213 3557 1629 3646 disciplinam.
1716 3558 1940 3642 reliqui
1976 3567 2154 3637 sunt,
2208 3557 2317 3643 qui
2348 3580 2427 3622 265

263 3652 499 3721 mortui
533 3652 686 3731 sint,
720 3652 805 3718 L.
843 3652 1236 3738 Torquatus,
1283 3674 1474 3737 quem
1508 3662 1578 3717 tu
1611 3674 1741 3719 non
1784 3662 1914 3716 tam
1948 3651 2078 3719 cito
2104 3651 2319 3717 rheto-

263 3772 401 3817 rem
453 3746 754 3826 dixisses,
809 3744 931 3812 etsi
974 3768 1104 3812 non
1148 3746 1366 3811 deerat
1416 3744 1645 3824 oratio,
1700 3767 1916 3830 quam,
1968 3755 2040 3810 ut
2086 3743 2318 3810 Graeci

267 3843 512 3920 dicunt,
567 3839 938 3920 πολιτικῶς
993 3835 1173 3906 erant
1206 3839 1276 3905 in
1298 3862 1385 3922 ,eo
1420 3838 1727 3925 plurimae
1770 3837 2015 3905 litterae
2048 3859 2168 3903 nec
2202 3833 2317 3903 eae

267 3936 591 4021 volgares,
643 3935 761 4001 sed
786 3932 1140 4001 'interiores
1195 3933 1506 4018 quaedam
1548 3942 1613 3999 et
1660 3932 2049 4011 reconditae3
2104 3930 2318 3997 divina

265 4028 598 4111 memoria,
653 4050 905 4095 summa
935 4028 1272 4094 verborum
1307 4038 1371 4095 et
1406 4025 1685 4117 gravitas
1722 4037 1785 4093 et
1827 4024 2169 4113 elegantia,
2220 4034 2317 4090 at-

372 4130 592 4174 Giceronis
610 4130 691 4174 rol.
715 4128 769 4174 11.
1293 4149 1296 4157 ·
1899 4132 1958 4178 17
