<?xml version="1.0" encoding="UTF-8"?>
<!DOCTYPE html PUBLIC "-//W3C//DTD XHTML 1.0 Transitional//EN"
    "http://www.w3.org/TR/xhtml1/DTD/xhtml1-transitional.dtd">
<html xmlns="http://www.w3.org/1999/xhtml" xml:lang="en" lang="en">
 <head>
  <title>
</title>
<meta http-equiv="Content-Type" content="text/html;charset=utf-8" />
  <meta name='ocr-system' content='tesseract 3.04.00' />
  <meta name='ocr-capabilities' content='ocr_page ocr_carea ocr_par ocr_line ocrx_word'/>
</head>
<body>
  <div class='ocr_page' id='page_1' title='image "./mtulliiciceroni11unkngoog_0319.png"; bbox 0 0 2784 4575; ppageno 0'>
   <div class='ocr_carea' id='block_1_1' title="bbox 812 260 2306 329">
    <p class='ocr_par' dir='ltr' id='par_1_1' title="bbox 812 260 2306 329">
     <span class='ocr_line' id='line_1_1' title="bbox 812 260 2306 329; baseline -0.002 0"><span class='ocrx_word' id='word_1_1' title='bbox 812 273 915 329; x_wconf 86' lang='lat' dir='ltr'><strong>DE</strong></span> <span class='ocrx_word' id='word_1_2' title='bbox 953 270 1319 329; x_wconf 85' lang='lat' dir='ltr'><strong>ORATORE</strong></span> <span class='ocrx_word' id='word_1_3' title='bbox 1352 270 1400 327; x_wconf 83' lang='lat'><strong>1.</strong></span> <span class='ocrx_word' id='word_1_4' title='bbox 1435 272 1749 327; x_wconf 83' lang='lat'>145—155.</span> <span class='ocrx_word' id='word_1_5' title='bbox 2219 260 2306 328; x_wconf 82' lang='lat'><strong>31</strong></span> 
     </span>
    </p>
   </div>
   <div class='ocr_carea' id='block_1_2' title="bbox 256 394 2435 4146">
    <p class='ocr_par' dir='ltr' id='par_1_2' title="bbox 256 394 2435 4146">
     <span class='ocr_line' id='line_1_2' title="bbox 260 394 2315 483; baseline -0 -19"><span class='ocrx_word' id='word_1_6' title='bbox 260 398 557 465; x_wconf 85' lang='lat' dir='ltr'><strong>scribere.</strong></span> <span class='ocrx_word' id='word_1_7' title='bbox 645 396 825 462; x_wconf 89' lang='lat' dir='ltr'><strong>stilus</strong></span> <span class='ocrx_word' id='word_1_8' title='bbox 880 396 1155 483; x_wconf 88' lang='lat' dir='ltr'><strong>optimus</strong></span> <span class='ocrx_word' id='word_1_9' title='bbox 1208 406 1275 462; x_wconf 88' lang='lat' dir='ltr'><strong>et</strong></span> <span class='ocrx_word' id='word_1_10' title='bbox 1314 394 1897 483; x_wconf 87' lang='lat' dir='ltr'><strong>praestantissimus</strong></span> <span class='ocrx_word' id='word_1_11' title='bbox 1933 395 2184 463; x_wconf 85' lang='lat' dir='ltr'><strong>dicendi</strong></span> <span class='ocrx_word' id='word_1_12' title='bbox 2218 398 2315 463; x_wconf 88' lang='lat' dir='ltr'><strong>ef-</strong></span> 
     </span>
     <span class='ocr_line' id='line_1_3' title="bbox 258 489 2314 578; baseline -0 -20"><span class='ocrx_word' id='word_1_13' title='bbox 258 494 463 559; x_wconf 86' lang='lat' dir='ltr'><strong>fector</strong></span> <span class='ocrx_word' id='word_1_14' title='bbox 498 513 572 557; x_wconf 87' lang='lat' dir='ltr'><strong>ac</strong></span> <span class='ocrx_word' id='word_1_15' title='bbox 606 490 913 578; x_wconf 83' lang='lat' dir='ltr'><strong>magister</strong></span> <span class='ocrx_word' id='word_1_16' title='bbox 946 491 1201 557; x_wconf 72' lang='lat' dir='ltr'><strong>habetur</strong></span> <span class='ocrx_word' id='word_1_17' title='bbox 1232 512 1440 575; x_wconf 89' lang='lat' dir='ltr'><strong>neque</strong></span> <span class='ocrx_word' id='word_1_18' title='bbox 1473 489 1702 555; x_wconf 86' lang='lat' dir='ltr'><strong>iniuria</strong></span> <span class='ocrx_word' id='word_1_19' title='bbox 1709 514 1728 570; x_wconf 86' lang='lat'>3</span> <span class='ocrx_word' id='word_1_20' title='bbox 1761 513 1912 555; x_wconf 89' lang='lat' dir='ltr'><strong>nam</strong></span> <span class='ocrx_word' id='word_1_21' title='bbox 1949 490 2005 555; x_wconf 88' lang='lat' dir='ltr'><strong>si</strong></span> <span class='ocrx_word' id='word_1_22' title='bbox 2039 492 2314 557; x_wconf 90' lang='lat' dir='ltr'><strong>subitam</strong></span> 
     </span>
     <span class='ocr_line' id='line_1_4' title="bbox 260 583 2314 671; baseline 0 -20"><span class='ocrx_word' id='word_1_23' title='bbox 260 598 327 651; x_wconf 89' lang='lat' dir='ltr'><strong>et</strong></span> <span class='ocrx_word' id='word_1_24' title='bbox 376 584 703 653; x_wconf 87' lang='lat' dir='ltr'><strong>fortuitam</strong></span> <span class='ocrx_word' id='word_1_25' title='bbox 752 585 1104 651; x_wconf 89' lang='lat' dir='ltr'><strong>orationem</strong></span> <span class='ocrx_word' id='word_1_26' title='bbox 1165 584 1612 651; x_wconf 87' lang='lat' dir='ltr'><strong>commentatio</strong></span> <span class='ocrx_word' id='word_1_27' title='bbox 1665 594 1730 648; x_wconf 90' lang='lat' dir='ltr'><strong>et</strong></span> <span class='ocrx_word' id='word_1_28' title='bbox 1779 583 2076 671; x_wconf 84' lang='lat' dir='ltr'>cogitatio</span> <span class='ocrx_word' id='word_1_29' title='bbox 2129 585 2314 652; x_wconf 85' lang='lat' dir='ltr'><strong>facile</strong></span> 
     </span>
     <span class='ocr_line' id='line_1_5' title="bbox 258 678 2316 766; baseline -0.001 -21"><span class='ocrx_word' id='word_1_30' title='bbox 258 680 481 759; x_wconf 81' lang='lat' dir='ltr'><strong>vincit,</strong></span> <span class='ocrx_word' id='word_1_31' title='bbox 526 679 692 745; x_wconf 89' lang='lat' dir='ltr'><strong>hanc</strong></span> <span class='ocrx_word' id='word_1_32' title='bbox 722 678 932 766; x_wconf 76' lang='lat' dir='ltr'><strong>ipsam</strong></span> <span class='ocrx_word' id='word_1_33' title='bbox 963 679 1251 766; x_wconf 87' lang='lat' dir='ltr'><strong>profecto</strong></span> <span class='ocrx_word' id='word_1_34' title='bbox 1286 678 1555 743; x_wconf 87' lang='lat' dir='ltr'><strong>adsidua</strong></span> <span class='ocrx_word' id='word_1_35' title='bbox 1590 698 1666 743; x_wconf 89' lang='lat' dir='ltr'><strong>ac</strong></span> <span class='ocrx_word' id='word_1_36' title='bbox 1699 678 1969 764; x_wconf 88' lang='lat' dir='ltr'><strong>diligens</strong></span> <span class='ocrx_word' id='word_1_37' title='bbox 2007 678 2316 764; x_wconf 86' lang='lat' dir='ltr'><strong>scriptura</strong></span> 
     </span>
     <span class='ocr_line' id='line_1_6' title="bbox 260 770 2418 861; baseline 0.002 -22"><span class='ocrx_word' id='word_1_38' title='bbox 260 773 600 861; x_wconf 78' lang='lat' dir='ltr'><strong>superabit.</strong></span> <span class='ocrx_word' id='word_1_39' title='bbox 688 795 909 840; x_wconf 91' lang='lat' dir='ltr'><strong>omnes</strong></span> <span class='ocrx_word' id='word_1_40' title='bbox 945 773 1145 851; x_wconf 91' lang='lat' dir='ltr'><strong>enim,</strong></span> <span class='ocrx_word' id='word_1_41' title='bbox 1198 772 1333 837; x_wconf 86' lang='lat' dir='ltr'><strong>sive</strong></span> <span class='ocrx_word' id='word_1_42' title='bbox 1370 774 1522 837; x_wconf 88' lang='lat' dir='ltr'><strong>artis</strong></span> <span class='ocrx_word' id='word_1_43' title='bbox 1569 781 1718 837; x_wconf 91' lang='lat' dir='ltr'><strong>sunt</strong></span> <span class='ocrx_word' id='word_1_44' title='bbox 1749 770 1874 837; x_wconf 91' lang='lat' dir='ltr'><strong>loci</strong></span> <span class='ocrx_word' id='word_1_45' title='bbox 1909 770 2044 837; x_wconf 85' lang='lat' dir='ltr'><strong>sive</strong></span> <span class='ocrx_word' id='word_1_46' title='bbox 2077 772 2317 860; x_wconf 87' lang='lat' dir='ltr'><strong>ingenii</strong></span> <span class='ocrx_word' id='word_1_47' title='bbox 2342 796 2418 843; x_wconf 75' lang='lat'><strong>151</strong></span> 
     </span>
     <span class='ocr_line' id='line_1_7' title="bbox 260 864 2315 955; baseline 0 -22"><span class='ocrx_word' id='word_1_48' title='bbox 260 868 590 935; x_wconf 90' lang='lat' dir='ltr'><strong>cuiusdam</strong></span> <span class='ocrx_word' id='word_1_49' title='bbox 634 888 709 933; x_wconf 91' lang='lat' dir='ltr'><strong>ac</strong></span> <span class='ocrx_word' id='word_1_50' title='bbox 752 867 1155 955; x_wconf 79' lang='lat' dir='ltr'><strong>prudentiae,</strong></span> <span class='ocrx_word' id='word_1_51' title='bbox 1208 867 1317 951; x_wconf 89' lang='lat' dir='ltr'><strong>qui</strong></span> <span class='ocrx_word' id='word_1_52' title='bbox 1360 868 1552 933; x_wconf 91' lang='lat' dir='ltr'><strong>modo</strong></span> <span class='ocrx_word' id='word_1_53' title='bbox 1603 866 1822 933; x_wconf 90' lang='lat' dir='ltr'><strong>insunt</strong></span> <span class='ocrx_word' id='word_1_54' title='bbox 1861 864 1930 930; x_wconf 89' lang='lat' dir='ltr'><strong>in</strong></span> <span class='ocrx_word' id='word_1_55' title='bbox 1965 888 2044 932; x_wconf 88' lang='lat' dir='ltr'><strong>ea</strong></span> <span class='ocrx_word' id='word_1_56' title='bbox 2081 890 2180 945; x_wconf 88' lang='lat' dir='ltr'><strong>re,</strong></span> <span class='ocrx_word' id='word_1_57' title='bbox 2235 868 2315 933; x_wconf 93' lang='lat' dir='ltr'><strong>de</strong></span> 
     </span>
     <span class='ocr_line' id='line_1_8' title="bbox 260 960 2317 1047; baseline -0 -19"><span class='ocrx_word' id='word_1_58' title='bbox 260 984 389 1047; x_wconf 88' lang='lat' dir='ltr'><strong>qua</strong></span> <span class='ocrx_word' id='word_1_59' title='bbox 422 962 785 1040; x_wconf 88' lang='lat' dir='ltr'><strong>scribimus,</strong></span> <span class='ocrx_word' id='word_1_60' title='bbox 841 961 1319 1045; x_wconf 78' lang='lat' dir='ltr'><strong>anquirentibus</strong></span> <span class='ocrx_word' id='word_1_61' title='bbox 1354 961 1540 1027; x_wconf 89' lang='lat' dir='ltr'><strong>nobis</strong></span> <span class='ocrx_word' id='word_1_62' title='bbox 1576 960 1874 1044; x_wconf 89' lang='lat' dir='ltr'><strong>omnique</strong></span> <span class='ocrx_word' id='word_1_63' title='bbox 1910 960 2044 1025; x_wconf 89' lang='lat' dir='ltr'><strong>acie</strong></span> <span class='ocrx_word' id='word_1_64' title='bbox 2077 960 2317 1047; x_wconf 86' lang='lat' dir='ltr'><strong>ingenii</strong></span> 
     </span>
     <span class='ocr_line' id='line_1_9' title="bbox 258 1056 2317 1142; baseline 0 -22"><span class='ocrx_word' id='word_1_65' title='bbox 258 1056 833 1142; x_wconf 76' lang='lat' dir='ltr'><strong>contemplantibus</strong></span> <span class='ocrx_word' id='word_1_66' title='bbox 898 1056 1244 1121; x_wconf 88' lang='lat' dir='ltr'><strong>ostendunt</strong></span> <span class='ocrx_word' id='word_1_67' title='bbox 1294 1077 1365 1120; x_wconf 92' lang='lat' dir='ltr'><strong>se</strong></span> <span class='ocrx_word' id='word_1_68' title='bbox 1419 1066 1484 1121; x_wconf 89' lang='lat' dir='ltr'><strong>et</strong></span> <span class='ocrx_word' id='word_1_69' title='bbox 1543 1064 1881 1122; x_wconf 90' lang='lat' dir='ltr'><strong>occurrunt</strong></span> <span class='ocrx_word' id='word_1_70' title='bbox 1888 1080 1908 1133; x_wconf 90' lang='lat'>;</span> <span class='ocrx_word' id='word_1_71' title='bbox 1969 1076 2317 1138; x_wconf 89' lang='lat' dir='ltr'><strong>omnesque</strong></span> 
     </span>
     <span class='ocr_line' id='line_1_10' title="bbox 260 1147 2318 1235; baseline -0.001 -20"><span class='ocrx_word' id='word_1_72' title='bbox 260 1148 610 1215; x_wconf 84' lang='lat' dir='ltr'><strong>sententiae</strong></span> <span class='ocrx_word' id='word_1_73' title='bbox 662 1149 981 1233; x_wconf 85' lang='lat' dir='ltr'><strong>verbaque</strong></span> <span class='ocrx_word' id='word_1_74' title='bbox 1032 1148 1272 1228; x_wconf 87' lang='lat' dir='ltr'><strong>omnia,</strong></span> <span class='ocrx_word' id='word_1_75' title='bbox 1326 1170 1488 1233; x_wconf 90' lang='lat' dir='ltr'><strong>quae</strong></span> <span class='ocrx_word' id='word_1_76' title='bbox 1527 1160 1676 1214; x_wconf 90' lang='lat' dir='ltr'><strong>sunt</strong></span> <span class='ocrx_word' id='word_1_77' title='bbox 1718 1148 2020 1232; x_wconf 87' lang='lat' dir='ltr'><strong>cuiusque</strong></span> <span class='ocrx_word' id='word_1_78' title='bbox 2065 1147 2318 1235; x_wconf 87' lang='lat' dir='ltr'><strong>generis</strong></span> 
     </span>
     <span class='ocr_line' id='line_1_11' title="bbox 258 1240 2320 1321; baseline -0 -14"><span class='ocrx_word' id='word_1_79' title='bbox 258 1242 533 1308; x_wconf 80' lang='lat' dir='ltr'><strong>maxime</strong></span> <span class='ocrx_word' id='word_1_80' title='bbox 566 1240 885 1321; x_wconf 77' lang='lat' dir='ltr'><strong>inlustria,</strong></span> <span class='ocrx_word' id='word_1_81' title='bbox 940 1244 1059 1309; x_wconf 88' lang='lat' dir='ltr'><strong>sub</strong></span> <span class='ocrx_word' id='word_1_82' title='bbox 1096 1264 1362 1308; x_wconf 83' lang='lat' dir='ltr'><strong>acumen</strong></span> <span class='ocrx_word' id='word_1_83' title='bbox 1399 1242 1527 1308; x_wconf 88' lang='lat' dir='ltr'><strong>stili</strong></span> <span class='ocrx_word' id='word_1_84' title='bbox 1573 1242 1842 1307; x_wconf 82' lang='lat' dir='ltr'><strong>subeant</strong></span> <span class='ocrx_word' id='word_1_85' title='bbox 1875 1252 1942 1307; x_wconf 88' lang='lat' dir='ltr'><strong>et</strong></span> <span class='ocrx_word' id='word_1_86' title='bbox 1975 1242 2320 1307; x_wconf 75' lang='lat' dir='ltr'><strong>succedant</strong></span> 
     </span>
     <span class='ocr_line' id='line_1_12' title="bbox 258 1336 2318 1423; baseline 0 -22"><span class='ocrx_word' id='word_1_87' title='bbox 258 1358 522 1403; x_wconf 87' lang='lat' dir='ltr'><strong>necesse</strong></span> <span class='ocrx_word' id='word_1_88' title='bbox 558 1347 685 1415; x_wconf 84' lang='lat' dir='ltr'><strong>est3</strong></span> <span class='ocrx_word' id='word_1_89' title='bbox 738 1348 875 1402; x_wconf 91' lang='lat' dir='ltr'><strong>tum</strong></span> <span class='ocrx_word' id='word_1_90' title='bbox 924 1336 1069 1423; x_wconf 88' lang='lat' dir='ltr'><strong>ipsa</strong></span> <span class='ocrx_word' id='word_1_91' title='bbox 1112 1336 1463 1403; x_wconf 86' lang='lat' dir='ltr'><strong>conlocatio</strong></span> <span class='ocrx_word' id='word_1_92' title='bbox 1517 1336 2056 1421; x_wconf 85' lang='lat' dir='ltr'><strong>conformatioque</strong></span> <span class='ocrx_word' id='word_1_93' title='bbox 2092 1336 2318 1402; x_wconf 87' lang='lat' dir='ltr'><strong>verbo-</strong></span> 
     </span>
     <span class='ocr_line' id='line_1_13' title="bbox 257 1429 2434 1518; baseline 0 -23"><span class='ocrx_word' id='word_1_94' title='bbox 257 1452 401 1495; x_wconf 91' lang='lat' dir='ltr'><strong>rum</strong></span> <span class='ocrx_word' id='word_1_95' title='bbox 450 1431 771 1518; x_wconf 82' lang='lat' dir='ltr'><strong>perficitur</strong></span> <span class='ocrx_word' id='word_1_96' title='bbox 820 1431 889 1495; x_wconf 89' lang='lat' dir='ltr'><strong>in</strong></span> <span class='ocrx_word' id='word_1_97' title='bbox 942 1430 1305 1509; x_wconf 90' lang='lat' dir='ltr'><strong>scribend0,</strong></span> <span class='ocrx_word' id='word_1_98' title='bbox 1358 1452 1489 1495; x_wconf 91' lang='lat' dir='ltr'><strong>non</strong></span> <span class='ocrx_word' id='word_1_99' title='bbox 1539 1429 1820 1517; x_wconf 77' lang='lat' dir='ltr'><strong>poe‘tico,</strong></span> <span class='ocrx_word' id='word_1_100' title='bbox 1874 1430 1990 1495; x_wconf 89' lang='lat' dir='ltr'><strong>sed</strong></span> <span class='ocrx_word' id='word_1_101' title='bbox 2041 1430 2318 1514; x_wconf 86' lang='lat' dir='ltr'><strong>quodam</strong></span> <span class='ocrx_word' id='word_1_102' title='bbox 2429 1462 2434 1465; x_wconf 96' lang='lat'>·</span> 
     </span>
     <span class='ocr_line' id='line_1_14' title="bbox 260 1523 2432 1609; baseline 0.001 -20"><span class='ocrx_word' id='word_1_103' title='bbox 260 1523 534 1589; x_wconf 87' lang='lat' dir='ltr'><strong>oratorio</strong></span> <span class='ocrx_word' id='word_1_104' title='bbox 578 1546 842 1589; x_wconf 88' lang='lat' dir='ltr'><strong>numero</strong></span> <span class='ocrx_word' id='word_1_105' title='bbox 878 1534 945 1589; x_wconf 89' lang='lat' dir='ltr'><strong>et</strong></span> <span class='ocrx_word' id='word_1_106' title='bbox 976 1525 1187 1589; x_wconf 91' lang='lat' dir='ltr'><strong>modo.</strong></span> <span class='ocrx_word' id='word_1_107' title='bbox 1276 1524 1436 1588; x_wconf 87' lang='lat' dir='ltr'><strong>haec</strong></span> <span class='ocrx_word' id='word_1_108' title='bbox 1481 1534 1656 1602; x_wconf 89' lang='lat' dir='ltr'><strong>sunt,</strong></span> <span class='ocrx_word' id='word_1_109' title='bbox 1709 1546 1872 1609; x_wconf 86' lang='lat' dir='ltr'><strong>quae</strong></span> <span class='ocrx_word' id='word_1_110' title='bbox 1907 1525 2214 1591; x_wconf 76' lang='lat' dir='ltr'><strong>clamores</strong></span> <span class='ocrx_word' id='word_1_111' title='bbox 2251 1536 2316 1590; x_wconf 91' lang='lat' dir='ltr'><strong>et</strong></span> <span class='ocrx_word' id='word_1_112' title='bbox 2351 1549 2432 1592; x_wconf 77' lang='lat'><strong>152</strong></span> 
     </span>
     <span class='ocr_line' id='line_1_15' title="bbox 261 1616 2319 1702; baseline 0.001 -21"><span class='ocrx_word' id='word_1_113' title='bbox 261 1616 706 1683; x_wconf 84' lang='lat' dir='ltr'><strong>admirationes</strong></span> <span class='ocrx_word' id='word_1_114' title='bbox 741 1617 810 1682; x_wconf 88' lang='lat' dir='ltr'><strong>in</strong></span> <span class='ocrx_word' id='word_1_115' title='bbox 841 1616 1029 1684; x_wconf 90' lang='lat' dir='ltr'><strong>bonis</strong></span> <span class='ocrx_word' id='word_1_116' title='bbox 1064 1617 1418 1683; x_wconf 89' lang='lat' dir='ltr'><strong>oratoribus</strong></span> <span class='ocrx_word' id='word_1_117' title='bbox 1446 1618 1730 1683; x_wconf 84' lang='lat' dir='ltr'><strong>efficiunt</strong></span> <span class='ocrx_word' id='word_1_118' title='bbox 1736 1642 1756 1696; x_wconf 87' lang='lat'><em>3</em></span> <span class='ocrx_word' id='word_1_119' title='bbox 1792 1640 1998 1702; x_wconf 89' lang='lat' dir='ltr'><strong>neque</strong></span> <span class='ocrx_word' id='word_1_120' title='bbox 2033 1641 2112 1683; x_wconf 89' lang='lat' dir='ltr'><strong>ea</strong></span> <span class='ocrx_word' id='word_1_121' title='bbox 2145 1618 2319 1702; x_wconf 89' lang='lat' dir='ltr'><strong>quis-</strong></span> 
     </span>
     <span class='ocr_line' id='line_1_16' title="bbox 260 1710 2320 1798; baseline 0 -23"><span class='ocrx_word' id='word_1_122' title='bbox 260 1734 479 1795; x_wconf 86' lang='lat' dir='ltr'><strong>quam,</strong></span> <span class='ocrx_word' id='word_1_123' title='bbox 514 1710 640 1777; x_wconf 89' lang='lat' dir='ltr'><strong>nisi</strong></span> <span class='ocrx_word' id='word_1_124' title='bbox 672 1711 783 1776; x_wconf 87' lang='lat' dir='ltr'><strong>diu</strong></span> <span class='ocrx_word' id='word_1_125' title='bbox 815 1712 1211 1795; x_wconf 90' lang='lat' dir='ltr'><strong>multumque</strong></span> <span class='ocrx_word' id='word_1_126' title='bbox 1246 1711 1639 1798; x_wconf 85' lang='lat' dir='ltr'><strong>scriptitarit,</strong></span> <span class='ocrx_word' id='word_1_127' title='bbox 1695 1711 1944 1777; x_wconf 89' lang='lat' dir='ltr'><strong>etiamsi</strong></span> <span class='ocrx_word' id='word_1_128' title='bbox 1977 1712 2320 1777; x_wconf 83' lang='lat' dir='ltr'><strong>vehemen-</strong></span> 
     </span>
     <span class='ocr_line' id='line_1_17' title="bbox 260 1806 2320 1884; baseline 0.001 -15"><span class='ocrx_word' id='word_1_129' title='bbox 260 1806 504 1872; x_wconf 88' lang='lat' dir='ltr'><strong>tissime</strong></span> <span class='ocrx_word' id='word_1_130' title='bbox 555 1828 627 1872; x_wconf 89' lang='lat' dir='ltr'><strong>se</strong></span> <span class='ocrx_word' id='word_1_131' title='bbox 677 1806 746 1871; x_wconf 89' lang='lat' dir='ltr'><strong>in</strong></span> <span class='ocrx_word' id='word_1_132' title='bbox 797 1806 898 1871; x_wconf 89' lang='lat' dir='ltr'><strong>his</strong></span> <span class='ocrx_word' id='word_1_133' title='bbox 953 1806 1179 1871; x_wconf 87' lang='lat' dir='ltr'><strong>subitis</strong></span> <span class='ocrx_word' id='word_1_134' title='bbox 1226 1806 1604 1872; x_wconf 88' lang='lat' dir='ltr'><strong>dictionibus</strong></span> <span class='ocrx_word' id='word_1_135' title='bbox 1659 1806 2038 1884; x_wconf 87' lang='lat' dir='ltr'><strong>exercuerit,</strong></span> <span class='ocrx_word' id='word_1_136' title='bbox 2095 1826 2320 1871; x_wconf 85' lang='lat' dir='ltr'><strong>conse-</strong></span> 
     </span>
     <span class='ocr_line' id='line_1_18' title="bbox 260 1898 2320 1985; baseline 0 -20"><span class='ocrx_word' id='word_1_137' title='bbox 260 1911 515 1985; x_wconf 88' lang='lat' dir='ltr'><strong>quetur;</strong></span> <span class='ocrx_word' id='word_1_138' title='bbox 576 1912 643 1966; x_wconf 90' lang='lat' dir='ltr'><strong>et</strong></span> <span class='ocrx_word' id='word_1_139' title='bbox 693 1900 803 1985; x_wconf 90' lang='lat' dir='ltr'><strong>qui</strong></span> <span class='ocrx_word' id='word_1_140' title='bbox 856 1924 896 1965; x_wconf 89' lang='lat' dir='ltr'><strong>a</strong></span> <span class='ocrx_word' id='word_1_141' title='bbox 948 1900 1265 1967; x_wconf 89' lang='lat' dir='ltr'><strong>scribendi</strong></span> <span class='ocrx_word' id='word_1_142' title='bbox 1326 1900 1785 1967; x_wconf 88' lang='lat' dir='ltr'><strong>consuetudine</strong></span> <span class='ocrx_word' id='word_1_143' title='bbox 1839 1900 1920 1965; x_wconf 88' lang='lat' dir='ltr'><strong>ad</strong></span> <span class='ocrx_word' id='word_1_144' title='bbox 1981 1898 2320 1965; x_wconf 87' lang='lat' dir='ltr'><strong>dicendum</strong></span> 
     </span>
     <span class='ocr_line' id='line_1_19' title="bbox 258 1992 2319 2073; baseline -0.001 -14"><span class='ocrx_word' id='word_1_145' title='bbox 258 1994 459 2073; x_wconf 84' lang='lat' dir='ltr'><strong>venit,</strong></span> <span class='ocrx_word' id='word_1_146' title='bbox 506 1994 672 2060; x_wconf 87' lang='lat' dir='ltr'><strong>hanc</strong></span> <span class='ocrx_word' id='word_1_147' title='bbox 708 1994 915 2061; x_wconf 87' lang='lat' dir='ltr'><strong>adfert</strong></span> <span class='ocrx_word' id='word_1_148' title='bbox 949 1995 1345 2073; x_wconf 85' lang='lat' dir='ltr'><strong>facultatem,</strong></span> <span class='ocrx_word' id='word_1_149' title='bbox 1401 2005 1500 2073; x_wconf 90' lang='lat' dir='ltr'><strong>ut,</strong></span> <span class='ocrx_word' id='word_1_150' title='bbox 1555 1995 1747 2061; x_wconf 88' lang='lat' dir='ltr'><strong>etiam</strong></span> <span class='ocrx_word' id='word_1_151' title='bbox 1791 1994 2001 2060; x_wconf 90' lang='lat' dir='ltr'><strong>subito</strong></span> <span class='ocrx_word' id='word_1_152' title='bbox 2039 1994 2094 2059; x_wconf 91' lang='lat' dir='ltr'><strong>si</strong></span> <span class='ocrx_word' id='word_1_153' title='bbox 2130 1992 2319 2071; x_wconf 88' lang='lat' dir='ltr'><strong>dicat,</strong></span> 
     </span>
     <span class='ocr_line' id='line_1_20' title="bbox 258 2086 2322 2176; baseline 0 -22"><span class='ocrx_word' id='word_1_154' title='bbox 258 2100 473 2154; x_wconf 88' lang='lat' dir='ltr'><strong>tamen</strong></span> <span class='ocrx_word' id='word_1_155' title='bbox 504 2090 642 2168; x_wconf 91' lang='lat' dir='ltr'><strong>illa,</strong></span> <span class='ocrx_word' id='word_1_156' title='bbox 697 2112 861 2175; x_wconf 90' lang='lat' dir='ltr'><strong>quae</strong></span> <span class='ocrx_word' id='word_1_157' title='bbox 896 2090 1215 2169; x_wconf 85' lang='lat' dir='ltr'><strong>dicantur,</strong></span> <span class='ocrx_word' id='word_1_158' title='bbox 1270 2090 1500 2157; x_wconf 87' lang='lat' dir='ltr'><strong>similia</strong></span> <span class='ocrx_word' id='word_1_159' title='bbox 1543 2090 1920 2176; x_wconf 88' lang='lat' dir='ltr'><strong>scriptorum</strong></span> <span class='ocrx_word' id='word_1_160' title='bbox 1965 2112 2108 2155; x_wconf 90' lang='lat' dir='ltr'><strong>esse</strong></span> <span class='ocrx_word' id='word_1_161' title='bbox 2143 2086 2322 2155; x_wconf 81' lang='lat' dir='ltr'><strong>vide-</strong></span> 
     </span>
     <span class='ocr_line' id='line_1_21' title="bbox 260 2183 2324 2271; baseline 0 -24"><span class='ocrx_word' id='word_1_162' title='bbox 260 2194 473 2261; x_wconf 82' lang='lat' dir='ltr'><strong>antur3</strong></span> <span class='ocrx_word' id='word_1_163' title='bbox 528 2194 717 2267; x_wconf 86' lang='lat' dir='ltr'><strong>atque</strong></span> <span class='ocrx_word' id='word_1_164' title='bbox 752 2184 971 2262; x_wconf 89' lang='lat' dir='ltr'><strong>etiam,</strong></span> <span class='ocrx_word' id='word_1_165' title='bbox 1027 2184 1083 2249; x_wconf 89' lang='lat' dir='ltr'><strong>si</strong></span> <span class='ocrx_word' id='word_1_166' title='bbox 1118 2184 1370 2269; x_wconf 89' lang='lat' dir='ltr'><strong>quando</strong></span> <span class='ocrx_word' id='word_1_167' title='bbox 1405 2184 1474 2249; x_wconf 89' lang='lat' dir='ltr'><strong>in</strong></span> <span class='ocrx_word' id='word_1_168' title='bbox 1509 2184 1778 2250; x_wconf 88' lang='lat' dir='ltr'><strong>dicendo</strong></span> <span class='ocrx_word' id='word_1_169' title='bbox 1815 2183 2119 2271; x_wconf 89' lang='lat' dir='ltr'><strong>scriptum</strong></span> <span class='ocrx_word' id='word_1_170' title='bbox 2156 2192 2324 2251; x_wconf 86' lang='lat' dir='ltr'><strong>attu-</strong></span> 
     </span>
     <span class='ocr_line' id='line_1_22' title="bbox 259 2275 2318 2363; baseline -0 -20"><span class='ocrx_word' id='word_1_171' title='bbox 259 2276 403 2343; x_wconf 88' lang='lat' dir='ltr'><strong>lerit</strong></span> <span class='ocrx_word' id='word_1_172' title='bbox 437 2275 701 2360; x_wconf 85' lang='lat' dir='ltr'><strong>aliquid,</strong></span> <span class='ocrx_word' id='word_1_173' title='bbox 739 2300 885 2344; x_wconf 90' lang='lat' dir='ltr'><strong>cum</strong></span> <span class='ocrx_word' id='word_1_174' title='bbox 920 2278 1001 2344; x_wconf 89' lang='lat' dir='ltr'><strong>ab</strong></span> <span class='ocrx_word' id='word_1_175' title='bbox 1038 2301 1113 2344; x_wconf 91' lang='lat' dir='ltr'><strong>eo</strong></span> <span class='ocrx_word' id='word_1_176' title='bbox 1152 2278 1543 2356; x_wconf 85' lang='lat' dir='ltr'><strong>discesserit,</strong></span> <span class='ocrx_word' id='word_1_177' title='bbox 1580 2278 1824 2363; x_wconf 87' lang='lat' dir='ltr'><strong>reliqua</strong></span> <span class='ocrx_word' id='word_1_178' title='bbox 1858 2277 2080 2344; x_wconf 88' lang='lat' dir='ltr'><strong>similis</strong></span> <span class='ocrx_word' id='word_1_179' title='bbox 2117 2276 2318 2343; x_wconf 90' lang='lat' dir='ltr'><strong>oratio</strong></span> 
     </span>
     <span class='ocr_line' id='line_1_23' title="bbox 261 2372 2432 2460; baseline 0 -23"><span class='ocrx_word' id='word_1_180' title='bbox 261 2382 713 2454; x_wconf 86' lang='lat' dir='ltr'><strong>consequatur3</strong></span> <span class='ocrx_word' id='word_1_181' title='bbox 764 2385 837 2437; x_wconf 91' lang='lat' dir='ltr'><strong>ut</strong></span> <span class='ocrx_word' id='word_1_182' title='bbox 870 2373 1183 2440; x_wconf 89' lang='lat' dir='ltr'><strong>concitato</strong></span> <span class='ocrx_word' id='word_1_183' title='bbox 1218 2373 1503 2459; x_wconf 85' lang='lat' dir='ltr'><strong>navigio,</strong></span> <span class='ocrx_word' id='word_1_184' title='bbox 1541 2394 1685 2438; x_wconf 93' lang='lat' dir='ltr'><strong>cum</strong></span> <span class='ocrx_word' id='word_1_185' title='bbox 1718 2373 1994 2460; x_wconf 85' lang='lat' dir='ltr'><strong>remiges</strong></span> <span class='ocrx_word' id='word_1_186' title='bbox 2029 2372 2320 2437; x_wconf 88' lang='lat' dir='ltr'><strong>inhibue-</strong></span> <span class='ocrx_word' id='word_1_187' title='bbox 2353 2397 2432 2438; x_wconf 77' lang='lat'><strong>153</strong></span> 
     </span>
     <span class='ocr_line' id='line_1_24' title="bbox 256 2463 2320 2552; baseline 0 -23"><span class='ocrx_word' id='word_1_188' title='bbox 256 2475 435 2542; x_wconf 84' lang='lat' dir='ltr'><strong>runt,</strong></span> <span class='ocrx_word' id='word_1_189' title='bbox 486 2463 716 2528; x_wconf 89' lang='lat' dir='ltr'><strong>retinet</strong></span> <span class='ocrx_word' id='word_1_190' title='bbox 766 2475 981 2552; x_wconf 74' lang='lat' dir='ltr'><strong>tamen</strong></span> <span class='ocrx_word' id='word_1_191' title='bbox 1022 2467 1167 2552; x_wconf 91' lang='lat' dir='ltr'><strong>ipsa</strong></span> <span class='ocrx_word' id='word_1_192' title='bbox 1216 2467 1402 2532; x_wconf 86' lang='lat' dir='ltr'><strong>navis</strong></span> <span class='ocrx_word' id='word_1_193' title='bbox 1443 2477 1688 2531; x_wconf 89' lang='lat' dir='ltr'><strong>motum</strong></span> <span class='ocrx_word' id='word_1_194' title='bbox 1732 2477 1798 2532; x_wconf 87' lang='lat' dir='ltr'><strong>et</strong></span> <span class='ocrx_word' id='word_1_195' title='bbox 1829 2487 2087 2532; x_wconf 88' lang='lat' dir='ltr'><strong>cursum</strong></span> <span class='ocrx_word' id='word_1_196' title='bbox 2133 2488 2320 2530; x_wconf 91' lang='lat' dir='ltr'><strong>suum</strong></span> 
     </span>
     <span class='ocr_line' id='line_1_25' title="bbox 259 2557 2321 2645; baseline -0 -22"><span class='ocrx_word' id='word_1_197' title='bbox 259 2557 624 2623; x_wconf 88' lang='lat' dir='ltr'><strong>intermisso</strong></span> <span class='ocrx_word' id='word_1_198' title='bbox 656 2557 897 2643; x_wconf 91' lang='lat' dir='ltr'><strong>impetu</strong></span> <span class='ocrx_word' id='word_1_199' title='bbox 922 2559 1241 2645; x_wconf 90' lang='lat' dir='ltr'><strong>pulsuque</strong></span> <span class='ocrx_word' id='word_1_200' title='bbox 1264 2581 1603 2636; x_wconf 85' lang='lat' dir='ltr'><strong>remorum,</strong></span> <span class='ocrx_word' id='word_1_201' title='bbox 1643 2559 1736 2623; x_wconf 90' lang='lat' dir='ltr'><strong>sic</strong></span> <span class='ocrx_word' id='word_1_202' title='bbox 1767 2559 1836 2622; x_wconf 91' lang='lat' dir='ltr'><strong>in</strong></span> <span class='ocrx_word' id='word_1_203' title='bbox 1869 2559 2152 2624; x_wconf 88' lang='lat' dir='ltr'><strong>oratione</strong></span> <span class='ocrx_word' id='word_1_204' title='bbox 2176 2580 2321 2644; x_wconf 88' lang='lat' dir='ltr'><strong>per-</strong></span> 
     </span>
     <span class='ocr_line' id='line_1_26' title="bbox 258 2650 2323 2737; baseline -0.001 -21"><span class='ocrx_word' id='word_1_205' title='bbox 258 2661 479 2737; x_wconf 89' lang='lat' dir='ltr'><strong>petua,</strong></span> <span class='ocrx_word' id='word_1_206' title='bbox 536 2673 681 2716; x_wconf 87' lang='lat' dir='ltr'><strong>cum</strong></span> <span class='ocrx_word' id='word_1_207' title='bbox 716 2651 951 2737; x_wconf 89' lang='lat' dir='ltr'><strong>scripta</strong></span> <span class='ocrx_word' id='word_1_208' title='bbox 1003 2650 1330 2730; x_wconf 86' lang='lat' dir='ltr'><strong>deficiunt,</strong></span> <span class='ocrx_word' id='word_1_209' title='bbox 1383 2674 1605 2737; x_wconf 87' lang='lat' dir='ltr'><strong>parem</strong></span> <span class='ocrx_word' id='word_1_210' title='bbox 1640 2661 1853 2716; x_wconf 89' lang='lat' dir='ltr'><strong>tamen</strong></span> <span class='ocrx_word' id='word_1_211' title='bbox 1905 2652 2148 2717; x_wconf 91' lang='lat' dir='ltr'><strong>obtinet</strong></span> <span class='ocrx_word' id='word_1_212' title='bbox 2181 2673 2323 2716; x_wconf 91' lang='lat' dir='ltr'><strong>ora-</strong></span> 
     </span>
     <span class='ocr_line' id='line_1_27' title="bbox 260 2743 2321 2832; baseline -0.001 -22"><span class='ocrx_word' id='word_1_213' title='bbox 260 2745 350 2810; x_wconf 91' lang='lat' dir='ltr'><strong>tio</strong></span> <span class='ocrx_word' id='word_1_214' title='bbox 384 2744 631 2829; x_wconf 89' lang='lat' dir='ltr'><strong>reliqua</strong></span> <span class='ocrx_word' id='word_1_215' title='bbox 682 2765 939 2810; x_wconf 90' lang='lat' dir='ltr'><strong>cursum</strong></span> <span class='ocrx_word' id='word_1_216' title='bbox 992 2745 1369 2832; x_wconf 84' lang='lat' dir='ltr'><strong>scriptorum</strong></span> <span class='ocrx_word' id='word_1_217' title='bbox 1432 2744 1840 2810; x_wconf 86' lang='lat' dir='ltr'><strong>similitudine</strong></span> <span class='ocrx_word' id='word_1_218' title='bbox 1893 2755 1960 2809; x_wconf 91' lang='lat' dir='ltr'><strong>et</strong></span> <span class='ocrx_word' id='word_1_219' title='bbox 1992 2743 2058 2808; x_wconf 87' lang='lat' dir='ltr'><strong>vi</strong></span> <span class='ocrx_word' id='word_1_220' title='bbox 2110 2743 2321 2809; x_wconf 91' lang='lat' dir='ltr'><strong>conci-</strong></span> 
     </span>
     <span class='ocr_line' id='line_1_28' title="bbox 260 2833 2428 2922; baseline -0.002 -18"><span class='ocrx_word' id='word_1_221' title='bbox 260 2848 411 2904; x_wconf 85' lang='lat' dir='ltr'><strong>tata.</strong></span> <span class='ocrx_word' id='word_1_222' title='bbox 464 2837 533 2902; x_wconf 90' lang='lat' dir='ltr'><strong>in</strong></span> <span class='ocrx_word' id='word_1_223' title='bbox 568 2837 899 2904; x_wconf 87' lang='lat' dir='ltr'><strong>cotidianis</strong></span> <span class='ocrx_word' id='word_1_224' title='bbox 936 2850 1159 2918; x_wconf 28' lang='lat' dir='ltr'><strong>autem·</strong></span> <span class='ocrx_word' id='word_1_225' title='bbox 1184 2837 1818 2905; x_wconf 86' lang='lat' dir='ltr'><strong>commentationibus</strong></span> <span class='ocrx_word' id='word_1_226' title='bbox 1847 2837 2140 2922; x_wconf 88' lang='lat' dir='ltr'><strong>equidem</strong></span> <span class='ocrx_word' id='word_1_227' title='bbox 2165 2837 2320 2901; x_wconf 87' lang='lat' dir='ltr'><strong>mihi</strong></span> <span class='ocrx_word' id='word_1_228' title='bbox 2353 2833 2428 2888; x_wconf 81' lang='lat'><strong>34</strong></span> 
     </span>
     <span class='ocr_line' id='line_1_29' title="bbox 260 2907 2435 3020; baseline -0.005 -20"><span class='ocrx_word' id='word_1_229' title='bbox 260 2931 772 3000; x_wconf 86' lang='lat' dir='ltr'><strong>adulescentulus</strong></span> <span class='ocrx_word' id='word_1_230' title='bbox 823 2955 1177 3020; x_wconf 86' lang='lat' dir='ltr'><strong>proponere</strong></span> <span class='ocrx_word' id='word_1_231' title='bbox 1230 2933 1514 2998; x_wconf 88' lang='lat' dir='ltr'><strong>solebam</strong></span> <span class='ocrx_word' id='word_1_232' title='bbox 1573 2931 1747 2996; x_wconf 87' lang='lat' dir='ltr'><strong>illam</strong></span> <span class='ocrx_word' id='word_1_233' title='bbox 1809 2930 2320 2996; x_wconf 85' lang='lat' dir='ltr'><strong>exercitationem</strong></span> <span class='ocrx_word' id='word_1_234' title='bbox 2354 2907 2435 2990; x_wconf 73' lang='lat'><strong>¹⁵⁴.</strong></span> 
     </span>
     <span class='ocr_line' id='line_1_30' title="bbox 258 3025 2322 3112; baseline -0 -20"><span class='ocrx_word' id='word_1_235' title='bbox 258 3026 564 3105; x_wconf 82' lang='lat' dir='ltr'><strong>maxime,</strong></span> <span class='ocrx_word' id='word_1_236' title='bbox 618 3049 746 3112; x_wconf 88' lang='lat' dir='ltr'><strong>qua</strong></span> <span class='ocrx_word' id='word_1_237' title='bbox 782 3025 861 3092; x_wconf 83' lang='lat' dir='ltr'><strong>O.</strong></span> <span class='ocrx_word' id='word_1_238' title='bbox 903 3025 1268 3094; x_wconf 88' lang='lat' dir='ltr'><strong>Carbonem</strong></span> <span class='ocrx_word' id='word_1_239' title='bbox 1320 3037 1610 3092; x_wconf 88' lang='lat' dir='ltr'><strong>nostrum</strong></span> <span class='ocrx_word' id='word_1_240' title='bbox 1643 3026 1823 3091; x_wconf 92' lang='lat' dir='ltr'><strong>illum</strong></span> <span class='ocrx_word' id='word_1_241' title='bbox 1857 3025 2181 3090; x_wconf 89' lang='lat' dir='ltr'><strong>inimicum</strong></span> <span class='ocrx_word' id='word_1_242' title='bbox 2217 3048 2322 3091; x_wconf 88' lang='lat' dir='ltr'><strong>so-</strong></span> 
     </span>
     <span class='ocr_line' id='line_1_31' title="bbox 266 3119 2323 3207; baseline -0.001 -21"><span class='ocrx_word' id='word_1_243' title='bbox 266 3121 449 3186; x_wconf 88' lang='lat' dir='ltr'><strong>litum</strong></span> <span class='ocrx_word' id='word_1_244' title='bbox 482 3143 629 3188; x_wconf 89' lang='lat' dir='ltr'><strong>esse</strong></span> <span class='ocrx_word' id='word_1_245' title='bbox 662 3121 758 3187; x_wconf 91' lang='lat' dir='ltr'><strong>uti</strong></span> <span class='ocrx_word' id='word_1_246' title='bbox 794 3121 1103 3200; x_wconf 88' lang='lat' dir='ltr'><strong>sciebam,</strong></span> <span class='ocrx_word' id='word_1_247' title='bbox 1155 3131 1231 3186; x_wconf 90' lang='lat' dir='ltr'><strong>ut</strong></span> <span class='ocrx_word' id='word_1_248' title='bbox 1262 3131 1373 3187; x_wconf 88' lang='lat' dir='ltr'><strong>aut</strong></span> <span class='ocrx_word' id='word_1_249' title='bbox 1408 3121 1698 3186; x_wconf 87' lang='lat' dir='ltr'><strong>versibus</strong></span> <span class='ocrx_word' id='word_1_250' title='bbox 1751 3119 2092 3207; x_wconf 89' lang='lat' dir='ltr'><strong>propositis</strong></span> <span class='ocrx_word' id='word_1_251' title='bbox 2131 3140 2323 3203; x_wconf 90' lang='lat' dir='ltr'><strong>quam</strong></span> 
     </span>
     <span class='ocr_line' id='line_1_32' title="bbox 260 3213 2322 3301; baseline 0 -23"><span class='ocrx_word' id='word_1_252' title='bbox 260 3215 534 3280; x_wconf 88' lang='lat' dir='ltr'><strong>maxime</strong></span> <span class='ocrx_word' id='word_1_253' title='bbox 570 3215 873 3301; x_wconf 85' lang='lat' dir='ltr'><strong>gravibus</strong></span> <span class='ocrx_word' id='word_1_254' title='bbox 910 3227 1020 3282; x_wconf 89' lang='lat' dir='ltr'><strong>aut</strong></span> <span class='ocrx_word' id='word_1_255' title='bbox 1054 3215 1337 3283; x_wconf 88' lang='lat' dir='ltr'><strong>oratione</strong></span> <span class='ocrx_word' id='word_1_256' title='bbox 1366 3215 1577 3299; x_wconf 87' lang='lat' dir='ltr'><strong>aliqua</strong></span> <span class='ocrx_word' id='word_1_257' title='bbox 1610 3214 1776 3280; x_wconf 88' lang='lat' dir='ltr'><strong>lecta</strong></span> <span class='ocrx_word' id='word_1_258' title='bbox 1811 3214 1894 3278; x_wconf 91' lang='lat' dir='ltr'><strong>ad</strong></span> <span class='ocrx_word' id='word_1_259' title='bbox 1927 3235 2075 3279; x_wconf 90' lang='lat' dir='ltr'><strong>eum</strong></span> <span class='ocrx_word' id='word_1_260' title='bbox 2107 3213 2322 3292; x_wconf 88' lang='lat' dir='ltr'><strong>finem,</strong></span> 
     </span>
     <span class='ocr_line' id='line_1_33' title="bbox 262 3306 2321 3397; baseline 0.001 -28"><span class='ocrx_word' id='word_1_261' title='bbox 262 3329 452 3390; x_wconf 88' lang='lat' dir='ltr'><strong>quem</strong></span> <span class='ocrx_word' id='word_1_262' title='bbox 484 3310 788 3374; x_wconf 88' lang='lat' dir='ltr'><strong>memoria</strong></span> <span class='ocrx_word' id='word_1_263' title='bbox 819 3332 1080 3396; x_wconf 88' lang='lat' dir='ltr'><strong>possem</strong></span> <span class='ocrx_word' id='word_1_264' title='bbox 1126 3308 1689 3397; x_wconf 84' lang='lat' dir='ltr'><strong>comprehendere,</strong></span> <span class='ocrx_word' id='word_1_265' title='bbox 1746 3331 1889 3374; x_wconf 89' lang='lat' dir='ltr'><strong>eam</strong></span> <span class='ocrx_word' id='word_1_266' title='bbox 1919 3331 2059 3374; x_wconf 89' lang='lat' dir='ltr'><strong>rem</strong></span> <span class='ocrx_word' id='word_1_267' title='bbox 2089 3306 2321 3394; x_wconf 89' lang='lat' dir='ltr'><strong>ipsam,</strong></span> 
     </span>
     <span class='ocr_line' id='line_1_34' title="bbox 263 3400 2318 3490; baseline 0.001 -27"><span class='ocrx_word' id='word_1_268' title='bbox 263 3421 456 3483; x_wconf 89' lang='lat' dir='ltr'><strong>quam</strong></span> <span class='ocrx_word' id='word_1_269' title='bbox 487 3400 817 3486; x_wconf 86' lang='lat' dir='ltr'><strong>legissem,</strong></span> <span class='ocrx_word' id='word_1_270' title='bbox 861 3405 1073 3470; x_wconf 85' lang='lat' dir='ltr'><strong>verbis</strong></span> <span class='ocrx_word' id='word_1_271' title='bbox 1110 3405 1251 3469; x_wconf 88' lang='lat' dir='ltr'><strong>aliis</strong></span> <span class='ocrx_word' id='word_1_272' title='bbox 1286 3426 1479 3489; x_wconf 88' lang='lat' dir='ltr'><strong>quam</strong></span> <span class='ocrx_word' id='word_1_273' title='bbox 1513 3403 1789 3468; x_wconf 86' lang='lat' dir='ltr'><strong>maxime</strong></span> <span class='ocrx_word' id='word_1_274' title='bbox 1822 3425 2083 3490; x_wconf 88' lang='lat' dir='ltr'><strong>possem</strong></span> <span class='ocrx_word' id='word_1_275' title='bbox 2115 3402 2318 3479; x_wconf 89' lang='lat' dir='ltr'><strong>lectis,</strong></span> 
     </span>
     <span class='ocr_line' id='line_1_35' title="bbox 260 3492 2320 3583; baseline 0 -25"><span class='ocrx_word' id='word_1_276' title='bbox 260 3492 733 3581; x_wconf 86' lang='lat' dir='ltr'><strong>pronuntiarem</strong></span> <span class='ocrx_word' id='word_1_277' title='bbox 740 3518 760 3573; x_wconf 85' lang='lat'><em>3</em></span> <span class='ocrx_word' id='word_1_278' title='bbox 798 3497 914 3561; x_wconf 89' lang='lat' dir='ltr'><strong>sed</strong></span> <span class='ocrx_word' id='word_1_279' title='bbox 944 3507 1093 3583; x_wconf 88' lang='lat' dir='ltr'><strong>post</strong></span> <span class='ocrx_word' id='word_1_280' title='bbox 1119 3497 1534 3563; x_wconf 87' lang='lat' dir='ltr'><strong>animadverti</strong></span> <span class='ocrx_word' id='word_1_281' title='bbox 1567 3497 1690 3562; x_wconf 90' lang='lat' dir='ltr'><strong>hoc</strong></span> <span class='ocrx_word' id='word_1_282' title='bbox 1725 3519 1868 3563; x_wconf 89' lang='lat' dir='ltr'><strong>esse</strong></span> <span class='ocrx_word' id='word_1_283' title='bbox 1901 3494 1970 3560; x_wconf 90' lang='lat' dir='ltr'><strong>in</strong></span> <span class='ocrx_word' id='word_1_284' title='bbox 2003 3495 2128 3560; x_wconf 89' lang='lat' dir='ltr'><strong>hoe</strong></span> <span class='ocrx_word' id='word_1_285' title='bbox 2162 3494 2320 3572; x_wconf 82' lang='lat' dir='ltr'><strong>vitii,</strong></span> 
     </span>
     <span class='ocr_line' id='line_1_36' title="bbox 263 3586 2324 3676; baseline 0 -24"><span class='ocrx_word' id='word_1_286' title='bbox 263 3586 435 3673; x_wconf 89' lang='lat' dir='ltr'><strong>quod</strong></span> <span class='ocrx_word' id='word_1_287' title='bbox 470 3609 548 3652; x_wconf 90' lang='lat' dir='ltr'><strong>ea</strong></span> <span class='ocrx_word' id='word_1_288' title='bbox 580 3588 804 3666; x_wconf 87' lang='lat' dir='ltr'><strong>verba,</strong></span> <span class='ocrx_word' id='word_1_289' title='bbox 857 3611 1019 3672; x_wconf 87' lang='lat' dir='ltr'><strong>quae</strong></span> <span class='ocrx_word' id='word_1_290' title='bbox 1054 3591 1328 3656; x_wconf 87' lang='lat' dir='ltr'><strong>maxime</strong></span> <span class='ocrx_word' id='word_1_291' title='bbox 1364 3591 1669 3676; x_wconf 89' lang='lat' dir='ltr'><strong>cuiusque</strong></span> <span class='ocrx_word' id='word_1_292' title='bbox 1703 3590 1796 3655; x_wconf 91' lang='lat' dir='ltr'><strong>rei</strong></span> <span class='ocrx_word' id='word_1_293' title='bbox 1827 3587 2086 3676; x_wconf 85' lang='lat' dir='ltr'><strong>propria</strong></span> <span class='ocrx_word' id='word_1_294' title='bbox 2127 3609 2324 3670; x_wconf 89' lang='lat' dir='ltr'><strong>quae-</strong></span> 
     </span>
     <span class='ocr_line' id='line_1_37' title="bbox 263 3681 2322 3770; baseline 0 -24"><span class='ocrx_word' id='word_1_295' title='bbox 263 3703 387 3767; x_wconf 91' lang='lat' dir='ltr'><strong>que</strong></span> <span class='ocrx_word' id='word_1_296' title='bbox 456 3691 673 3748; x_wconf 87' lang='lat' dir='ltr'><strong>essent</strong></span> <span class='ocrx_word' id='word_1_297' title='bbox 734 3681 1133 3748; x_wconf 87' lang='lat' dir='ltr'><strong>ornatissima</strong></span> <span class='ocrx_word' id='word_1_298' title='bbox 1193 3695 1381 3768; x_wconf 86' lang='lat' dir='ltr'><strong>atque</strong></span> <span class='ocrx_word' id='word_1_299' title='bbox 1443 3685 1711 3770; x_wconf 89' lang='lat' dir='ltr'><strong>optima,</strong></span> <span class='ocrx_word' id='word_1_300' title='bbox 1773 3691 2151 3769; x_wconf 84' lang='lat' dir='ltr'><strong>occupasset</strong></span> <span class='ocrx_word' id='word_1_301' title='bbox 2211 3690 2322 3746; x_wconf 87' lang='lat' dir='ltr'><strong>aut</strong></span> 
     </span>
     <span class='ocr_line' id='line_1_38' title="bbox 260 3773 2319 3856; baseline -0.002 -15"><span class='ocrx_word' id='word_1_302' title='bbox 260 3775 545 3854; x_wconf 87' lang='lat' dir='ltr'><strong>Ennius,</strong></span> <span class='ocrx_word' id='word_1_303' title='bbox 597 3774 652 3841; x_wconf 88' lang='lat' dir='ltr'><strong>si</strong></span> <span class='ocrx_word' id='word_1_304' title='bbox 688 3775 771 3841; x_wconf 89' lang='lat' dir='ltr'><strong>ad</strong></span> <span class='ocrx_word' id='word_1_305' title='bbox 804 3775 939 3840; x_wconf 89' lang='lat' dir='ltr'><strong>eius</strong></span> <span class='ocrx_word' id='word_1_306' title='bbox 976 3798 1199 3842; x_wconf 87' lang='lat' dir='ltr'><strong>versus</strong></span> <span class='ocrx_word' id='word_1_307' title='bbox 1235 3800 1336 3842; x_wconf 91' lang='lat' dir='ltr'><strong>me</strong></span> <span class='ocrx_word' id='word_1_308' title='bbox 1373 3800 1763 3856; x_wconf 85' lang='lat' dir='ltr'><strong>exercerem,</strong></span> <span class='ocrx_word' id='word_1_309' title='bbox 1818 3786 1928 3842; x_wconf 87' lang='lat' dir='ltr'><strong>aut</strong></span> <span class='ocrx_word' id='word_1_310' title='bbox 1965 3773 2319 3852; x_wconf 86' lang='lat' dir='ltr'><strong>Gracchus,</strong></span> 
     </span>
     <span class='ocr_line' id='line_1_39' title="bbox 264 3867 2318 3963; baseline -0.001 -29"><span class='ocrx_word' id='word_1_311' title='bbox 264 3869 321 3934; x_wconf 87' lang='lat' dir='ltr'><strong>si</strong></span> <span class='ocrx_word' id='word_1_312' title='bbox 354 3869 491 3935; x_wconf 88' lang='lat' dir='ltr'><strong>eius</strong></span> <span class='ocrx_word' id='word_1_313' title='bbox 526 3868 876 3937; x_wconf 88' lang='lat' dir='ltr'><strong>orationem</strong></span> <span class='ocrx_word' id='word_1_314' title='bbox 910 3869 1066 3935; x_wconf 88' lang='lat' dir='ltr'><strong>mihi</strong></span> <span class='ocrx_word' id='word_1_315' title='bbox 1100 3871 1262 3937; x_wconf 85' lang='lat' dir='ltr'><strong>forte</strong></span> <span class='ocrx_word' id='word_1_316' title='bbox 1288 3872 1794 3963; x_wconf 86' lang='lat' dir='ltr'><strong>proposuissem:</strong></span> <span class='ocrx_word' id='word_1_317' title='bbox 1829 3871 1948 3947; x_wconf 89' lang='lat' dir='ltr'><strong>ita,</strong></span> <span class='ocrx_word' id='word_1_318' title='bbox 1986 3869 2042 3934; x_wconf 89' lang='lat' dir='ltr'><strong>si</strong></span> <span class='ocrx_word' id='word_1_319' title='bbox 2077 3867 2318 3934; x_wconf 90' lang='lat' dir='ltr'><strong>eisdem</strong></span> 
     </span>
     <span class='ocr_line' id='line_1_40' title="bbox 262 3963 2318 4052; baseline 0 -25"><span class='ocrx_word' id='word_1_320' title='bbox 262 3963 475 4028; x_wconf 86' lang='lat' dir='ltr'><strong>verbis</strong></span> <span class='ocrx_word' id='word_1_321' title='bbox 509 3975 745 4044; x_wconf 89' lang='lat' dir='ltr'><strong>uterer,</strong></span> <span class='ocrx_word' id='word_1_322' title='bbox 780 3963 939 4030; x_wconf 89' lang='lat' dir='ltr'><strong>nihil</strong></span> <span class='ocrx_word' id='word_1_323' title='bbox 972 3964 1307 4052; x_wconf 84' lang='lat' dir='ltr'><strong>prodesse3</strong></span> <span class='ocrx_word' id='word_1_324' title='bbox 1344 3965 1401 4030; x_wconf 87' lang='lat' dir='ltr'><strong>si</strong></span> <span class='ocrx_word' id='word_1_325' title='bbox 1436 3965 1605 4044; x_wconf 86' lang='lat' dir='ltr'><strong>aliis,</strong></span> <span class='ocrx_word' id='word_1_326' title='bbox 1653 3964 1844 4030; x_wconf 89' lang='lat' dir='ltr'><strong>etiam</strong></span> <span class='ocrx_word' id='word_1_327' title='bbox 1879 3964 2134 4041; x_wconf 89' lang='lat' dir='ltr'><strong>obesse,</strong></span> <span class='ocrx_word' id='word_1_328' title='bbox 2172 3983 2318 4028; x_wconf 91' lang='lat' dir='ltr'><strong>cum</strong></span> 
     </span>
     <span class='ocr_line' id='line_1_41' title="bbox 262 4054 2432 4146; baseline 0.001 -25"><span class='ocrx_word' id='word_1_329' title='bbox 262 4054 473 4122; x_wconf 88' lang='lat' dir='ltr'><strong>minus</strong></span> <span class='ocrx_word' id='word_1_330' title='bbox 532 4057 776 4125; x_wconf 87' lang='lat' dir='ltr'><strong>idoneis</strong></span> <span class='ocrx_word' id='word_1_331' title='bbox 838 4057 931 4124; x_wconf 86' lang='lat' dir='ltr'><strong>uti</strong></span> <span class='ocrx_word' id='word_1_332' title='bbox 990 4079 1501 4126; x_wconf 72' lang='lat' dir='ltr'><strong>consuesceremz</strong></span> <span class='ocrx_word' id='word_1_333' title='bbox 1565 4069 1792 4145; x_wconf 80' lang='lat' dir='ltr'><strong>postea</strong></span> <span class='ocrx_word' id='word_1_334' title='bbox 1849 4055 2005 4122; x_wconf 86' lang='lat' dir='ltr'><strong>mihi</strong></span> <span class='ocrx_word' id='word_1_335' title='bbox 2056 4054 2314 4146; x_wconf 87' lang='lat' dir='ltr'><strong>placuit,</strong></span> <span class='ocrx_word' id='word_1_336' title='bbox 2350 4077 2432 4124; x_wconf 67' lang='grc' dir='ltr'><strong>ιω</strong></span> 
     </span>
    </p>
   </div>
  </div>
 </body>
</html>
