2784 4575
877 318 880 319 γ
985 266 1302 325 ORATOR
1337 267 1576 326 68-74.
1660 311 1663 313 Α
2176 257 2309 326 293

246 397 477 466 eodem
521 406 630 461 aut
672 395 1010 461 verborum
1061 413 1294 480 genere
1349 386 1714 458 tractandus
1761 403 1861 460 est
1894 405 2000 460 aut
2055 404 2309 465 senten-

247 492 510 570 tiarum,
565 509 938 576 semperque
972 487 1041 551 in
1075 486 1248 555 omni
1279 497 1461 576 parte
1506 485 1805 554 orationis
1848 499 1923 555 ut
1954 487 2123 553 vitae
2158 490 2309 573 quid

245 587 476 652 deceat
508 594 610 657 est
643 581 1201 660 considerandum3
1256 581 1429 666 quod
1464 591 1529 647 et
1560 580 1629 646 in
1660 603 1759 660 re,
1806 582 1885 649 de
1923 605 2049 667 qua
2082 583 2331 670 agitur,

247 679 528 768 positum
565 689 666 744 est
699 688 765 744 et
794 675 862 742 in
885 675 1177 764 personis
1205 686 1271 742 et
1295 697 1537 755 eorum,
1572 673 1681 760 qui
1709 675 1944 754 dicunt,
1982 687 2046 744 et
2064 672 2307 756 eorum,

243 773 362 860 qui
394 773 680 840 audiunt.
763 771 982 858 itaque
1025 771 1197 836 hunc
1238 769 1452 836 locum
1494 769 1685 856 longe
1720 780 1786 836 et
1816 769 1945 837 late
1976 780 2313 860 patentem
2356 802 2407 840 τι
2460 797 2467 802 ·

245 866 612 978 philosophi
647 865 906 932 solent
886 889 956 930 ιιι
989 863 1214 930 officiis
1252 874 1541 942 tractare,
1568 899 1654 912 ·-—-
1682 887 1811 930 non
1846 886 1991 930 cum
2025 867 2105 931 de
2138 875 2313 934 recto
2403 875 2404 878 ’

243 962 390 1049 ipso
427 961 780 1048 disputant,
817 981 968 1024 nam
1001 959 1070 1024 id
1105 959 1362 1043 quidem
1396 981 1597 1024 unum
1632 968 1759 1037 est,
1794 994 1885 1008 --
1915 961 2313 1046 grammatici

247 1055 317 1120 in
349 1055 587 1142 poe'tis,
641 1053 1009 1138 eloquentes
1053 1053 1121 1116 in
1163 1053 1336 1120 omni
1379 1063 1447 1118 et
1488 1075 1722 1139 genere
1768 1063 1833 1118 et
1864 1066 2045 1140 parte
2090 1075 2314 1120 causa-

245 1170 410 1214 rum.
483 1169 674 1232 quam
709 1147 878 1212 enim
913 1145 1281 1212 indecorum
1318 1157 1436 1225 est,
1476 1146 1554 1212 de
1592 1145 1923 1220 stillicidiis
1962 1169 2107 1214 cum
2142 1150 2313 1238 apud

248 1264 449 1306 unum
481 1240 758 1306 iudicem
793 1240 987 1318 dicas,
1027 1239 1435 1326 amplissimis
1472 1241 1684 1306 verbis
1722 1251 1786 1306 et
1818 1240 1977 1307 locis
2011 1242 2107 1308 uti
2140 1263 2313 1308 com-

245 1336 564 1414 munibus,
603 1335 684 1401 de
717 1335 1047 1400 maiestate
1081 1333 1302 1424 populi
1327 1335 1604 1402 Romani
1640 1336 1979 1403 summisse
2014 1348 2079 1404 et
2114 1339 2313 1406 subti-

245 1429 414 1494 liter!
453 1428 558 1494 hic
591 1451 826 1516 genere
862 1440 1015 1508 tot0,
1054 1440 1120 1494 at
1151 1452 1429 1516 persona
1464 1429 1570 1494 alii
1601 1442 1884 1517 peccant·
1907 1444 2018 1496 aut
2052 1455 2169 1498 sua
2204 1444 2313 1500 aut
2348 1443 2418 1496 22

245 1520 529 1588 iudicum
581 1532 692 1587 aut
751 1521 944 1588 etiam
1007 1523 1542 1601 adversariorum,
1605 1545 1724 1588 nec
1774 1547 1843 1589 re
1898 1523 2133 1603 solum,
2198 1527 2314 1592 sed

245 1638 442 1702 saepe
504 1617 729 1696 verb03
795 1616 917 1681 etsi
969 1615 1106 1682 sine
1157 1638 1228 1682 re
1279 1617 1457 1683 nulla
1516 1615 1613 1682 vis
1678 1617 1856 1683 verbi
1908 1628 2035 1696 est,
2098 1627 2312 1686 tamen

235 1710 476 1776 ,eadem
507 1733 611 1776 res
649 1732 841 1798 saepe
877 1721 988 1774 aut
1019 1711 1324 1796 probatur
1359 1721 1471 1776 aut
1510 1709 1765 1775 reicitur
1802 1710 1924 1776 alio
1962 1721 2152 1796 atque
2189 1711 2311 1777 alio

244 1803 416 1868 elata
467 1804 680 1870 verbo.
769 1804 838 1870 in
889 1803 1309 1889 omnibusque
1361 1805 1558 1871 rebus·
1608 1803 1955 1870 videndum
2007 1815 2107 1871 est
2156 1827 2313 1889 qua-
2359 1835 2409 1874 τι

245 1909 463 1963 tenus:
519 1896 641 1963 etsi
675 1897 846 1964 enim
897 1919 1052 1964 suus
1098 1897 1324 1981 cuique
1374 1898 1606 1964 modus
1659 1910 1787 1977 est,
1841 1907 2058 1964 tamen
2106 1899 2313 1986 magis

243 1990 516 2057 offendit
565 1990 832 2056 nimium
883 2013 1078 2077 quam
1127 2014 1384 2078 parum:
1438 1991 1507 2056 in
1560 2014 1685 2076 quo
1728 1992 1995 2080 Apelles
2037 1991 2313 2080 pictores

246 2105 499 2171 quoque
536 2108 647 2152 eos
681 2107 948 2174 peecare
983 2086 1264 2164 dicebat,
1303 2085 1413 2170 qui
1446 2108 1577 2152 non
1613 2085 1921 2152 sentirent
1944 2087 2108 2172 quid
2142 2097 2315 2152 esset

247 2180 425 2246 satis.
512 2203 787 2266 magnus
823 2190 924 2246 est
957 2179 1135 2247 locus
1179 2179 1312 2258 hic,
1365 2180 1599 2259 Brute,
1652 2179 1825 2265 quod
1867 2190 1930 2246 te
1964 2203 2095 2246 non
2129 2180 2313 2268 fugit,

26 2273 29 2276 ’
119 2316 123 2320 -
245 2283 314 2338 et
336 2296 664 2383 ’magnum
715 2273 1014 2339 volumen
1066 2272 1241 2339 aliud
1294 2273 1642 2355 desiderat,
1700 2273 1816 2340 sed
1860 2274 1943 2340 ad
1992 2274 2087 2353 id,
2143 2275 2317 2359 quod

247 2366 488 2453 agitur,
547 2365 707 2431 illud
759 2367 934 2432 satis.
1041 2388 1189 2431 cum
1237 2367 1362 2433 hoc
1414 2369 1639 2434 decere
1688 2404 1779 2417 --
1831 2369 2003 2479 quod
2066 2392 2316 2455 semper

247 2482 630 2547 usurpamus
664 2459 734 2551 in
775 2460 1069 2525 omnibus
1107 2460 1290 2526 dictis
1329 2470 1394 2525 et
1429 2461 1645 2539 factis,
1697 2462 1977 2527 minimis
2015 2472 2081 2527 et
2112 2462 2317 2526 maxi-

249 2554 372 2619 mis
405 2589 496 2603 ·--
528 2574 676 2619 cum
707 2553 858 2631 hoc,
894 2553 1184 2637 inquam,
1223 2552 1448 2619 decere
1485 2509 1815 2641 [dicimus,
1850 2554 2009 2619 illud
2040 2576 2171 2621 non
2206 2553 2315 2619 de·-

247 2670 414 2726 cere,
452 2658 519 2713 et
549 2645 646 2734 id]
682 2667 1138 2732 usquequaque
1167 2656 1474 2731 quantum
1510 2645 1594 2713 sit
1627 2657 1932 2734 appareat
1963 2646 2031 2711 in
2066 2646 2315 2731 alioque

249 2730 524 2831 ponatur
574 2740 870 2826 aliudque
923 2750 1126 2806 totum
1179 2739 1289 2818 sit,
1344 2750 1559 2806 utrum
1613 2740 1836 2805 decere
1892 2763 1975 2806 an
2026 2749 2316 2828 oportere

248 2836 459 2915 dicas3
509 2844 803 2923 oportere
855 2833 1026 2901 enim
1076 2834 1532 2921 perfectionem
1585 2834 1865 2900 declarat
1915 2833 2135 2913 officii,
2191 2856 2315 2920 quo
2360 2861 2412 2902 74

249 2941 319 2996 et
353 2952 605 3019 semper
637 2930 947 2997 utendum
989 2940 1088 2995 est
1125 2940 1191 2996 et
1225 2929 1547 3010 omnibus,
1603 2930 1827 2997 decere
1880 2930 2064 3015 quasi
2100 2943 2317 3017 aptum

249 3046 400 3091 esse
451 3035 1074 3109 consentaneumque
1126 3024 1396 3112 tempori
1440 3036 1506 3091 et
1552 3046 1891 3133 personae·
1874 3072 1892 3103 ,
1951 3024 2121 3110 quod
2172 3046 2317 3089 cum

252 3118 321 3184 in
356 3118 542 3185 factis
580 3119 952 3207 saepissime
989 3129 1125 3184 tum
1157 3118 1226 3184 in
1262 3117 1446 3205 dictis
1482 3120 1679 3198 valet,
1732 3116 1801 3183 in
1834 3118 2011 3184 voltu
2048 3116 2317 3201 denique

251 3224 321 3278 et
361 3224 552 3299 gestu
602 3224 668 3278 et
716 3214 1002 3293 incessu3
1055 3224 1399 3298 contraque
1448 3212 1603 3278 item
1656 3212 1989 3291 dedecere3
2048 3212 2221 3297 quod
2264 3212 2319 3276 si

123 3309 129 3315 “
253 3311 446 3392 poeta
479 3306 646 3391 fugit
677 3318 750 3371 ut
781 3307 1129 3385 maximum
1163 3306 1416 3385 vitium,
1454 3306 1563 3390 qui
1594 3318 1819 3393 peccat
1855 3302 2136 3394 [etiam],
2175 3327 2320 3371 cum

255 3397 442 3485 probi
491 3398 842 3465 orationem
895 3400 1162 3488 adfingit
1211 3400 1501 3487 improbo
1548 3401 1820 3467 stultove
1876 3398 2209 3487 sapientis·
2190 3447 2209 3476 ,
2265 3398 2321 3462 si

255 3492 531 3577 denique
564 3492 770 3580 pictor
800 3493 909 3559 ille
943 3494 1120 3572 vidit,
1158 3514 1304 3559 cum
1337 3493 1725 3559 immolanda
1748 3493 2087 3581 Iphigenia
2121 3490 2318 3557 tristis

257 3584 540 3653 Calchas
585 3590 782 3665 esset,
837 3587 1075 3655 tristior
1115 3588 1378 3666 Ulixes,
1432 3600 1744 3655 maereret
1784 3587 2152 3665 Menelaus,
2206 3586 2322 3655 ob-

259 3678 648 3747 volvendum
682 3691 874 3770 caput
906 3636 1416 3767 Agamemnonis
1451 3703 1623 3759 esse,
1669 3681 1993 3791 quoniam·
2003 3702 2323 3747 summum

255 3774 440 3841 illum
498 3774 741 3841 luctum
799 3774 1099 3863 penicillo
1156 3798 1287 3841 non
1336 3784 1561 3863 posset
1616 3774 1878 3853 imitari3
1941 3774 1999 3839 si
2049 3773 2321 3857 denique

260 3867 483 3936 histrio
520 3868 674 3955 quid
709 3870 933 3938 deceat
963 3868 1237 3954 quaerit,
1291 3869 1446 3955 quid
1478 3868 1839 3935 faciendum
1874 3858 2107 3935 oratori
2138 3877 2325 3955 pute-

257 3964 444 4027 mus?
477 4000 565 4012 —-
601 3965 717 4031 sed
752 3986 897 4031 cum
931 3965 1055 4031 hoc
1099 3975 1346 4037 tantum
1383 3963 1493 4043 sit,
1539 3962 1745 4048 quid'
1725 3987 1793 4028 ιιι
1830 3962 2038 4029 causis
2075 3984 2323 4030 earum-

255 4078 385 4143 que
437 4058 621 4143 quasi
673 4060 974 4127 membris
1027 4059 1222 4127 faciat
1273 4068 1484 4126 orator
1534 4058 1802 4125 videbit:
1856 4057 2015 4123 illud
2067 4056 2357 4143 quidem.
