2784 4575
856 287 962 341 DE
1002 284 1367 342 ORATORE
1403 286 1448 341 1.
1487 287 1731 342 62—73.
2238 272 2320 339 15

264 411 580 490 inciderit,
626 411 693 475 in
728 432 853 496 qua
886 410 967 476 de
1001 421 1254 488 natura,
1308 408 1389 475 de
1425 408 1594 475 vitiis
1629 408 1983 487 hominum,
2029 408 2110 474 de
2145 411 2324 497 cupi-

267 508 595 585 ditatibus,
641 506 719 571 de
753 505 975 583 modo,
1024 504 1105 569 de
1140 502 1553 581 continentia,
1599 502 1678 567 de
1714 502 1959 580 dolore,
2006 502 2086 567 de
2119 516 2322 569 morte

268 602 605 669 dicendum
640 600 749 678 sit,
793 598 1088 677 forsitan,
1146 598 1201 663 si
1235 597 1295 663 ei
1319 598 1415 663 ‚sit
1448 598 1684 675 visum,
1719 632 1808 647 --·
1839 596 1961 661 etsi
1993 596 2156 661 haec
2189 598 2325 681 qui-

268 696 415 761 dem
446 716 639 763 nosse
683 692 873 759 debet
918 704 1129 759 orator
1162 728 1277 770 -—‚
1324 710 1470 757 cum
1507 688 1661 758 Sex.
1695 681 2036 777 Pompeio,
2080 690 2324 757 erudito

266 788 519 855 homine
552 788 621 853 in
654 786 1089 874 philosophia,
1142 784 1647 864 communicarit,
1701 784 1824 849 hoc
1865 783 2152 870 profecto
2187 782 2326 850 effi-

265 881 415 962 ciet,
466 893 569 961 ut,
620 902 1081 966 quamcumque
1122 903 1260 946 rem
1304 904 1343 945 a
1387 901 1640 964 quoquo
1685 877 2080 965 cognoverit,
2131 878 2212 945 de
2249 900 2326 945 ea

262 977 463 1043 multo
498 976 669 1041 dicat
702 975 986 1041 ornatius
1024 996 1215 1059 quam
1248 974 1357 1039 ille
1389 974 1552 1060 ipse,
1607 972 1778 1039 unde
1813 971 2120 1059 cognorit.
2209 973 2324 1038 sed
2369 996 2423 1041 68

266 1071 323 1135 si
354 1092 461 1136 me
495 1069 737 1146 audiet,
791 1069 1090 1153 quoniam
1139 1068 1546 1156 philosophia
1586 1068 1656 1133 in
1691 1067 1805 1132 tris
1847 1066 2048 1153 partis
2084 1075 2186 1132 est
2217 1066 2328 1131 tri-

264 1162 448 1242 buta,
482 1162 553 1227 in
584 1171 849 1229 naturae
884 1162 1365 1240 obscuritatem,
1401 1162 1468 1226 in
1503 1160 1858 1227 disserendi
1893 1159 2324 1239 subtilitatem,

262 1256 333 1321 in
366 1256 563 1321 vitam
598 1266 787 1341 atque
821 1279 1063 1335 mores,
1099 1255 1227 1321 duo
1260 1256 1373 1321 illa
1404 1254 1834 1339 relinquamus
1872 1264 2060 1338 atque
2093 1254 2328 1341 largia-

264 1373 409 1416 mur
440 1350 702 1417 inertiae
734 1360 991 1417 nostrae
1001 1375 1020 1429 3
1057 1350 1312 1417 tertium
1347 1372 1530 1428 vero,
1567 1349 1742 1433 quod
1775 1372 2025 1437 semper
2059 1348 2323 1416 oratoris

266 1444 415 1523 fuit,
466 1444 592 1509 nisi
626 1444 1011 1523 tenebimus,
1064 1444 1223 1508 nihil
1268 1443 1530 1521 oratori,
1583 1442 1652 1507 in
1695 1464 1821 1527 quo
1863 1466 2135 1531 magnus
2181 1466 2324 1509 esse

266 1537 500 1625 possit,
552 1537 1003 1621 relinquemus.
1092 1560 1219 1622 qua
1249 1560 1321 1602 re
1354 1537 1462 1601 hic
1509 1536 1688 1603 locus
1735 1537 1814 1602 de
1856 1536 1988 1601 vita
2031 1548 2096 1603 et
2135 1537 2326 1603 mori-
2367 1562 2418 1603 es

266 1632 389 1699 bus
426 1641 595 1697 totus
632 1642 733 1697 est
766 1630 998 1696 oratori
1040 1631 1498 1718 perdiscendas
1509 1656 1529 1711 3
1581 1640 1794 1697 cetera
1829 1630 1884 1697 si
1917 1654 2046 1697 non
2090 1630 2325 1696 didice-

264 1728 375 1804 rit,
421 1736 635 1791 tamen
666 1725 929 1812 poterit,
985 1726 1040 1791 si
1074 1726 1329 1810 quando
1366 1748 1528 1812 opus
1573 1725 1718 1816 erit,
1769 1747 1995 1790 ornare
2039 1724 2324 1802 dicendo,

160 1839 183 1851 ⁶
268 1820 324 1885 si
356 1820 549 1886 modo
584 1820 667 1884 ad
702 1842 851 1885 eum
888 1829 1072 1885 erunt
1100 1820 1309 1885 delata
1336 1829 1402 1885 et
1435 1819 1495 1886 ei
1522 1818 1779 1896 tradita3
1817 1817 2051 1885 etenim
2087 1817 2143 1883 si
2178 1840 2327 1883 con-
2364 1832 2430 1885 16

268 1923 394 1981 stat
426 1912 591 1979 inter
626 1914 876 1992 doctos,
930 1914 1254 1979 hominem
1304 1915 1600 2001 ignarum
1643 1912 2025 2000 astrologiae
2059 1911 2328 1979 ornatis-

268 2007 442 2074 simis
481 2018 671 2092 atque
706 2007 961 2095 optimis
1008 2008 1299 2074 versibus
1336 2010 1614 2075 Aratum
1657 2007 1738 2074 de
1781 2008 1956 2074 caelo
2003 2008 2327 2092 stellisque

266 2102 533 2181 dixisse3
579 2102 635 2167 si
670 2102 753 2168 de
786 2103 979 2169 rebus
1012 2101 1269 2169 rusticis
1313 2101 1639 2169 hominem
1675 2102 1757 2168 ab
1793 2126 1947 2189 agro
1981 2102 2329 2169 remotissi-

264 2220 441 2261 mum
471 2196 863 2262 Nicandrum
899 2194 1368 2284 Colophonium
1401 2197 1654 2285 poetica
1674 2250 1680 2255 .
1699 2198 1971 2283 quadam
2005 2197 2325 2274 facultate,

266 2312 396 2356 non
427 2291 693 2369 rustica,
732 2291 1063 2378 scripsisse
1095 2293 1449 2380 praeclare,
1487 2292 1641 2378 quid
1675 2303 1774 2358 est
1809 2313 1920 2358 cur
1952 2303 2082 2359 non
2118 2303 2328 2358 orator

268 2385 348 2450 de
380 2384 575 2450 rebus
620 2385 712 2450 'eis
758 2386 1273 2470 eloquentissime
1318 2387 1516 2466 dicat,
1572 2409 1730 2472 quas
1775 2387 1859 2452 ad
1899 2397 2137 2453 certam
2179 2408 2328 2452 cau-

269 2501 409 2544 sam
441 2485 815 2564 tempusque
843 2480 1167 2566 cognorit?
1201 2491 1301 2546 est
1326 2480 1497 2546 enim
1529 2480 1832 2546 finitimus
1861 2481 2094 2552 oratori
2119 2484 2326 2564 poe'ta,
2371 2503 2424 2546 ἰο

266 2570 545 2638 numeris
582 2571 894 2638 astrictior
918 2573 1129 2658 pau10‚
1164 2573 1506 2639 verborum
1531 2584 1744 2638 autem
1774 2573 2032 2638 licentia
2055 2571 2327 2650 liberior,

266 2664 483 2730 multis
520 2687 674 2730 vero
728 2667 995 2730 ornandi
1045 2665 1387 2752 generibus
1448 2665 1659 2731 socius
1702 2685 1778 2729 ac
1819 2687 2023 2752 paene
2065 2687 2183 2751 par
2191 2689 2212 2742 3
2261 2665 2331 2728 in

266 2759 391 2826 hoc
425 2757 679 2843 quidem
715 2768 885 2824 certe
919 2781 1118 2846 prope
1150 2759 1353 2837 idem,
1405 2758 1598 2824 nullis
1633 2768 1706 2824 ut
1739 2757 2020 2824 terminis
2066 2757 2331 2822 circum-

270 2851 502 2920 scribat
538 2863 647 2918 aut
681 2851 939 2918 definiat
971 2852 1072 2919 ius
1110 2875 1327 2932 suum,
1374 2875 1502 2938 quo
1535 2851 1746 2918 minus
1785 2851 1843 2918 ei
1876 2851 2065 2917 liceat
2107 2849 2331 2917 eadem

266 2946 378 3013 illa
408 2946 709 3013 facultate
755 2957 821 3014 et
862 2946 1047 3035 copia
1097 2947 1320 3036 vagari
1365 2969 1494 3032 qua
1535 2946 1706 3012 velit.
1791 2969 1944 3011 nam
1994 2945 2152 3010 illud
2203 2967 2330 3032 qua
2370 2973 2422 3014 ’τι

265 3062 366 3121 re,
433 3038 777 3122 Scaevola,
838 3042 1091 3129 negasti
1142 3053 1207 3108 te
1258 3042 1462 3108 fuisse
1525 3042 1828 3120 laturum,
1891 3039 2017 3105 nisi
2047 3040 2135 3105 in
2182 3061 2326 3106 meo

265 3159 465 3224 regno
498 3159 727 3216 esses,
786 3137 1030 3222 quod'
1007 3161 1077 3202 m
1128 3137 1301 3202 omni
1354 3158 1592 3224 genere
1646 3133 1984 3213 sermonis,
2036 3134 2106 3200 in
2155 3135 2328 3201 omni

266 3241 445 3318 par-te
489 3230 897 3299 humanitatis
941 3230 1209 3297 dixerim
1260 3241 1576 3298 oratorem
1627 3229 1980 3316 perfectum
2030 3251 2175 3295 esse
2219 3229 2329 3294 de·-

266 3325 456 3390 bere?
506 3347 852 3410 numquam
894 3324 1255 3391 mehercule
1288 3325 1411 3392 hoc
1447 3324 1754 3402 dicerem,
1808 3323 1864 3389 si
1909 3347 2082 3402 eum,
2137 3345 2326 3406 quem

267 3417 441 3502 fingo
451 3464 471 3495 ‚
506 3440 612 3482 me
642 3417 855 3504 ipsum
886 3440 1031 3484 esse
1067 3418 1424 3485 arbitrarer.
1515 3417 1648 3496 sed,
1686 3428 1758 3482 ut
1791 3416 2038 3483 solebat
2074 3414 2151 3482 O.
2188 3417 2328 3480 Lu·
2368 3443 2422 3484 τε

272 3509 453 3575 cilius
489 3531 681 3596 saepe
714 3509 750 3546 ⁴⁸*
787 3511 1025 3590 dicere,
1076 3511 1269 3578 homo
1306 3512 1424 3576 tibi
1470 3511 1788 3578 subiratus
1801 3559 1820 3588 ‚
1869 3509 2025 3574 mihi
2068 3517 2327 3594 propter

272 3628 412 3672 eam
444 3604 652 3693 ipsam
688 3625 947 3670 causam
976 3605 1218 3684 minus,
1262 3627 1458 3690 quam
1490 3605 1776 3683 volebat,
1811 3600 2172 3678 familiaris,
2209 3601 2326 3666 sed

269 3710 483 3765 tamen
518 3709 584 3765 et
618 3697 842 3765 doctus
877 3708 943 3764 et
971 3698 1398 3785 perurbanus‚
1455 3699 1548 3765 sic
1583 3697 1786 3764 sentio
1829 3694 2147 3761 neminem
2183 3715 2328 3760 esse

268 3794 337 3858 in
370 3804 691 3860 oratorum
722 3815 985 3858 numero
1020 3792 1383 3858 habendum
1393 3841 1413 3871 ,
1461 3792 1571 3877 qui
1612 3813 1744 3856 non
1779 3790 1862 3855 sit
1903 3787 2196 3855 omnibus
2233 3785 2324 3852 eis

272 3887 541 3967 artibus,
578 3911 739 3972 quae
775 3897 925 3954 sunt
956 3887 1156 3953 libero
1193 3887 1452 3975 dignae,
1488 3885 1866 3973 perpolitus3
1905 3881 2132 3967 quibus
2165 3880 2324 3968 ipsis

274 3981 329 4047 si
371 3981 439 4046 in
482 3982 749 4048 dicendo
798 4005 931 4048 non
978 3981 1242 4059 utimur,
1296 3994 1510 4047 tamen
1556 3977 1820 4066 apparet
1863 3987 2050 4061 atque
2096 3982 2322 4054 exstat,

274 4086 481 4141 utrum
536 4076 731 4142 simus
785 4098 1001 4154 earum
1048 4077 1239 4144 rudes
1296 4099 1378 4140 an
1431 4071 1861 4139 didicerimus:
1911 4079 1984 4136 ut
2035 4070 2142 4157 qui
2193 4069 2323 4158 pila
2361 4093 2417 4134 73
