2784 4575
1023 225 1336 286 BRUTUS
1373 188 1651 284 58-106.
2230 215 2361 281 219

300 353 578 446 perspici
612 361 853 442 potest,
907 373 1070 436 quae
1103 372 1311 436 neque
1363 347 1552 414 nimis
1590 359 1691 414 est
1720 346 1931 416 infans
1976 344 2184 434 neque
2218 371 2363 436 per-

305 453 472 517 fecte
517 449 774 516 diserta.
859 446 1121 512 Mucius
1177 455 1390 511 autem
1444 465 1674 530 augur,
1726 443 1901 528 quod
1938 464 2057 530 pro
2093 464 2164 510 se
2199 465 2358 530 opus
2397 469 2480 511 102

301 554 469 624 erat,
521 543 662 631 ipse
715 542 993 620 dicebat,
1047 551 1120 606 ut
1155 539 1235 606 de
1277 537 1565 626 pecuniis
1616 536 1983 624 repetundis
2028 547 2249 602 contra
2281 535 2361 604 T.

301 638 672 705 Albucium.
758 636 816 702 is
851 647 1173 702 oratorum
1205 634 1274 699 in
1306 653 1571 698 numero
1606 654 1737 697 non
1770 630 1919 709 fuit,
1970 630 2125 696 iuris
2162 631 2363 698 civilis

303 730 739 818 intellegentia
773 741 963 814 atque
999 728 1173 796 omni
1204 726 1580 816 prudentiae
1615 747 1848 812 genere
1882 724 2215 811 praestitit.
2277 725 2366 790 L.

307 823 569 894 Caelius
603 823 947 912 Antipater
981 823 1276 910 scriptor,
1312 843 1505 910 quem
1540 820 1624 885 ad
1656 819 1917 884 modum
1951 817 2208 896 videtis,
2244 816 2369 884 fuit

301 929 378 984 ut
409 918 802 1028 temporibus
836 917 963 983 illis
999 915 1388 994 luculentus,
1424 913 1581 980 iuris
1615 912 1804 979 valde
1836 911 2099 1000 peritus,
2132 913 2365 979 multo-

302 1037 448 1080 rum
483 1013 674 1079 etiam
707 1023 784 1077 ut
812 1011 900 1076 L.
937 1009 1163 1076 Crassi
1198 1010 1523 1096 magister.

421 1105 753 1174 Utinam
733 1128 802 1169 m
835 1103 940 1170 Ti.
981 1102 1276 1170 Graccho
1313 1101 1605 1186 Gaioque
1642 1097 1940 1168 Carbone
1992 1099 2137 1166 talis
2180 1122 2361 1166 mens
2398 1095 2473 1149 27

305 1199 390 1262 ad
421 1220 559 1264 rem
591 1196 913 1285 publicam
946 1197 1112 1261 bene
1147 1196 1496 1281 gerendam
1529 1195 1783 1272 fuisset,
1820 1169 2423 1303 quale-mgeniuxn1
2416 1224 2420 1228 ·

305 1290 390 1356 ad
439 1291 604 1354 bene
656 1289 998 1354 dicendum
1050 1287 1200 1354 fuit.
1253 1289 1541 1374 profecto
1592 1309 1781 1354 nemo
1824 1287 1923 1352 his
1966 1286 2119 1352 viris
2162 1287 2367 1374 gloria

304 1382 749 1470 praestitisset.
841 1382 956 1448 sed
991 1405 1209 1448 eorum
1245 1381 1404 1447 alter
1454 1392 1731 1469 propter
1758 1380 2367 1448 turbulentissimum

305 1476 714 1554 tribunatum,
752 1475 836 1541 ad
869 1498 1059 1560 quem
1095 1498 1177 1541 ex
1209 1475 1451 1540 invidia
1483 1473 1759 1541 foederis
1784 1475 2155 1549 Numantini
2178 1475 2365 1542 bonis

302 1569 501 1636 iratus
539 1581 915 1648 accesserat,
953 1570 1090 1636 ab
1069 1593 1212 1656 ipsa
1242 1591 1314 1634 re
1348 1568 1623 1678 publica·
1641 1579 1741 1634 est
1771 1568 2170 1647 interfectus3
2206 1569 2368 1635 alter

303 1675 565 1752 propter
615 1675 988 1752 perpetuam
1015 1718 1017 1723 .
1041 1665 1110 1729 in
1161 1663 1453 1752 populari
1503 1661 1747 1729 ratione
1796 1662 2121 1728 levitatem
2161 1672 2365 1729 morte

305 1758 662 1825 voluntaria
706 1781 776 1825 se
823 1782 863 1824 a
905 1758 1242 1825 severitate
1293 1757 1576 1822 iudicum
1627 1756 1991 1822 vindicavit.
2080 1757 2197 1821 sed
2246 1755 2367 1820 fuit

304 1864 571 1937 uterque
609 1875 894 1918 summus
923 1863 1163 1932 orator3
1201 1861 1390 1936 atque
1421 1851 1543 1916 hoc
1578 1850 1883 1916 memoria
1915 1861 2167 1938 patrum
2202 1860 2365 1916 teste

307 1947 605 2012 dicimus:
641 1969 792 2012 nam
829 1957 893 2012 et
929 1945 1244 2013 Carbonis
1283 1956 1348 2010 et
1383 1944 1662 2011 Gracchi
1705 1945 2011 2010 habemus
2050 1944 2363 2011 orationes

305 2041 590 2107 nondum
637 2041 792 2106 satis
841 2041 1208 2127 splendidas
1253 2038 1465 2104 verbis
1478 2087 1497 2116 ,
1554 2039 1669 2104 sed
1712 2048 1928 2104 acutas
1964 2038 2367 2125 prudentiae-

308 2153 430 2216 que
463 2134 891 2220 plenissimas.
971 2135 1095 2200 fuit
1130 2132 1463 2200 Gracchus
1500 2131 1827 2220 diligentia
1863 2129 2199 2198 Corneliae
2233 2156 2370 2198 ma-

2403 1967 2484 2008 104

305 2231 420 2295 tris
457 2252 496 2294 a
527 2251 725 2314 puero
754 2229 978 2295 doctus
1010 2239 1076 2294 et
1103 2227 1368 2295 Graecis
1404 2226 1629 2293 litteris
1668 2226 1979 2305 eruditus3
2015 2248 2167 2292 nam
2204 2249 2369 2294 sem·
2406 2235 2411 2241 ”

305 2344 423 2409 per
475 2320 698 2385 habuit
751 2322 1118 2404 exquisitos
1146 2344 1181 2386 e
1229 2320 1503 2387 Graecia
1553 2321 1925 2407 magistros,
1976 2321 2045 2386 in
2096 2322 2189 2387 eis
2240 2322 2369 2387 iam

307 2414 721 2483 adulescens
738 2412 1149 2499 Diophanem
1189 2414 1657 2498 Mytilenaeum
1712 2412 2020 2479 Graeciae
2072 2415 2371 2521 tempori·
2418 2422 2423 2427 ’

305 2508 428 2575 bus
463 2506 587 2571 illis
624 2504 1136 2574 disertissimum.
1218 2506 1334 2571 sed
1367 2506 1429 2569 ei
1461 2506 1657 2570 breve
1694 2514 1945 2591 tempus
1980 2505 2221 2592 ingenii
2258 2528 2369 2571 au-

307 2600 501 2689 gendi
537 2610 600 2665 et
628 2598 989 2663 declarandi
1026 2599 1174 2664 fuit:
1213 2596 1450 2675 Carbo,
1488 2596 1591 2661 cui
1618 2597 1753 2663 vita
1780 2598 2234 2684 suppeditavit,
2271 2611 2370 2665 est

304 2696 376 2761 in
408 2692 624 2759 multis
681 2691 930 2757 iudiciis
989 2692 1323 2777 causisque
1379 2690 1692 2777 cognitus.
1780 2691 1950 2757 hunc
1994 2691 2104 2777 qui
2154 2691 2370 2759 audie-

306 2797 457 2854 rant
499 2786 846 2874 prudentes
900 2786 1221 2864 homines,
1275 2784 1342 2859 in
1389 2786 1617 2869 quibus
1662 2784 1989 2851 familiaris
2032 2796 2251 2852 noster
2282 2786 2368 2853 L.

311 2881 592 2959 Gellius,
656 2880 766 2965 qui
822 2902 892 2945 se
943 2880 1037 2945 illi
1099 2878 1618 2946 contubernalem
1667 2878 1735 2943 in
1788 2878 2120 2945 consulatu
2168 2881 2373 2947 fuisse

275 3037 280 3040 .
308 2975 636 3054 narrabat,
683 2998 994 3053 ⁸canorum
1028 2970 1344 3041 oratorem
1380 2985 1445 3039 et
1479 2972 1823 3040 volubilem
1858 2984 1923 3039 et
1957 2974 2111 3040 satis
2160 2995 2372 3040 acrem

309 3083 500 3156 atque
537 3070 810 3137 eundem
855 3080 921 3138 et
961 3070 1404 3135 vehementem
1440 3079 1505 3133 et
1538 3068 1724 3133 valde
1762 3068 2011 3134 dulcem
2056 3078 2121 3133 et
2158 3068 2372 3154 perfa-

310 3178 522 3231 cetum
549 3165 748 3231 fuisse
777 3164 1028 3231 dicebat
1037 3190 1056 3243 ;
1087 3164 1364 3231 addebat
1387 3162 1769 3227 industrium
1796 3162 1987 3227 etiam
2015 3172 2080 3227 et
2106 3161 2372 3249 diligen-

227 3274 234 3279 ·
309 3270 443 3323 tem
477 3267 543 3327 et
583 3258 652 3322 in
686 3258 1240 3324 exercitationibus
1296 3255 2057 3340 commentationibusque
2101 3256 2373 3327 multum

313 3370 544 3435 operae
581 3350 834 3415 solitum
869 3373 1012 3416 esse
1045 3372 1302 3438 ponere.
1369 3350 1478 3416 hic
1512 3346 1786 3435 optimus
1820 3349 1946 3415 illis
1982 3348 2371 3436 temporibus

313 3452 414 3510 est
445 3452 753 3528 patronus
789 3442 1046 3509 habitus
1083 3465 1287 3529 eoque
1341 3444 1553 3509 forum
1604 3454 1857 3509 tenente
1890 3444 2076 3531 plura
2106 3442 2245 3509 fieri
2276 3442 2373 3507 iu-

313 3535 482 3603 dicia
517 3546 889 3621 coeperunt3
931 3560 1082 3602 nam
1125 3548 1190 3604 et
1233 3537 1635 3622 quaestiones
1678 3548 2023 3625 perpetuae
2057 3537 2181 3603 hoc
2202 3537 2374 3618 ‘adu-

303 3630 595 3699 -lescente
633 3628 1012 3696 constitutae
1049 3640 1225 3709 sunt,
1281 3650 1444 3715 quae
1481 3640 1668 3695 antea
1700 3630 1912 3697 nullae
1946 3632 2203 3696 fuerunt
2210 3656 2230 3710 3
2282 3632 2368 3696 L.

2404 2628 2487 2669 105

2407 3374 2491 3417 108

313 3723 485 3791 enim
517 3722 674 3790 Piso
711 3722 1000 3789 tribunus
1052 3724 1258 3812 plebis
1302 3724 1515 3811 legem
1547 3724 1790 3810 primus
1826 3724 1905 3791 de
1950 3724 2235 3812 pecuniis
2269 3738 2377 3789 re-'
2439 3757 2445 3761 ·

314 3816 611 3903 petundis
649 3816 1007 3885 Censorino
1058 3830 1124 3885 et
1152 3817 1424 3884 Manilio
1478 3817 1843 3884 consulibus
1894 3819 2064 3897 tulit3
2107 3852 2199 3867 -—-
2228 3818 2370 3905 ipse

314 3911 508 3977 etiam
539 3910 698 3978 Piso
735 3923 800 3979 et
843 3934 1070 3979 causas
1107 3912 1240 4001 egit
1274 3923 1339 3979 et
1379 3911 1723 3977 multarum
1754 3911 1971 3999 legum
2006 3922 2118 3979 aut
2150 3922 2374 3978 auctor

313 4014 426 4071 aut
461 4003 786 4073 dissuasor
820 4006 970 4087 fuit;
1022 4007 1205 4093 isque
1241 4016 1306 4073 et
1347 4005 1665 4072 orationes
1708 4005 1989 4091 reliquit,
2043 4027 2206 4092 quae
2239 4006 2370 4071 iam
