2784 4575
784 278 889 332 DE
926 274 1290 333 ORATORE
1325 278 1432 333 111.
1468 278 1772 333 172—180.
2179 263 2306 333 183

248 401 477 471 soluto·
566 424 715 466 nam
751 422 897 466 cum
930 399 1135 465 vinxit
1166 400 1371 467 forma
1405 410 1470 465 et
1501 400 1730 478 modis,
1773 395 2020 465 relaxat
2053 409 2118 464 et
2148 399 2307 467 libe·
2341 431 2422 475 m

245 510 345 563 rat
396 496 831 561 immutatione
883 493 1150 573 ordinis,
1212 505 1287 559 ut
1333 495 1532 559 verba
1581 515 1786 577 neque
1847 494 2126 579 adligata
2179 494 2307 561 sint

246 591 432 675 quasi
468 600 639 656 certa
672 589 885 674 aliqua
917 587 1061 675 lege
1096 610 1318 654 versus
1346 610 1551 673 neque
1585 588 1677 653 ita
1712 587 1936 666 soluta,
1972 598 2045 653 ut
2069 610 2306 675 vagen-

246 695 369 749 tur.
442 706 718 768 quonam
750 682 943 769 igitur
976 683 1167 747 modo
1207 678 1480 767 [tantum
1515 702 1744 746 munus
1779 680 2166 760 insistemuS,
2201 678 2300 769 ut]
2338 697 2412 754 45

249 778 625 843 arbitramur
684 800 801 843 nos
866 776 1031 841 hanc
1090 774 1221 841 vim
1290 796 1628 840 numerose
1691 775 1941 839 dicendi
2003 777 2306 860 consequi

245 872 479 959 posse?
528 895 660 939 non
694 882 794 938 est
824 892 930 937 res
974 881 1108 935 tam
1160 869 1436 934 difficilis
1483 890 1674 953 quam
1707 869 2094 949 necessaria3
2145 867 2306 937 nihil
2375 904 2380 910 ·

248 976 349 1032 est
392 966 561 1032 enim
604 977 736 1031 tam
788 974 1077 1031 tenerum
1126 958 1332 1048 neque
1376 975 1508 1029 tam
1549 963 1824 1029 flexibile
1877 984 2082 1047 neque
2135 965 2307 1048 quod

249 1071 382 1125 tam
416 1059 605 1125 facile
648 1069 952 1143 sequatur
994 1079 1391 1143 quocumque
1455 1058 1650 1123 ducas
1697 1076 1888 1141 quam
1932 1053 2162 1123 oratio:
2225 1080 2304 1123 ex

246 1152 371 1217 hac
412 1172 659 1230 versus,
704 1174 784 1217 ex
820 1151 941 1216 hac·
974 1147 1199 1217 eadem
1242 1151 1528 1239 dispares
1573 1150 1818 1216 numeri
1863 1150 2274 1217 conficiuntur
2283 1177 2302 1230 3
2339 1178 2416 1223 m

247 1268 333 1310 ex
365 1245 487 1310 hac
522 1244 683 1310 haec
718 1245 909 1310 etiam
946 1244 1155 1310 soluta
1196 1244 1386 1309 variis
1432 1244 1637 1310 modis
1684 1244 2148 1329 multorumque
2192 1262 2305 1333 ge—

244 1360 473 1404 nerum
507 1339 736 1417 orati03
792 1361 921 1403 non
957 1338 1125 1403 enim
1162 1347 1311 1403 sunt
1344 1334 1469 1402 alia
1503 1337 1840 1416 sermonis,
1885 1338 2011 1403 alia
2045 1348 2304 1407 conten-

244 1433 437 1499 tionis
473 1435 699 1511 verba,
752 1454 960 1517 neque
996 1456 1077 1499 ex
1113 1432 1235 1498 alio
1272 1454 1505 1519 genere
1543 1433 1625 1497 ad
1656 1452 1846 1498 usum
1898 1432 2300 1512 cotidianum,

248 1527 373 1592 alio
428 1527 512 1591 ad
564 1548 821 1592 scenam
852 1547 1277 1615 pompamque
1314 1536 1646 1591 sumuntur
1653 1552 1673 1604 3
1729 1526 1843 1591 sed
1876 1550 1954 1592 ea
1986 1550 2104 1593 nos
2157 1549 2304 1594 cum

244 1620 519 1685 iacentia
556 1620 923 1685 sustulimus
960 1642 997 1686 e
1030 1620 1268 1698 medio,
1308 1620 1472 1686 sicut
1504 1619 1942 1699 mollissimam
1975 1641 2186 1687 ceram
2221 1624 2305 1686 ad

242 1725 537 1780 nostrum
598 1713 924 1779 arbitrium
983 1715 1331 1793 formamus
1384 1724 1451 1779 et
1507 1714 1836 1801 fingimus3
1896 1714 2108 1798 itaque
2169 1724 2304 1779 tum

244 1830 479 1895 graves
518 1830 768 1886 sumus,
806 1819 941 1874 tum
978 1808 1269 1887 subtiles,
1306 1818 1461 1873 tum-
1479 1807 1759 1874 medium
1793 1808 2093 1891 quiddam
2128 1820 2304 1875 tene-

244 1926 421 1968 mus:
477 1902 570 1968 sic
602 1902 957 1967 institutam
990 1913 1273 1970 nostram
1318 1896 1697 1967 sententiam
1749 1902 2032 1986 sequitur
2071 1903 2303 1968 oratio-

245 1997 347 2062 nis
383 2018 587 2083 genus
623 1996 814 2081 idque
849 1997 933 2062 ad
968 2018 1221 2077 omnem
1256 1996 1504 2062 aurium
1535 1996 1927 2082 voluptatem
1963 2006 2028 2061 et
2060 1996 2302 2063 animo-

242 2111 389 2158 rum
438 2101 681 2157 motum
740 2100 1021 2155 mutatur
1052 2100 1138 2157 et
1188 2089 1472 2157 vertitur.
1579 2090 1695 2156 sed
1743 2100 1816 2153 ut
1863 2090 1932 2154 in
1981 2089 2298 2176 plerisque
2338 2116 2414 2157 178

244 2185 437 2249 rebus
472 2184 919 2250 incredibiliter
962 2185 1085 2252 hoc
1126 2196 1355 2251 natura
1388 2195 1489 2251 est
1532 2184 1674 2271 ipsa
1717 2184 2050 2263 fabricata,
2109 2185 2202 2251 sic
2234 2185 2303 2251 in

246 2276 560 2356 oratione,
606 2289 679 2343 ut
714 2301 816 2358 ea,
872 2301 1034 2363 quae
1068 2279 1412 2346 maximam
1445 2279 1780 2345 utilitatem
1812 2279 1881 2344 in
1918 2303 1986 2344 se
2023 2279 2305 2346 contine-

166 2390 177 2398 ·
245 2379 417 2447 rent,
469 2370 810 2455 plurimum
845 2374 1068 2438 eadem
1112 2364 1422 2439 haberent
1454 2374 1558 2438 vel
1603 2373 1926 2458 dignitatis
1962 2375 2066 2438 vel
2112 2397 2302 2459 saepe

246 2464 442 2530 etiam
476 2464 846 2529 venustatis.
932 2465 1380 2532 incolumitatis
1419 2485 1494 2530 ac
1529 2465 1750 2530 salutis
1795 2466 2075 2530 omnium
2111 2487 2306 2530 causa

246 2558 537 2623 videmus
574 2556 743 2621 hunc
780 2567 1014 2622 statum
1048 2581 1191 2624 esse
1235 2559 1424 2624 huius
1466 2557 1660 2622 totius
1703 2559 1925 2622 mundi
1969 2568 2156 2642 atque
2191 2581 2308 2624 na-

248 2663 456 2728 turae,
507 2651 851 2715 rotundum
891 2660 964 2714 ut
1006 2652 1251 2716 caelum
1293 2663 1586 2734 terraque
1619 2661 1692 2714 ut
1731 2652 1944 2716 media
1979 2653 2062 2716 sit
2106 2673 2304 2734 eaque

249 2769 370 2811 sua
403 2744 468 2809 vi
502 2755 785 2829 nutuque
820 2754 1135 2823 teneatur,
1174 2745 1270 2810 sol
1304 2755 1375 2808 ut
1411 2743 1904 2822 circumferatur,
1939 2754 2012 2808 ut
2047 2745 2307 2810 accedat

251 2838 334 2904 ad
365 2839 653 2904 brumale
692 2837 945 2924 signum
980 2849 1045 2903 et
1076 2837 1225 2903 inde
1261 2837 1500 2905 sensim
1551 2837 1854 2902 ascendat
1885 2837 1954 2901 in
1989 2837 2306 2904 diversam

251 2942 501 3019 partem
508 2957 529 3012 3
564 2942 637 2996 ut
669 2931 823 2996 luna
857 2953 1122 2998 accessu
1158 2942 1223 2998 et
1254 2952 1514 2998 recessu
1554 2929 1730 3019 [suo]
1761 2930 1912 2996 solis
1949 2931 2163 2998 lumen
2197 2952 2304 2998 ac-

247 3027 443 3115 cipiat
448 3051 467 3106 3
494 3037 566 3092 ut
593 3026 818 3092 eadem
845 3025 1050 3113 spatia
1068 3026 1343 3111 quinque
1372 3025 1592 3091 stellae
1620 3025 1856 3111 dispari
1881 3035 2058 3090 motu
2084 3045 2304 3090 cursu-

249 3143 375 3204 que
411 3120 774 3186 conficiant:
825 3120 987 3186 haec
1020 3130 1261 3186 tantam
1296 3121 1536 3186 habent
1577 3119 1735 3198 vim,
1787 3119 2048 3206 paulum
2079 3129 2155 3184 ut
2185 3117 2304 3183 im—
2341 3143 2418 3185 179

248 3225 495 3280 mutata
528 3215 866 3281 cohaerere
901 3237 1031 3282 non
1064 3215 1341 3302 possint,
1396 3225 1638 3280 tantam
1669 3213 2182 3300 pulcritudinem,
2235 3223 2310 3277 ut

248 3307 427 3371 nulla
471 3308 715 3392 species
779 3329 861 3374 ne
923 3309 1189 3396 cogitari
1240 3308 1494 3397 quidem
1545 3308 1751 3395 possit
1811 3306 2105 3374 ornatior.
2207 3329 2310 3372 re-

250 3399 413 3466 ferte
463 3420 634 3465 nunc
685 3400 965 3466 animum
1017 3403 1101 3467 ad
1161 3403 1490 3468 hominum
1540 3401 1644 3467 vel
1705 3400 1896 3467 etiam
1957 3411 2310 3466 ceterarum

248 3492 667 3559 animantium
699 3493 970 3560 formam
1006 3506 1071 3560 et
1103 3497 1406 3582 figuramz
1459 3496 1702 3562 nullam
1733 3506 1981 3582 partem
2026 3493 2306 3581 corporis

252 3587 392 3652 sine
428 3585 640 3671 aliqua
681 3587 1063 3662 necessitate
1108 3589 1404 3655 adfictam
1448 3601 1769 3674 totamque
1811 3589 2082 3655 formam
2126 3587 2308 3672 quasi

249 3681 601 3768 perfectam
632 3681 957 3768 reperietis
1004 3693 1166 3762 arte,
1219 3707 1349 3749 non
1367 3743 1369 3745 .
1386 3706 1556 3750 casu.
1647 3683 1802 3767 quid
1842 3683 1911 3748 in
1955 3681 2304 3759 arboribus,
2341 3693 2412 3748 46

250 3776 319 3840 in
354 3775 583 3861 quibus
620 3799 751 3842 non
786 3784 1075 3856 truncus,
1112 3801 1241 3844 non
1273 3777 1464 3856 rami,
1500 3799 1630 3843 non
1664 3776 1818 3842 folia
1853 3786 2002 3841 sunt
2035 3775 2307 3859 denique

252 3870 375 3934 nisi
404 3872 487 3936 ad
514 3889 695 3937 suam
719 3870 1117 3938 retinendam
1142 3872 1768 3955 conservandamque
1794 3871 2122 3935 naturam?
2154 3891 2308 3934 nus-

254 3983 447 4046 quam
498 3977 709 4032 tamen
746 3976 844 4032 est
884 3965 1017 4030 ulla
1054 3989 1209 4052 pars
1243 3966 1369 4031 nisi
1420 3976 1708 4032 venusta.
1795 3963 2154 4049 linquamus
2189 3985 2303 4028 na-
2336 3987 2418 4030 iso
2516 3999 2519 4002 ·

252 4065 459 4124 turam
496 4059 772 4145 artisque
816 4060 1174 4132 videamus:
1228 4061 1381 4146 quid
1427 4071 1556 4126 tam
1597 4059 1665 4126 in
1705 4059 1960 4147 navigio
2005 4079 2302 4128 necessa-
