<?xml version="1.0" encoding="UTF-8"?>
<!DOCTYPE html PUBLIC "-//W3C//DTD XHTML 1.0 Transitional//EN"
    "http://www.w3.org/TR/xhtml1/DTD/xhtml1-transitional.dtd">
<html xmlns="http://www.w3.org/1999/xhtml" xml:lang="en" lang="en">
 <head>
  <title>
</title>
<meta http-equiv="Content-Type" content="text/html;charset=utf-8" />
  <meta name='ocr-system' content='tesseract 3.04.00' />
  <meta name='ocr-capabilities' content='ocr_page ocr_carea ocr_par ocr_line ocrx_word'/>
</head>
<body>
  <div class='ocr_page' id='page_1' title='image "./mtulliiciceroni11unkngoog_0219.png"; bbox 0 0 2784 4575; ppageno 0'>
   <div class='ocr_carea' id='block_1_1' title="bbox 803 201 2352 315">
    <p class='ocr_par' dir='ltr' id='par_1_1' title="bbox 803 201 2352 315">
     <span class='ocr_line' id='line_1_1' title="bbox 803 201 2352 315; baseline 0.004 -6"><span class='ocrx_word' id='word_1_1' title='bbox 803 251 912 309; x_wconf 85' lang='lat' dir='ltr'>DE</span> <span class='ocrx_word' id='word_1_2' title='bbox 953 250 1441 310; x_wconf 75' lang='lat' dir='ltr'>[NVENTIONE</span> <span class='ocrx_word' id='word_1_3' title='bbox 1475 252 1551 307; x_wconf 88' lang='grc' dir='ltr'>Π.</span> <span class='ocrx_word' id='word_1_4' title='bbox 1586 252 1826 311; x_wconf 81' lang='lat'><strong>47-52.</strong></span> <span class='ocrx_word' id='word_1_5' title='bbox 2084 201 2098 218; x_wconf 51' lang='lat'><em>⁶</em></span> <span class='ocrx_word' id='word_1_6' title='bbox 2228 246 2352 315; x_wconf 86' lang='grc'>167</span> 
     </span>
    </p>
   </div>
   <div class='ocr_carea' id='block_1_2' title="bbox 279 376 2456 4149">
    <p class='ocr_par' dir='ltr' id='par_1_2' title="bbox 281 376 2456 2916">
     <span class='ocr_line' id='line_1_2' title="bbox 284 376 2354 467; baseline 0.002 -24"><span class='ocrx_word' id='word_1_7' title='bbox 284 379 587 445; x_wconf 81' lang='lat' dir='ltr'>citatione</span> <span class='ocrx_word' id='word_1_8' title='bbox 619 400 921 464; x_wconf 82' lang='lat' dir='ltr'>magnam</span> <span class='ocrx_word' id='word_1_9' title='bbox 959 377 1080 443; x_wconf 89' lang='lat' dir='ltr'>sibi</span> <span class='ocrx_word' id='word_1_10' title='bbox 1123 376 1463 443; x_wconf 86' lang='lat' dir='ltr'>verborum</span> <span class='ocrx_word' id='word_1_11' title='bbox 1498 386 1561 443; x_wconf 87' lang='lat' dir='ltr'>et</span> <span class='ocrx_word' id='word_1_12' title='bbox 1607 377 2061 443; x_wconf 88' lang='lat' dir='ltr'>sententiarum</span> <span class='ocrx_word' id='word_1_13' title='bbox 2103 380 2354 467; x_wconf 86' lang='lat' dir='ltr'>copiam</span> 
     </span>
     <span class='ocr_line' id='line_1_3' title="bbox 291 472 2349 560; baseline 0.001 -21"><span class='ocrx_word' id='word_1_14' title='bbox 291 473 795 560; x_wconf 74' lang='lat' dir='ltr'><strong>comparaverint</strong></span> <span class='ocrx_word' id='word_1_15' title='bbox 808 520 826 550; x_wconf 89' lang='lat'><strong>,</strong></span> <span class='ocrx_word' id='word_1_16' title='bbox 879 472 1135 537; x_wconf 86' lang='lat' dir='ltr'>tractari</span> <span class='ocrx_word' id='word_1_17' title='bbox 1179 494 1310 537; x_wconf 87' lang='lat' dir='ltr'>non</span> <span class='ocrx_word' id='word_1_18' title='bbox 1350 482 1651 557; x_wconf 86' lang='lat' dir='ltr'>poterunt</span> <span class='ocrx_word' id='word_1_19' title='bbox 1694 482 1911 537; x_wconf 88' lang='lat' dir='ltr'>ornate</span> <span class='ocrx_word' id='word_1_20' title='bbox 1947 484 2011 537; x_wconf 87' lang='lat' dir='ltr'>et</span> <span class='ocrx_word' id='word_1_21' title='bbox 2054 476 2349 560; x_wconf 86' lang='lat' dir='ltr'>graviter,</span> 
     </span>
     <span class='ocr_line' id='line_1_4' title="bbox 291 565 2354 653; baseline 0.001 -20"><span class='ocrx_word' id='word_1_22' title='bbox 291 590 482 653; x_wconf 89' lang='lat' dir='ltr'>quem</span> <span class='ocrx_word' id='word_1_23' title='bbox 517 568 600 633; x_wconf 86' lang='lat' dir='ltr'>ad</span> <span class='ocrx_word' id='word_1_24' title='bbox 631 567 892 633; x_wconf 88' lang='lat' dir='ltr'>modum</span> <span class='ocrx_word' id='word_1_25' title='bbox 927 578 1154 631; x_wconf 86' lang='lat' dir='ltr'>natura</span> <span class='ocrx_word' id='word_1_26' title='bbox 1187 588 1408 632; x_wconf 86' lang='lat' dir='ltr'>eorum</span> <span class='ocrx_word' id='word_1_27' title='bbox 1461 565 1799 631; x_wconf 77' lang='lat' dir='ltr'><strong>desiderat.</strong></span> <span class='ocrx_word' id='word_1_28' title='bbox 1890 579 2080 651; x_wconf 88' lang='lat' dir='ltr'>atque</span> <span class='ocrx_word' id='word_1_29' title='bbox 2112 567 2235 635; x_wconf 86' lang='lat' dir='ltr'>hoc</span> <span class='ocrx_word' id='word_1_30' title='bbox 2270 570 2354 635; x_wconf 88' lang='lat' dir='ltr'>sit</span> 
     </span>
     <span class='ocr_line' id='line_1_5' title="bbox 289 660 2355 747; baseline -0 -17"><span class='ocrx_word' id='word_1_31' title='bbox 289 661 474 731; x_wconf 84' lang='lat' dir='ltr'>nobis</span> <span class='ocrx_word' id='word_1_32' title='bbox 511 662 750 727; x_wconf 86' lang='lat' dir='ltr'>dictum</span> <span class='ocrx_word' id='word_1_33' title='bbox 794 660 1209 728; x_wconf 84' lang='lat' dir='ltr'>communiter</span> <span class='ocrx_word' id='word_1_34' title='bbox 1246 661 1326 727; x_wconf 90' lang='lat' dir='ltr'>de</span> <span class='ocrx_word' id='word_1_35' title='bbox 1369 660 1543 725; x_wconf 88' lang='lat' dir='ltr'>omni</span> <span class='ocrx_word' id='word_1_36' title='bbox 1586 682 1821 747; x_wconf 82' lang='lat' dir='ltr'>gener-e</span> <span class='ocrx_word' id='word_1_37' title='bbox 1853 660 2139 727; x_wconf 87' lang='lat' dir='ltr'>locorum</span> <span class='ocrx_word' id='word_1_38' title='bbox 2184 684 2355 729; x_wconf 89' lang='lat' dir='ltr'>com-</span> 
     </span>
     <span class='ocr_line' id='line_1_6' title="bbox 287 755 2456 843; baseline 0.003 -22"><span class='ocrx_word' id='word_1_39' title='bbox 287 758 604 835; x_wconf 86' lang='lat' dir='ltr'>munium3</span> <span class='ocrx_word' id='word_1_40' title='bbox 657 778 830 821; x_wconf 87' lang='lat' dir='ltr'>nunc</span> <span class='ocrx_word' id='word_1_41' title='bbox 864 778 1288 843; x_wconf 77' lang='lat' dir='ltr'>exponemus,</span> <span class='ocrx_word' id='word_1_42' title='bbox 1331 755 1400 820; x_wconf 88' lang='lat' dir='ltr'>in</span> <span class='ocrx_word' id='word_1_43' title='bbox 1437 755 1924 823; x_wconf 84' lang='lat' dir='ltr'>coniecturalem</span> <span class='ocrx_word' id='word_1_44' title='bbox 1960 758 2355 826; x_wconf 89' lang='lat' dir='ltr'>constitutio-</span> <span class='ocrx_word' id='word_1_45' title='bbox 2388 774 2456 827; x_wconf 85' lang='lat'>16</span> 
     </span>
     <span class='ocr_line' id='line_1_7' title="bbox 289 849 2352 937; baseline 0 -21"><span class='ocrx_word' id='word_1_46' title='bbox 289 874 438 917; x_wconf 91' lang='lat' dir='ltr'>nem</span> <span class='ocrx_word' id='word_1_47' title='bbox 481 850 591 935; x_wconf 90' lang='lat' dir='ltr'>qui</span> <span class='ocrx_word' id='word_1_48' title='bbox 634 851 760 917; x_wconf 91' lang='lat' dir='ltr'>loci</span> <span class='ocrx_word' id='word_1_49' title='bbox 812 871 1180 917; x_wconf 86' lang='lat' dir='ltr'>communes</span> <span class='ocrx_word' id='word_1_50' title='bbox 1233 849 1513 915; x_wconf 81' lang='lat' dir='ltr'>incidere</span> <span class='ocrx_word' id='word_1_51' title='bbox 1566 851 1839 917; x_wconf 77' lang='lat' dir='ltr'><strong>soleant:</strong></span> <span class='ocrx_word' id='word_1_52' title='bbox 1896 851 2352 937; x_wconf 73' lang='lat' dir='ltr'>suspitionibus</span> 
     </span>
     <span class='ocr_line' id='line_1_8' title="bbox 289 944 2355 1033; baseline 0.001 -22"><span class='ocrx_word' id='word_1_53' title='bbox 289 945 462 1012; x_wconf 88' lang='lat' dir='ltr'>credi</span> <span class='ocrx_word' id='word_1_54' title='bbox 495 958 788 1033; x_wconf 87' lang='lat' dir='ltr'>oportere</span> <span class='ocrx_word' id='word_1_55' title='bbox 825 956 890 1010; x_wconf 87' lang='lat' dir='ltr'>et</span> <span class='ocrx_word' id='word_1_56' title='bbox 923 968 1053 1011; x_wconf 90' lang='lat' dir='ltr'>non</span> <span class='ocrx_word' id='word_1_57' title='bbox 1089 954 1410 1031; x_wconf 81' lang='lat' dir='ltr'>oportere3</span> <span class='ocrx_word' id='word_1_58' title='bbox 1460 944 1819 1011; x_wconf 90' lang='lat' dir='ltr'>rumoribus</span> <span class='ocrx_word' id='word_1_59' title='bbox 1856 946 2029 1011; x_wconf 87' lang='lat' dir='ltr'>credi</span> <span class='ocrx_word' id='word_1_60' title='bbox 2064 957 2355 1033; x_wconf 84' lang='lat' dir='ltr'>oportere</span> 
     </span>
     <span class='ocr_line' id='line_1_9' title="bbox 287 1039 2350 1127; baseline 0.001 -23"><span class='ocrx_word' id='word_1_61' title='bbox 287 1050 354 1105; x_wconf 91' lang='lat' dir='ltr'>et</span> <span class='ocrx_word' id='word_1_62' title='bbox 385 1063 516 1106; x_wconf 90' lang='lat' dir='ltr'>non</span> <span class='ocrx_word' id='word_1_63' title='bbox 551 1050 872 1125; x_wconf 83' lang='lat' dir='ltr'>oportere3</span> <span class='ocrx_word' id='word_1_64' title='bbox 919 1039 1188 1105; x_wconf 88' lang='lat' dir='ltr'>testibus</span> <span class='ocrx_word' id='word_1_65' title='bbox 1225 1039 1397 1106; x_wconf 87' lang='lat' dir='ltr'>credi</span> <span class='ocrx_word' id='word_1_66' title='bbox 1442 1050 1732 1127; x_wconf 85' lang='lat' dir='ltr'><strong>oportere</strong></span> <span class='ocrx_word' id='word_1_67' title='bbox 1768 1050 1833 1106; x_wconf 90' lang='lat' dir='ltr'>et</span> <span class='ocrx_word' id='word_1_68' title='bbox 1865 1063 1997 1108; x_wconf 86' lang='lat' dir='ltr'>non</span> <span class='ocrx_word' id='word_1_69' title='bbox 2030 1052 2350 1127; x_wconf 81' lang='lat' dir='ltr'>oportere3</span> 
     </span>
     <span class='ocr_line' id='line_1_10' title="bbox 286 1132 2353 1220; baseline 0.001 -22"><span class='ocrx_word' id='word_1_70' title='bbox 286 1132 762 1217; x_wconf 78' lang='lat' dir='ltr'>quaestionibus</span> <span class='ocrx_word' id='word_1_71' title='bbox 800 1134 973 1200; x_wconf 89' lang='lat' dir='ltr'>credi</span> <span class='ocrx_word' id='word_1_72' title='bbox 1007 1143 1298 1220; x_wconf 80' lang='lat' dir='ltr'><strong>oportere</strong></span> <span class='ocrx_word' id='word_1_73' title='bbox 1333 1145 1401 1199; x_wconf 87' lang='lat' dir='ltr'>et</span> <span class='ocrx_word' id='word_1_74' title='bbox 1432 1156 1564 1201; x_wconf 87' lang='lat' dir='ltr'>non</span> <span class='ocrx_word' id='word_1_75' title='bbox 1598 1146 1917 1219; x_wconf 84' lang='lat' dir='ltr'>oportere3</span> <span class='ocrx_word' id='word_1_76' title='bbox 1964 1135 2161 1199; x_wconf 85' lang='lat' dir='ltr'>vitam</span> <span class='ocrx_word' id='word_1_77' title='bbox 2207 1146 2353 1201; x_wconf 85' lang='lat' dir='ltr'>ante</span> 
     </span>
     <span class='ocr_line' id='line_1_11' title="bbox 286 1228 2350 1317; baseline 0.001 -25"><span class='ocrx_word' id='word_1_78' title='bbox 286 1238 494 1293; x_wconf 87' lang='lat' dir='ltr'>actam</span> <span class='ocrx_word' id='word_1_79' title='bbox 537 1228 813 1313; x_wconf 87' lang='lat' dir='ltr'>spectari</span> <span class='ocrx_word' id='word_1_80' title='bbox 855 1239 1147 1315; x_wconf 74' lang='lat' dir='ltr'><strong>oportere</strong></span> <span class='ocrx_word' id='word_1_81' title='bbox 1193 1239 1258 1295; x_wconf 89' lang='lat' dir='ltr'>et</span> <span class='ocrx_word' id='word_1_82' title='bbox 1298 1250 1431 1295; x_wconf 87' lang='lat' dir='ltr'>non</span> <span class='ocrx_word' id='word_1_83' title='bbox 1482 1240 1801 1317; x_wconf 86' lang='lat' dir='ltr'>oportere3</span> <span class='ocrx_word' id='word_1_84' title='bbox 1856 1228 2143 1296; x_wconf 88' lang='lat' dir='ltr'>eiusdem</span> <span class='ocrx_word' id='word_1_85' title='bbox 2186 1252 2350 1309; x_wconf 88' lang='lat' dir='ltr'>esse,</span> 
     </span>
     <span class='ocr_line' id='line_1_12' title="bbox 285 1319 2353 1410; baseline 0.002 -24"><span class='ocrx_word' id='word_1_86' title='bbox 285 1322 394 1406; x_wconf 87' lang='lat' dir='ltr'>qui</span> <span class='ocrx_word' id='word_1_87' title='bbox 427 1322 496 1387; x_wconf 88' lang='lat' dir='ltr'>in</span> <span class='ocrx_word' id='word_1_88' title='bbox 528 1322 640 1387; x_wconf 88' lang='lat' dir='ltr'>illa</span> <span class='ocrx_word' id='word_1_89' title='bbox 669 1346 740 1389; x_wconf 89' lang='lat' dir='ltr'>re</span> <span class='ocrx_word' id='word_1_90' title='bbox 775 1323 1080 1409; x_wconf 86' lang='lat' dir='ltr'>peccarit,</span> <span class='ocrx_word' id='word_1_91' title='bbox 1120 1319 1240 1410; x_wconf 91' lang='lat' dir='ltr'>[et]</span> <span class='ocrx_word' id='word_1_92' title='bbox 1279 1323 1403 1389; x_wconf 91' lang='lat' dir='ltr'>hoc</span> <span class='ocrx_word' id='word_1_93' title='bbox 1438 1345 1690 1409; x_wconf 86' lang='lat' dir='ltr'>quoque</span> <span class='ocrx_word' id='word_1_94' title='bbox 1726 1322 2087 1403; x_wconf 78' lang='lat' dir='ltr'>admisisse,</span> <span class='ocrx_word' id='word_1_95' title='bbox 2124 1335 2190 1391; x_wconf 88' lang='lat' dir='ltr'>et</span> <span class='ocrx_word' id='word_1_96' title='bbox 2222 1348 2353 1391; x_wconf 90' lang='lat' dir='ltr'>non</span> 
     </span>
     <span class='ocr_line' id='line_1_13' title="bbox 285 1417 2349 1505; baseline 0.002 -24"><span class='ocrx_word' id='word_1_97' title='bbox 285 1438 432 1481; x_wconf 86' lang='lat' dir='ltr'>esse</span> <span class='ocrx_word' id='word_1_98' title='bbox 467 1417 783 1496; x_wconf 84' lang='lat' dir='ltr'>eiusdem3</span> <span class='ocrx_word' id='word_1_99' title='bbox 839 1440 1100 1483; x_wconf 87' lang='lat' dir='ltr'>causam</span> <span class='ocrx_word' id='word_1_100' title='bbox 1141 1418 1419 1485; x_wconf 82' lang='lat' dir='ltr'>maxime</span> <span class='ocrx_word' id='word_1_101' title='bbox 1473 1417 1748 1505; x_wconf 86' lang='lat' dir='ltr'>spectari</span> <span class='ocrx_word' id='word_1_102' title='bbox 1790 1428 2080 1505; x_wconf 82' lang='lat' dir='ltr'><strong>oportere</strong></span> <span class='ocrx_word' id='word_1_103' title='bbox 2124 1429 2189 1485; x_wconf 87' lang='lat' dir='ltr'>et</span> <span class='ocrx_word' id='word_1_104' title='bbox 2218 1442 2349 1485; x_wconf 87' lang='lat' dir='ltr'>non</span> 
     </span>
     <span class='ocr_line' id='line_1_14' title="bbox 287 1511 2349 1601; baseline 0 -24"><span class='ocrx_word' id='word_1_105' title='bbox 287 1520 606 1597; x_wconf 84' lang='lat' dir='ltr'>oportere3</span> <span class='ocrx_word' id='word_1_106' title='bbox 645 1522 836 1595; x_wconf 75' lang='lat' dir='ltr'>atque</span> <span class='ocrx_word' id='word_1_107' title='bbox 872 1511 938 1575; x_wconf 86' lang='lat' dir='ltr'>hi</span> <span class='ocrx_word' id='word_1_108' title='bbox 974 1512 1229 1595; x_wconf 88' lang='lat' dir='ltr'>quidem</span> <span class='ocrx_word' id='word_1_109' title='bbox 1263 1524 1327 1578; x_wconf 91' lang='lat' dir='ltr'>et</span> <span class='ocrx_word' id='word_1_110' title='bbox 1363 1513 1420 1578; x_wconf 89' lang='lat' dir='ltr'>si</span> <span class='ocrx_word' id='word_1_111' title='bbox 1448 1514 1564 1597; x_wconf 86' lang='lat' dir='ltr'>qui</span> <span class='ocrx_word' id='word_1_112' title='bbox 1600 1513 1736 1579; x_wconf 87' lang='lat' dir='ltr'>eius</span> <span class='ocrx_word' id='word_1_113' title='bbox 1772 1514 1945 1579; x_wconf 86' lang='lat' dir='ltr'>modi</span> <span class='ocrx_word' id='word_1_114' title='bbox 1980 1538 2061 1579; x_wconf 82' lang='lat' dir='ltr'>ex</span> <span class='ocrx_word' id='word_1_115' title='bbox 2092 1514 2349 1601; x_wconf 86' lang='lat' dir='ltr'>proprio</span> 
     </span>
     <span class='ocr_line' id='line_1_15' title="bbox 290 1605 2347 1695; baseline 0.001 -26"><span class='ocrx_word' id='word_1_116' title='bbox 290 1614 666 1691; x_wconf 83' lang='lat' dir='ltr'>argumento</span> <span class='ocrx_word' id='word_1_117' title='bbox 703 1626 1072 1672; x_wconf 87' lang='lat' dir='ltr'>communes</span> <span class='ocrx_word' id='word_1_118' title='bbox 1106 1605 1230 1670; x_wconf 91' lang='lat' dir='ltr'>loci</span> <span class='ocrx_word' id='word_1_119' title='bbox 1263 1617 1625 1685; x_wconf 83' lang='lat' dir='ltr'>nascentur,</span> <span class='ocrx_word' id='word_1_120' title='bbox 1662 1607 1731 1671; x_wconf 90' lang='lat' dir='ltr'>in</span> <span class='ocrx_word' id='word_1_121' title='bbox 1764 1609 2109 1673; x_wconf 86' lang='lat' dir='ltr'>contrarias</span> <span class='ocrx_word' id='word_1_122' title='bbox 2146 1608 2347 1695; x_wconf 84' lang='lat' dir='ltr'>partis</span> 
     </span>
     <span class='ocr_line' id='line_1_16' title="bbox 285 1698 2446 1789; baseline 0.002 -26"><span class='ocrx_word' id='word_1_123' title='bbox 285 1698 696 1778; x_wconf 86' lang='lat' dir='ltr'>diducuntur3</span> <span class='ocrx_word' id='word_1_124' title='bbox 735 1710 944 1765; x_wconf 90' lang='lat' dir='ltr'>certus</span> <span class='ocrx_word' id='word_1_125' title='bbox 981 1710 1194 1766; x_wconf 78' lang='lat' dir='ltr'>autem</span> <span class='ocrx_word' id='word_1_126' title='bbox 1217 1701 1397 1767; x_wconf 89' lang='lat' dir='ltr'>locus</span> <span class='ocrx_word' id='word_1_127' title='bbox 1435 1713 1535 1767; x_wconf 89' lang='lat' dir='ltr'>est</span> <span class='ocrx_word' id='word_1_128' title='bbox 1553 1703 1975 1781; x_wconf 73' lang='lat' dir='ltr'>accusatorie,</span> <span class='ocrx_word' id='word_1_129' title='bbox 2010 1726 2131 1789; x_wconf 75' lang='lat' dir='ltr'>per=</span> <span class='ocrx_word' id='word_1_130' title='bbox 2160 1724 2351 1786; x_wconf 85' lang='lat' dir='ltr'>quem</span> <span class='ocrx_word' id='word_1_131' title='bbox 2392 1726 2446 1767; x_wconf 86' lang='lat'>51</span> 
     </span>
     <span class='ocr_line' id='line_1_17' title="bbox 285 1793 2353 1883; baseline 0.001 -24"><span class='ocrx_word' id='word_1_132' title='bbox 285 1804 480 1881; x_wconf 85' lang='lat' dir='ltr'>auget</span> <span class='ocrx_word' id='word_1_133' title='bbox 519 1794 672 1859; x_wconf 80' lang='lat' dir='ltr'>facti</span> <span class='ocrx_word' id='word_1_134' title='bbox 710 1793 1130 1872; x_wconf 72' lang='lat' dir='ltr'><strong>atrocitatem,</strong></span> <span class='ocrx_word' id='word_1_135' title='bbox 1185 1806 1250 1861; x_wconf 92' lang='lat' dir='ltr'>et</span> <span class='ocrx_word' id='word_1_136' title='bbox 1285 1795 1472 1874; x_wconf 87' lang='lat' dir='ltr'>alter,</span> <span class='ocrx_word' id='word_1_137' title='bbox 1524 1819 1640 1883; x_wconf 88' lang='lat' dir='ltr'>per</span> <span class='ocrx_word' id='word_1_138' title='bbox 1676 1818 1865 1880; x_wconf 87' lang='lat' dir='ltr'>quem</span> <span class='ocrx_word' id='word_1_139' title='bbox 1914 1806 2111 1883; x_wconf 87' lang='lat' dir='ltr'>negat</span> <span class='ocrx_word' id='word_1_140' title='bbox 2152 1796 2353 1861; x_wconf 87' lang='lat' dir='ltr'>malo-</span> 
     </span>
     <span class='ocr_line' id='line_1_18' title="bbox 281 1888 2353 1978; baseline 0.002 -25"><span class='ocrx_word' id='word_1_141' title='bbox 281 1911 426 1953; x_wconf 88' lang='lat' dir='ltr'>rum</span> <span class='ocrx_word' id='word_1_142' title='bbox 476 1888 762 1959; x_wconf 86' lang='lat' dir='ltr'>misereri</span> <span class='ocrx_word' id='word_1_143' title='bbox 813 1898 1134 1977; x_wconf 85' lang='lat' dir='ltr'><strong>oportere:</strong></span> <span class='ocrx_word' id='word_1_144' title='bbox 1190 1889 1572 1969; x_wconf 86' lang='lat' dir='ltr'>defensoris,</span> <span class='ocrx_word' id='word_1_145' title='bbox 1626 1914 1743 1977; x_wconf 86' lang='lat' dir='ltr'>per</span> <span class='ocrx_word' id='word_1_146' title='bbox 1796 1913 1986 1975; x_wconf 90' lang='lat' dir='ltr'>quem</span> <span class='ocrx_word' id='word_1_147' title='bbox 2037 1891 2353 1978; x_wconf 62' lang='lat' dir='ltr'>calumnia</span> 
     </span>
     <span class='ocr_line' id='line_1_19' title="bbox 285 1983 2351 2072; baseline 0 -23"><span class='ocrx_word' id='word_1_148' title='bbox 285 1995 726 2051; x_wconf 80' lang='lat' dir='ltr'>accusatorum</span> <span class='ocrx_word' id='word_1_149' title='bbox 778 2004 924 2049; x_wconf 89' lang='lat' dir='ltr'>cum</span> <span class='ocrx_word' id='word_1_150' title='bbox 973 1983 1411 2072; x_wconf 78' lang='lat' dir='ltr'>indignatione</span> <span class='ocrx_word' id='word_1_151' title='bbox 1473 1986 1825 2051; x_wconf 86' lang='lat' dir='ltr'>ostenditur</span> <span class='ocrx_word' id='word_1_152' title='bbox 1879 1998 1943 2052; x_wconf 90' lang='lat' dir='ltr'>et</span> <span class='ocrx_word' id='word_1_153' title='bbox 1992 2008 2107 2072; x_wconf 85' lang='lat' dir='ltr'>per</span> <span class='ocrx_word' id='word_1_154' title='bbox 2160 2008 2351 2070; x_wconf 88' lang='lat' dir='ltr'>quem</span> 
     </span>
     <span class='ocr_line' id='line_1_20' title="bbox 283 2079 2351 2167; baseline 0.001 -25"><span class='ocrx_word' id='word_1_155' title='bbox 283 2099 430 2145; x_wconf 87' lang='lat' dir='ltr'>cum</span> <span class='ocrx_word' id='word_1_156' title='bbox 489 2080 942 2163; x_wconf 79' lang='lat' dir='ltr'>conquestione</span> <span class='ocrx_word' id='word_1_157' title='bbox 1003 2079 1439 2147; x_wconf 81' lang='lat' dir='ltr'>misericordia</span> <span class='ocrx_word' id='word_1_158' title='bbox 1496 2091 1803 2167; x_wconf 77' lang='lat' dir='ltr'>captatur·</span> <span class='ocrx_word' id='word_1_159' title='bbox 1919 2081 1987 2145; x_wconf 87' lang='lat' dir='ltr'>hi</span> <span class='ocrx_word' id='word_1_160' title='bbox 2040 2093 2105 2147; x_wconf 91' lang='lat' dir='ltr'>et</span> <span class='ocrx_word' id='word_1_161' title='bbox 2158 2082 2351 2147; x_wconf 87' lang='lat' dir='ltr'>ceteri</span> 
     </span>
     <span class='ocr_line' id='line_1_21' title="bbox 281 2172 2347 2263; baseline 0.001 -26"><span class='ocrx_word' id='word_1_162' title='bbox 281 2172 406 2238; x_wconf 91' lang='lat' dir='ltr'>loci</span> <span class='ocrx_word' id='word_1_163' title='bbox 458 2196 678 2240; x_wconf 84' lang='lat' dir='ltr'>omnes</span> <span class='ocrx_word' id='word_1_164' title='bbox 732 2195 1102 2240; x_wconf 89' lang='lat' dir='ltr'>communes</span> <span class='ocrx_word' id='word_1_165' title='bbox 1155 2196 1238 2239; x_wconf 84' lang='lat' dir='ltr'>ex</span> <span class='ocrx_word' id='word_1_166' title='bbox 1289 2175 1533 2240; x_wconf 88' lang='lat' dir='ltr'>eisdem</span> <span class='ocrx_word' id='word_1_167' title='bbox 1582 2175 1939 2263; x_wconf 77' lang='lat' dir='ltr'>praeceptis</span> <span class='ocrx_word' id='word_1_168' title='bbox 1994 2188 2347 2255; x_wconf 86' lang='lat' dir='ltr'>sumuntur,</span> 
     </span>
     <span class='ocr_line' id='line_1_22' title="bbox 285 2266 2349 2356; baseline 0.003 -26"><span class='ocrx_word' id='word_1_169' title='bbox 285 2266 514 2350; x_wconf 88' lang='lat' dir='ltr'>quibus</span> <span class='ocrx_word' id='word_1_170' title='bbox 551 2278 796 2337; x_wconf 86' lang='lat' dir='ltr'>ceterae</span> <span class='ocrx_word' id='word_1_171' title='bbox 833 2269 1439 2356; x_wconf 55' lang='lat' dir='ltr'>argumentationem</span> <span class='ocrx_word' id='word_1_172' title='bbox 1478 2270 1595 2336; x_wconf 90' lang='lat' dir='ltr'>sed</span> <span class='ocrx_word' id='word_1_173' title='bbox 1629 2269 1775 2336; x_wconf 88' lang='lat' dir='ltr'>illae</span> <span class='ocrx_word' id='word_1_174' title='bbox 1812 2269 2063 2336; x_wconf 89' lang='lat' dir='ltr'>tenuius</span> <span class='ocrx_word' id='word_1_175' title='bbox 2100 2282 2164 2338; x_wconf 90' lang='lat' dir='ltr'>et</span> <span class='ocrx_word' id='word_1_176' title='bbox 2198 2272 2349 2337; x_wconf 88' lang='lat' dir='ltr'>sub-</span> 
     </span>
     <span class='ocr_line' id='line_1_23' title="bbox 283 2361 2346 2452; baseline 0.002 -26"><span class='ocrx_word' id='word_1_177' title='bbox 283 2361 456 2426; x_wconf 86' lang='lat' dir='ltr'>tilius</span> <span class='ocrx_word' id='word_1_178' title='bbox 493 2373 558 2428; x_wconf 91' lang='lat' dir='ltr'>et</span> <span class='ocrx_word' id='word_1_179' title='bbox 589 2363 836 2428; x_wconf 88' lang='lat' dir='ltr'>acutius</span> <span class='ocrx_word' id='word_1_180' title='bbox 873 2374 1249 2442; x_wconf 83' lang='lat' dir='ltr'>tractantur,</span> <span class='ocrx_word' id='word_1_181' title='bbox 1303 2365 1372 2429; x_wconf 90' lang='lat' dir='ltr'>hi</span> <span class='ocrx_word' id='word_1_182' title='bbox 1407 2377 1619 2430; x_wconf 88' lang='lat' dir='ltr'>autem</span> <span class='ocrx_word' id='word_1_183' title='bbox 1664 2367 1921 2452; x_wconf 87' lang='lat' dir='ltr'>gravius</span> <span class='ocrx_word' id='word_1_184' title='bbox 1958 2378 2023 2431; x_wconf 89' lang='lat' dir='ltr'>et</span> <span class='ocrx_word' id='word_1_185' title='bbox 2066 2368 2346 2432; x_wconf 86' lang='lat' dir='ltr'>ornatius</span> 
     </span>
     <span class='ocr_line' id='line_1_24' title="bbox 285 2455 2345 2541; baseline 0.002 -21"><span class='ocrx_word' id='word_1_186' title='bbox 285 2466 350 2520; x_wconf 88' lang='lat' dir='ltr'>et</span> <span class='ocrx_word' id='word_1_187' title='bbox 385 2475 530 2522; x_wconf 87' lang='lat' dir='ltr'>cum</span> <span class='ocrx_word' id='word_1_188' title='bbox 563 2455 776 2522; x_wconf 84' lang='lat' dir='ltr'>verbis</span> <span class='ocrx_word' id='word_1_189' title='bbox 813 2469 950 2522; x_wconf 86' lang='lat' dir='ltr'>tum</span> <span class='ocrx_word' id='word_1_190' title='bbox 985 2459 1178 2522; x_wconf 87' lang='lat' dir='ltr'>etiam</span> <span class='ocrx_word' id='word_1_191' title='bbox 1215 2459 1545 2525; x_wconf 86' lang='lat' dir='ltr'>sententiis</span> <span class='ocrx_word' id='word_1_192' title='bbox 1582 2459 2037 2524; x_wconf 84' lang='lat' dir='ltr'>excellentibus</span> <span class='ocrx_word' id='word_1_193' title='bbox 2049 2484 2067 2536; x_wconf 85' lang='lat'><em>3</em></span> <span class='ocrx_word' id='word_1_194' title='bbox 2109 2460 2188 2541; x_wconf 44' lang='lat' dir='ltr'>⁶in</span> <span class='ocrx_word' id='word_1_195' title='bbox 2222 2460 2345 2524; x_wconf 87' lang='lat' dir='ltr'>illis</span> 
     </span>
     <span class='ocr_line' id='line_1_25' title="bbox 283 2549 2350 2634; baseline 0 -18"><span class='ocrx_word' id='word_1_196' title='bbox 283 2549 454 2616; x_wconf 87' lang='lat' dir='ltr'>enim</span> <span class='ocrx_word' id='word_1_197' title='bbox 492 2551 640 2616; x_wconf 88' lang='lat' dir='ltr'>finis</span> <span class='ocrx_word' id='word_1_198' title='bbox 687 2561 816 2629; x_wconf 86' lang='lat' dir='ltr'>est,</span> <span class='ocrx_word' id='word_1_199' title='bbox 869 2562 944 2615; x_wconf 91' lang='lat' dir='ltr'>ut</span> <span class='ocrx_word' id='word_1_200' title='bbox 981 2551 1078 2628; x_wconf 88' lang='lat' dir='ltr'>id,</span> <span class='ocrx_word' id='word_1_201' title='bbox 1135 2552 1308 2634; x_wconf 88' lang='lat' dir='ltr'>quod</span> <span class='ocrx_word' id='word_1_202' title='bbox 1350 2552 1605 2630; x_wconf 87' lang='lat' dir='ltr'>dicitur,</span> <span class='ocrx_word' id='word_1_203' title='bbox 1660 2575 1882 2618; x_wconf 84' lang='lat' dir='ltr'>verum</span> <span class='ocrx_word' id='word_1_204' title='bbox 1936 2575 2079 2617; x_wconf 91' lang='lat' dir='ltr'>esse</span> <span class='ocrx_word' id='word_1_205' title='bbox 2132 2551 2350 2618; x_wconf 79' lang='lat' dir='ltr'>videa-</span> 
     </span>
     <span class='ocr_line' id='line_1_26' title="bbox 282 2643 2348 2730; baseline 0.002 -24"><span class='ocrx_word' id='word_1_206' title='bbox 282 2654 414 2718; x_wconf 75' lang='lat' dir='ltr'>tur-3</span> <span class='ocrx_word' id='word_1_207' title='bbox 465 2643 534 2708; x_wconf 89' lang='lat' dir='ltr'>in</span> <span class='ocrx_word' id='word_1_208' title='bbox 585 2644 714 2721; x_wconf 89' lang='lat' dir='ltr'>his,</span> <span class='ocrx_word' id='word_1_209' title='bbox 769 2644 1024 2708; x_wconf 87' lang='lat' dir='ltr'>tametsi</span> <span class='ocrx_word' id='word_1_210' title='bbox 1076 2643 1198 2708; x_wconf 87' lang='lat' dir='ltr'>hoc</span> <span class='ocrx_word' id='word_1_211' title='bbox 1251 2666 1505 2728; x_wconf 89' lang='lat' dir='ltr'>quoque</span> <span class='ocrx_word' id='word_1_212' title='bbox 1556 2645 1759 2710; x_wconf 80' lang='lat' dir='ltr'>videri</span> <span class='ocrx_word' id='word_1_213' title='bbox 1802 2655 2079 2730; x_wconf 86' lang='lat' dir='ltr'>oportet,</span> <span class='ocrx_word' id='word_1_214' title='bbox 2135 2657 2348 2710; x_wconf 86' lang='lat' dir='ltr'>tamen</span> 
     </span>
     <span class='ocr_line' id='line_1_27' title="bbox 282 2734 2347 2823; baseline 0.001 -22"><span class='ocrx_word' id='word_1_215' title='bbox 282 2735 426 2802; x_wconf 87' lang='lat' dir='ltr'>finis</span> <span class='ocrx_word' id='word_1_216' title='bbox 461 2747 563 2801; x_wconf 89' lang='lat' dir='ltr'>est</span> <span class='ocrx_word' id='word_1_217' title='bbox 598 2735 966 2823; x_wconf 87' lang='lat' dir='ltr'>amplitudo.</span> <span class='ocrx_word' id='word_1_218' title='bbox 1015 2734 1215 2822; x_wconf 87' lang='lat' dir='ltr'>[nunc</span> <span class='ocrx_word' id='word_1_219' title='bbox 1249 2737 1332 2802; x_wconf 87' lang='lat' dir='ltr'>ad</span> <span class='ocrx_word' id='word_1_220' title='bbox 1367 2737 1559 2804; x_wconf 83' lang='lat' dir='ltr'>aliam</span> <span class='ocrx_word' id='word_1_221' title='bbox 1594 2738 2107 2820; x_wconf 85' lang='lat' dir='ltr'>constitutionem</span> <span class='ocrx_word' id='word_1_222' title='bbox 2141 2749 2347 2804; x_wconf 87' lang='lat' dir='ltr'>trans-</span> 
     </span>
     <span class='ocr_line' id='line_1_28' title="bbox 283 2827 556 2916; baseline -0.011 -20"><span class='ocrx_word' id='word_1_223' title='bbox 283 2852 502 2896; x_wconf 84' lang='lat' dir='ltr'>eamus</span> <span class='ocrx_word' id='word_1_224' title='bbox 509 2827 556 2916; x_wconf 92' lang='lat'>.]</span> 
     </span>
    </p>

    <p class='ocr_par' dir='ltr' id='par_1_3' title="bbox 279 2921 2448 4149">
     <span class='ocr_line' id='line_1_29' title="bbox 405 2921 2448 3011; baseline 0.002 -21"><span class='ocrx_word' id='word_1_225' title='bbox 405 2921 574 2990; x_wconf 85' lang='lat' dir='ltr'>Cum</span> <span class='ocrx_word' id='word_1_226' title='bbox 609 2935 710 2990; x_wconf 89' lang='lat' dir='ltr'>est</span> <span class='ocrx_word' id='word_1_227' title='bbox 742 2923 1018 2990; x_wconf 89' lang='lat' dir='ltr'>nominis</span> <span class='ocrx_word' id='word_1_228' title='bbox 1057 2927 1516 3004; x_wconf 84' lang='lat' dir='ltr'>controversia,</span> <span class='ocrx_word' id='word_1_229' title='bbox 1571 2925 1721 3011; x_wconf 90' lang='lat' dir='ltr'>quia</span> <span class='ocrx_word' id='word_1_230' title='bbox 1764 2926 1863 2992; x_wconf 80' lang='lat' dir='ltr'>vis</span> <span class='ocrx_word' id='word_1_231' title='bbox 1907 2926 2199 2994; x_wconf 77' lang='lat' dir='ltr'>vocabuli</span> <span class='ocrx_word' id='word_1_232' title='bbox 2234 2925 2448 2995; x_wconf 76' lang='lat' dir='ltr'>fle-1⁷</span> 
     </span>
     <span class='ocr_line' id='line_1_30' title="bbox 281 2997 2439 3099; baseline 0 -12"><span class='ocrx_word' id='word_1_233' title='bbox 281 3019 561 3087; x_wconf 81' lang='lat' dir='ltr'>finienda</span> <span class='ocrx_word' id='word_1_234' title='bbox 611 3020 822 3086; x_wconf 86' lang='lat' dir='ltr'>verbis</span> <span class='ocrx_word' id='word_1_235' title='bbox 877 3031 1006 3099; x_wconf 88' lang='lat' dir='ltr'>est,</span> <span class='ocrx_word' id='word_1_236' title='bbox 1063 3021 1427 3089; x_wconf 86' lang='lat' dir='ltr'>constitutio</span> <span class='ocrx_word' id='word_1_237' title='bbox 1479 3020 1806 3089; x_wconf 84' lang='lat' dir='ltr'>definitiva</span> <span class='ocrx_word' id='word_1_238' title='bbox 1853 3021 2100 3088; x_wconf 81' lang='lat' dir='ltr'>dicitur.</span> <span class='ocrx_word' id='word_1_239' title='bbox 2207 3023 2343 3088; x_wconf 90' lang='lat' dir='ltr'>eius</span> <span class='ocrx_word' id='word_1_240' title='bbox 2388 2997 2439 3038; x_wconf 69' lang='lat'>⁵²</span> 
     </span>
     <span class='ocr_line' id='line_1_31' title="bbox 281 3113 2347 3202; baseline 0.001 -21"><span class='ocrx_word' id='word_1_241' title='bbox 281 3115 535 3202; x_wconf 88' lang='lat' dir='ltr'>generis</span> <span class='ocrx_word' id='word_1_242' title='bbox 572 3113 864 3202; x_wconf 83' lang='lat' dir='ltr'>exemplo</span> <span class='ocrx_word' id='word_1_243' title='bbox 907 3115 1096 3182; x_wconf 85' lang='lat' dir='ltr'>nobis</span> <span class='ocrx_word' id='word_1_244' title='bbox 1139 3116 1352 3202; x_wconf 85' lang='lat' dir='ltr'>posita</span> <span class='ocrx_word' id='word_1_245' title='bbox 1385 3116 1471 3181; x_wconf 90' lang='lat' dir='ltr'>sit</span> <span class='ocrx_word' id='word_1_246' title='bbox 1513 3117 1673 3182; x_wconf 88' lang='lat' dir='ltr'>haec</span> <span class='ocrx_word' id='word_1_247' title='bbox 1716 3137 1938 3182; x_wconf 87' lang='lat' dir='ltr'>causa.</span> <span class='ocrx_word' id='word_1_248' title='bbox 1995 3113 2072 3183; x_wconf 86' lang='lat' dir='ltr'>C.</span> <span class='ocrx_word' id='word_1_249' title='bbox 2106 3115 2347 3184; x_wconf 80' lang='lat' dir='ltr'>Flami-</span> 
     </span>
     <span class='ocr_line' id='line_1_32' title="bbox 280 3209 2343 3298; baseline 0 -22"><span class='ocrx_word' id='word_1_250' title='bbox 280 3209 424 3276; x_wconf 89' lang='lat' dir='ltr'>nius</span> <span class='ocrx_word' id='word_1_251' title='bbox 457 3210 536 3289; x_wconf 89' lang='lat' dir='ltr'>is,</span> <span class='ocrx_word' id='word_1_252' title='bbox 573 3212 682 3297; x_wconf 90' lang='lat' dir='ltr'>qui</span> <span class='ocrx_word' id='word_1_253' title='bbox 716 3211 939 3276; x_wconf 88' lang='lat' dir='ltr'>consul</span> <span class='ocrx_word' id='word_1_254' title='bbox 973 3233 1110 3276; x_wconf 89' lang='lat' dir='ltr'>rem</span> <span class='ocrx_word' id='word_1_255' title='bbox 1142 3210 1309 3277; x_wconf 87' lang='lat' dir='ltr'>male</span> <span class='ocrx_word' id='word_1_256' title='bbox 1335 3211 1541 3298; x_wconf 84' lang='lat' dir='ltr'>gessit</span> <span class='ocrx_word' id='word_1_257' title='bbox 1572 3209 1741 3278; x_wconf 90' lang='lat' dir='ltr'>bello</span> <span class='ocrx_word' id='word_1_258' title='bbox 1768 3211 2015 3278; x_wconf 88' lang='lat' dir='ltr'>Punico</span> <span class='ocrx_word' id='word_1_259' title='bbox 2046 3212 2343 3290; x_wconf 83' lang='lat' dir='ltr'>secundo,</span> 
     </span>
     <span class='ocr_line' id='line_1_33' title="bbox 283 3304 2345 3392; baseline 0 -22"><span class='ocrx_word' id='word_1_260' title='bbox 283 3327 430 3370; x_wconf 89' lang='lat' dir='ltr'>cum</span> <span class='ocrx_word' id='word_1_261' title='bbox 463 3304 752 3370; x_wconf 86' lang='lat' dir='ltr'>tribunus</span> <span class='ocrx_word' id='word_1_262' title='bbox 787 3305 994 3392; x_wconf 89' lang='lat' dir='ltr'>plebis</span> <span class='ocrx_word' id='word_1_263' title='bbox 1031 3317 1232 3384; x_wconf 89' lang='lat' dir='ltr'>esset,</span> <span class='ocrx_word' id='word_1_264' title='bbox 1286 3305 1489 3372; x_wconf 86' lang='lat' dir='ltr'>invito</span> <span class='ocrx_word' id='word_1_265' title='bbox 1535 3315 1760 3370; x_wconf 88' lang='lat' dir='ltr'>senatu</span> <span class='ocrx_word' id='word_1_266' title='bbox 1802 3317 1869 3371; x_wconf 89' lang='lat' dir='ltr'>et</span> <span class='ocrx_word' id='word_1_267' title='bbox 1902 3306 2159 3374; x_wconf 88' lang='lat' dir='ltr'>omnino</span> <span class='ocrx_word' id='word_1_268' title='bbox 2196 3325 2345 3372; x_wconf 85' lang='lat' dir='ltr'>con-</span> 
     </span>
     <span class='ocr_line' id='line_1_34' title="bbox 281 3397 2345 3486; baseline 0.002 -25"><span class='ocrx_word' id='word_1_269' title='bbox 281 3409 383 3462; x_wconf 88' lang='lat' dir='ltr'>tra</span> <span class='ocrx_word' id='word_1_270' title='bbox 416 3397 808 3465; x_wconf 83' lang='lat' dir='ltr'>voluntatem</span> <span class='ocrx_word' id='word_1_271' title='bbox 839 3399 1120 3464; x_wconf 89' lang='lat' dir='ltr'>omnium</span> <span class='ocrx_word' id='word_1_272' title='bbox 1150 3400 1527 3486; x_wconf 87' lang='lat' dir='ltr'>optimatum</span> <span class='ocrx_word' id='word_1_273' title='bbox 1559 3421 1675 3486; x_wconf 89' lang='lat' dir='ltr'>per</span> <span class='ocrx_word' id='word_1_274' title='bbox 1702 3399 2079 3466; x_wconf 87' lang='lat' dir='ltr'>seditionem</span> <span class='ocrx_word' id='word_1_275' title='bbox 2114 3400 2198 3465; x_wconf 87' lang='lat' dir='ltr'>ad</span> <span class='ocrx_word' id='word_1_276' title='bbox 2229 3423 2345 3485; x_wconf 87' lang='lat' dir='ltr'>po-</span> 
     </span>
     <span class='ocr_line' id='line_1_35' title="bbox 281 3491 2345 3581; baseline 0.001 -25"><span class='ocrx_word' id='word_1_277' title='bbox 281 3491 505 3577; x_wconf 89' lang='lat' dir='ltr'>pulum</span> <span class='ocrx_word' id='word_1_278' title='bbox 555 3492 766 3578; x_wconf 90' lang='lat' dir='ltr'>legem</span> <span class='ocrx_word' id='word_1_279' title='bbox 819 3493 1134 3580; x_wconf 81' lang='lat' dir='ltr'>agrariam</span> <span class='ocrx_word' id='word_1_280' title='bbox 1185 3494 1450 3560; x_wconf 81' lang='lat' dir='ltr'>ferebat.</span> <span class='ocrx_word' id='word_1_281' title='bbox 1538 3494 1710 3560; x_wconf 89' lang='lat' dir='ltr'>hunc</span> <span class='ocrx_word' id='word_1_282' title='bbox 1759 3505 1942 3581; x_wconf 85' lang='lat' dir='ltr'>pater</span> <span class='ocrx_word' id='word_1_283' title='bbox 1994 3515 2149 3560; x_wconf 87' lang='lat' dir='ltr'>suus</span> <span class='ocrx_word' id='word_1_284' title='bbox 2196 3515 2345 3559; x_wconf 88' lang='lat' dir='ltr'>con-</span> 
     </span>
     <span class='ocr_line' id='line_1_36' title="bbox 284 3583 2345 3674; baseline 0.001 -24"><span class='ocrx_word' id='word_1_285' title='bbox 284 3583 500 3650; x_wconf 85' lang='lat' dir='ltr'>cilium</span> <span class='ocrx_word' id='word_1_286' title='bbox 557 3585 762 3672; x_wconf 88' lang='lat' dir='ltr'>plebis</span> <span class='ocrx_word' id='word_1_287' title='bbox 824 3585 1166 3653; x_wconf 82' lang='lat' dir='ltr'>habentem</span> <span class='ocrx_word' id='word_1_288' title='bbox 1219 3587 1299 3652; x_wconf 91' lang='lat' dir='ltr'>de</span> <span class='ocrx_word' id='word_1_289' title='bbox 1356 3588 1593 3674; x_wconf 85' lang='lat' dir='ltr'>templo</span> <span class='ocrx_word' id='word_1_290' title='bbox 1650 3588 1914 3654; x_wconf 78' lang='lat' dir='ltr'>deduxit</span> <span class='ocrx_word' id='word_1_291' title='bbox 1921 3613 1939 3666; x_wconf 84' lang='lat'>3</span> <span class='ocrx_word' id='word_1_292' title='bbox 2006 3587 2345 3652; x_wconf 73' lang='lat' dir='ltr'>arcessitur</span> 
     </span>
     <span class='ocr_line' id='line_1_37' title="bbox 281 3681 2348 3766; baseline -0.001 -18"><span class='ocrx_word' id='word_1_293' title='bbox 281 3681 652 3748; x_wconf 78' lang='lat' dir='ltr'>maiestatis.</span> <span class='ocrx_word' id='word_1_294' title='bbox 741 3681 1012 3748; x_wconf 88' lang='lat' dir='ltr'>intentio</span> <span class='ocrx_word' id='word_1_295' title='bbox 1045 3694 1172 3748; x_wconf 91' lang='lat' dir='ltr'>est·</span> <span class='ocrx_word' id='word_1_296' title='bbox 1229 3684 1659 3750; x_wconf 82' lang='lat' dir='ltr'>‘maiestatem</span> <span class='ocrx_word' id='word_1_297' title='bbox 1692 3683 1993 3760; x_wconf 87' lang='lat' dir='ltr'>minuisti,</span> <span class='ocrx_word' id='word_1_298' title='bbox 2031 3681 2202 3766; x_wconf 87' lang='lat' dir='ltr'>quod</span> <span class='ocrx_word' id='word_1_299' title='bbox 2238 3682 2348 3746; x_wconf 86' lang='lat' dir='ltr'>tri-</span> 
     </span>
     <span class='ocr_line' id='line_1_38' title="bbox 285 3775 2345 3866; baseline -0 -23"><span class='ocrx_word' id='word_1_300' title='bbox 285 3778 525 3844; x_wconf 87' lang='lat' dir='ltr'>bunum</span> <span class='ocrx_word' id='word_1_301' title='bbox 573 3775 780 3866; x_wconf 89' lang='lat' dir='ltr'>plebis</span> <span class='ocrx_word' id='word_1_302' title='bbox 834 3777 914 3842; x_wconf 91' lang='lat' dir='ltr'>de</span> <span class='ocrx_word' id='word_1_303' title='bbox 967 3777 1202 3864; x_wconf 89' lang='lat' dir='ltr'>templo</span> <span class='ocrx_word' id='word_1_304' title='bbox 1257 3777 1617 3844; x_wconf 62' lang='lat' dir='ltr'>deduxisti?</span> <span class='ocrx_word' id='word_1_305' title='bbox 1690 3776 1978 3862; x_wconf 87' lang='lat' dir='ltr'>depulsio</span> <span class='ocrx_word' id='word_1_306' title='bbox 2014 3786 2141 3840; x_wconf 86' lang='lat' dir='ltr'>est.</span> <span class='ocrx_word' id='word_1_307' title='bbox 2187 3780 2345 3842; x_wconf 83' lang='lat' dir='ltr'>‘non</span> 
     </span>
     <span class='ocr_line' id='line_1_39' title="bbox 280 3869 2343 3957; baseline -0 -20"><span class='ocrx_word' id='word_1_308' title='bbox 280 3871 482 3938; x_wconf 87' lang='lat' dir='ltr'>minui</span> <span class='ocrx_word' id='word_1_309' title='bbox 513 3871 954 3938; x_wconf 63' lang='lat' dir='ltr'>maiestatem?</span> <span class='ocrx_word' id='word_1_310' title='bbox 1027 3874 1316 3957; x_wconf 79' lang='lat' dir='ltr'>quaestio</span> <span class='ocrx_word' id='word_1_311' title='bbox 1351 3885 1479 3939; x_wconf 84' lang='lat' dir='ltr'>est:</span> <span class='ocrx_word' id='word_1_312' title='bbox 1514 3872 1993 3938; x_wconf 82' lang='lat' dir='ltr'>maiestatemne</span> <span class='ocrx_word' id='word_1_313' title='bbox 2026 3869 2343 3936; x_wconf 80' lang='lat' dir='ltr'>minuerit.</span> 
     </span>
     <span class='ocr_line' id='line_1_40' title="bbox 279 3955 2437 4054; baseline 0 -24"><span class='ocrx_word' id='word_1_314' title='bbox 279 3955 469 4032; x_wconf 83' lang='lat' dir='ltr'>ratio·</span> <span class='ocrx_word' id='word_1_315' title='bbox 509 3967 606 4032; x_wconf 89' lang='lat' dir='ltr'>‘in</span> <span class='ocrx_word' id='word_1_316' title='bbox 637 3967 840 4033; x_wconf 89' lang='lat' dir='ltr'>filium</span> <span class='ocrx_word' id='word_1_317' title='bbox 874 3967 1046 4034; x_wconf 89' lang='lat' dir='ltr'>enim</span> <span class='ocrx_word' id='word_1_318' title='bbox 1079 3989 1270 4052; x_wconf 88' lang='lat' dir='ltr'>quam</span> <span class='ocrx_word' id='word_1_319' title='bbox 1303 3967 1620 4034; x_wconf 84' lang='lat' dir='ltr'>habebam</span> <span class='ocrx_word' id='word_1_320' title='bbox 1651 3975 2052 4054; x_wconf 88' lang='lat' dir='ltr'>potestatem,</span> <span class='ocrx_word' id='word_1_321' title='bbox 2088 3987 2166 4030; x_wconf 86' lang='lat' dir='ltr'>ea</span> <span class='ocrx_word' id='word_1_322' title='bbox 2200 3986 2365 4038; x_wconf 74' lang='lat' dir='ltr'>sum,</span> <span class='ocrx_word' id='word_1_323' title='bbox 2428 4032 2437 4041; x_wconf 72' lang='grc'><em>,</em></span> 
     </span>
     <span class='ocr_line' id='line_1_41' title="bbox 280 4059 2342 4149; baseline 0 -23"><span class='ocrx_word' id='word_1_324' title='bbox 280 4060 476 4126; x_wconf 64' lang='lat' dir='ltr'>usus?</span> <span class='ocrx_word' id='word_1_325' title='bbox 563 4063 826 4129; x_wconf 84' lang='lat' dir='ltr'>rationis</span> <span class='ocrx_word' id='word_1_326' title='bbox 861 4063 1228 4128; x_wconf 86' lang='lat' dir='ltr'>infirmatio:</span> <span class='ocrx_word' id='word_1_327' title='bbox 1285 4069 1380 4127; x_wconf 81' lang='lat' dir='ltr'>‘at</span> <span class='ocrx_word' id='word_1_328' title='bbox 1416 4063 1612 4140; x_wconf 88' lang='lat' dir='ltr'>enim,</span> <span class='ocrx_word' id='word_1_329' title='bbox 1650 4060 1757 4144; x_wconf 88' lang='lat' dir='ltr'>qui</span> <span class='ocrx_word' id='word_1_330' title='bbox 1791 4059 1996 4149; x_wconf 85' lang='lat' dir='ltr'>patria</span> <span class='ocrx_word' id='word_1_331' title='bbox 2028 4069 2342 4147; x_wconf 80' lang='lat' dir='ltr'>potestate</span> 
     </span>
    </p>
   </div>
  </div>
 </body>
</html>
