2784 4575
905 260 1224 318 ORATOR
1257 261 1403 317 85-—
1412 261 1497 316 94„
2098 250 2227 318 297

165 387 576 478 cognoverim
627 385 972 463 neminem,
1025 405 1173 450 cum
1221 383 1291 449 id
1345 394 1516 450 certe
1570 383 1655 450 sit
1706 407 1900 470 quam
1950 386 2226 454 maxime

163 484 475 550 Atticum.
580 481 746 546 hanc
801 502 922 566 ego
973 477 1184 544 iudico
1246 478 1519 544 formam
1584 479 1913 546 summissi
1961 481 2225 546 oratoris
2271 517 2325 558 90

165 601 334 657 esse,
377 577 597 665 magni
639 587 853 642 tamen
897 584 962 640 et
1003 573 1289 660 germani
1320 572 1551 653 Attici3
1596 573 1895 658 quoniam
1930 574 2230 660 quicquid

162 686 269 740 est
304 673 546 748 salsum
579 683 690 737 aut
734 667 1050 735 salubre
1030 693 1099 734 m
1141 668 1457 746 oratione,
1510 668 1579 733 id
1622 668 1946 756 proprium
1978 670 2231 737 Attico-

161 791 308 835 rum
343 778 469 846 est,
515 789 552 832 e
589 766 819 852 quibus
854 775 1069 830 tamen
1101 785 1233 830 non
1265 785 1488 828 omnes
1523 763 1742 830 faceti:
1794 763 2035 850 Lysias
2072 765 2227 832 satis

163 874 235 928 et
261 862 650 950 Hyperides,
685 859 1013 926 Demades
1039 868 1291 946 praeter
1320 869 1565 923 ceteros
1594 857 1814 936 fertur,
1838 857 2229 926 Demosthe-

161 979 281 1022 nes
317 957 526 1022 minus
560 956 859 1032 habetur,
906 975 1032 1037 quo
1068 951 1326 1038 quidem
1358 951 1516 1017 mihi
1559 951 1721 1016 nihil
1754 951 2005 1018 videtur
2037 955 2229 1021 urba-

161 1051 340 1128 nius,
394 1051 512 1116 sed
553 1072 684 1116 non
737 1059 870 1113 tam
914 1046 1102 1112 dicax
1142 1046 1264 1112 fuit
1308 1068 1500 1131 quam
1542 1045 1789 1112 facetus
1798 1071 1819 1125 ;
1872 1057 1973 1112 est
2015 1058 2228 1114 autem

162 1147 328 1212 illud
363 1145 620 1212 acrioris
655 1144 924 1233 ingenii,
961 1143 1084 1210 hoc
1117 1142 1374 1208 maioris
1410 1142 1585 1208 artis.

285 1240 568 1308 Uberius
622 1250 736 1326 est!
775 1237 950 1304 aliud
1003 1237 1451 1322 aliquantoque
1500 1236 1825 1302 robustius
1868 1259 2061 1323 quam
2104 1239 2227 1307 hoc
2269 1269 2323 1310 91

162 1335 431 1414 humile,
487 1336 567 1400 de
620 1356 745 1418 quo
800 1333 1039 1398 dictum
1091 1342 1218 1412 est,
1275 1330 1674 1396 summissius
1729 1341 1971 1411 autem,
2034 1356 2227 1419 quam
2290 1379 2293 1384 -

161 1429 352 1507 illud,
407 1430 486 1494 de
524 1451 651 1514 quo
684 1428 813 1494 iam
846 1427 1120 1505 dicetur,
1167 1425 1657 1512 amplissimum:
1714 1426 1836 1492 hoc
1870 1426 1939 1491 in
1988 1450 2225 1514 genere

162 1545 503 1589 nervorum
549 1522 651 1587 vel
693 1521 1052 1600 minimum,
1108 1519 1441 1585 suavitatis
1484 1530 1697 1586 autem
1744 1531 1843 1586 est
1885 1520 1989 1587 vel
2028 1521 2225 1610 pluri-

161 1638 369 1695 mum3
412 1627 516 1682 est
549 1615 718 1682 enim
752 1614 1002 1702 plenius
1039 1637 1230 1698 quam
1263 1613 1387 1680 hoc
1422 1613 1848 1692 enucleatum,
1886 1635 2079 1698 quam
2112 1638 2226 1680 au-

161 1725 296 1776 tem
330 1711 491 1776 illud
525 1720 818 1776 ornatum
853 1708 1307 1796 copiosumque
1343 1706 1766 1773 summissius.
1828 1662 1977 1773 huic
2012 1709 2225 1774 omnia
2258 1709 2327 1762 27

159 1804 417 1870 dicendi
469 1813 839 1870 ornamenta
891 1801 1275 1869 conveniunt
1321 1801 1790 1887 plurimumque
1844 1812 1944 1867 est
1993 1801 2062 1867 in
2104 1803 2226 1868 hac
2267 1781 2320 1820 ⁹²

155 1899 468 1965 orationis
511 1899 719 1981 forma
763 1897 1124 1973 suavitatis3
1176 1893 1244 1961 in
1278 1917 1407 1980 qua
1448 1894 1633 1961 multi
1672 1895 2021 1962 floruerunt
2055 1898 2226 1984 apud

157 1992 479 2073 Graecos,
525 1994 642 2059 sed
673 1992 1025 2059 Phalereus
1061 1990 1431 2056 Demetrius
1466 2012 1611 2056 meo
1644 1988 1877 2056 iudicio
1913 1991 2227 2076 praestitit

155 2089 418 2167 ceteris,
473 2088 654 2154 cuius
691 2087 891 2155 oratio
929 2107 1074 2152 cum
1111 2085 1329 2151 sedate
1363 2084 1739 2172 placideque
1780 2083 2042 2164 labitur,
2090 2095 2225 2151 tum

156 2181 503 2248 inlustrant
535 2204 676 2247 eam
713 2179 897 2267 quasi
933 2179 1155 2246 stellae
1191 2179 1505 2264 quaedam
1538 2178 1768 2244 tralata
1800 2180 1999 2245 verba
2034 2191 2225 2264 atque

158 2276 514 2342 immutata.
602 2276 830 2342 tralata
865 2298 944 2341 ea
977 2275 1118 2341 d100
1126 2323 1147 2355 ,
1181 2285 1254 2340 ut
1289 2296 1483 2361 saepe
1516 2272 1665 2352 iam,
1702 2295 1867 2358 quae
1899 2297 2017 2362 per
2052 2273 2227 2341 simi-

167 2368 501 2435 litudinem
554 2369 636 2433 ab
695 2370 822 2435 alia
871 2392 942 2436 re
995 2379 1107 2434 aut
1168 2368 1499 2433 suavitatis
1560 2379 1673 2434 aut
1719 2368 1971 2457 inopiae
2032 2390 2228 2435 causa

166 2464 668 2529 transferuntur:
703 2474 975 2541 mutata,
1011 2463 1078 2527 in
1113 2462 1344 2546 quibus
1377 2484 1496 2547 pro
1530 2462 1727 2527 verbo
1759 2463 2017 2550 proprio
2054 2462 2227 2528 subi·
2332 2476 2341 2480 ’

103 2566 115 2576 ’
158 2560 326 2625 citur
370 2558 572 2635 aliud,
624 2558 797 2641 quod
839 2555 1012 2622 idem
1055 2554 1368 2641 significet
1412 2567 1735 2641 sumptum
1778 2579 1861 2622 ex
1902 2579 1972 2622 re
2014 2556 2228 2641 aliqua

160 2650 605 2736 consequenti3
667 2650 842 2733 quod
903 2670 1284 2734 quamquam
1347 2648 1787 2715 transferendo
1848 2648 1949 2726 fit,
2012 2658 2226 2713 tamen
2268 2674 2319 2715 93

161 2747 288 2812 alio
322 2746 517 2812 modo
550 2743 870 2810 transtulit
905 2764 1053 2809 cum
1087 2741 1239 2808 dicit
1269 2741 1522 2806 Ennius
1568 2746 1743 2807 ‘arce
1779 2753 1845 2808 et
1876 2742 2034 2808 urbe
2070 2742 2227 2808 orba

161 2841 333 2907 sum’
372 2841 496 2907 alio
530 2840 741 2918 modo,
782 2834 869 2925 [si
903 2860 1018 2925 pro
1051 2835 1260 2924 patria
1293 2856 1504 2901 arcem
1531 2834 1798 2901 dixisset
1804 2860 1824 2915 3
1862 2835 1955 2925 et]
1996 2836 2227 2903 ‘horri-

164 2936 314 3001 dam
355 2933 647 3001 Africam
691 2931 955 2999 terribili
1007 2943 1274 2997 tremere
1328 2929 1625 2995 tumultu’
1666 2930 1829 2996 “cum
1873 2930 2027 2997 dicit
2081 2928 2223 3018 [pro

157 3029 343 3095 Afris
377 3029 669 3095 immutat
699 3022 1045 3114 Africam}
1116 3026 1282 3091 hanc
1315 3020 1697 3111 ὑπαλλαγὴν
1729 3023 2035 3106 rhetores,
2072 3025 2223 3111 quia

159 3122 348 3208 quasi
383 3133 848 3189 summutantur
881 3122 1078 3187 verba
1108 3141 1228 3208 pro
1263 3117 1504 3197 verbis,
1556 3123 1970 3203 μετωνυμίαν
2011 3142 2225 3208 gram-

158 3217 378 3282 matici
428 3228 687 3296 vocant,
741 3216 914 3303 quod
955 3216 1216 3281 nomina
1267 3213 1752 3279 transferuntur.
1837 3212 2221 3280 Aristoteles
2266 3238 2321 3279 94

161 3319 376 3374 autem
426 3305 745 3377 tralationi
797 3320 862 3375 et
911 3309 1072 3375 haec
1133 3308 1278 3396 ipsa
1337 3306 1666 3394 subiungit
1714 3317 1780 3373 et
1830 3306 2220 3386 abusionem,

161 3425 356 3488 quam
389 3403 782 3489 κατάχρησιν
818 3413 1076 3480 vocant,
1129 3412 1202 3468 ut
1236 3423 1382 3467 cum
1426 3402 1741 3468 minutum
1785 3401 2051 3467 dicimus
2087 3402 2222 3467 ani-

160 3520 340 3563 mum
371 3519 488 3583 pro
523 3519 749 3583 parvo,
806 3508 870 3561 et
903 3495 1226 3562 abutimur
1257 3495 1472 3561 verbis
1506 3496 1913 3583 propinquis,
1968 3495 2025 3561 si
2058 3517 2219 3584 opus

160 3603 294 3669 est,
346 3592 449 3657 vel
493 3592 666 3677 quod
717 3590 991 3657 delectat
1031 3591 1135 3657 vel
1190 3590 1362 3675 quod
1415 3591 1616 3657 decet.
1702 3591 1831 3657 iam
1873 3614 2021 3657 cum
2071 3613 2223 3658 con-

162 3688 483 3753 fluxerunt
507 3686 721 3773 plures
750 3684 1082 3753 continuae
1109 3684 1497 3764 tralationes,
1526 3685 1653 3751 alia
1674 3685 1863 3772 plane
1888 3686 1963 3751 fit
1988 3686 2219 3753 oratio:

163 3782 379 3865 itaque
423 3801 629 3868 genus
674 3779 798 3846 hoc
843 3777 1077 3846 Graeci
1128 3778 1450 3867 appellant
1494 3775 1910 3867 ἆλληγορίαν,
1964 3780 2220 3847 nomine

162 3885 366 3955 recte,
409 3897 644 3962 genere
685 3872 912 3940 melius
957 3873 1093 3953 ille,
1139 3872 1248 3959 qui
1289 3874 1417 3939 ista
1450 3874 1663 3941 omnia
1704 3874 2070 3941 tralationes
2107 3896 2221 3940 vo-

131 3981 286 4050 cat.
374 3968 533 4035 haec
574 3969 933 4055 frequentat
963 3968 1314 4035 Phalereus
1351 3968 1627 4035 maxime
1671 3979 1942 4053 suntque
1988 3966 2223 4035 dulcis-

164 4063 354 4144 sima,
403 4074 467 4129 et
500 4084 886 4150 quamquam
918 4063 1165 4131 tralatio
1205 4074 1305 4131 cst
1339 4064 1512 4152 apud
1544 4086 1691 4131 eum
1723 4065 1953 4145 multa,
2006 4075 2219 4131 tamen
