2784 4575
895 255 1212 314 ORATOR
1245 256 1427 312 105-
1437 257 1561 313 113.
2125 247 2251 314 301

195 384 586 454 varietatem.
676 407 758 449 an
800 404 922 469 ego
966 382 1281 459 Homero,
1332 380 1577 458 Ennio,
1629 380 1887 465 reliquis
1940 381 2145 468 poetis
2190 395 2253 449 et
2288 383 2353 436 31

196 479 471 546 maxime
507 475 764 566 tragicis
801 475 1243 553 concederem,
1285 483 1360 538 ut
1389 495 1474 539 ne
1510 475 1801 540 omnibus
1837 474 1995 541 locis
2030 477 2254 542 eadem

198 573 600 642 contentione
631 580 960 638 uterentur
993 570 1340 653 crebroque
1373 577 1709 646 mutarent,
1745 591 1877 634 non
1908 591 2255 655 numquam

193 669 389 737 etiam
443 667 528 732 ad
578 665 963 732 cotidianum
1023 685 1230 774 genus
1283 661 1595 728 sermonis
1658 664 2058 730 accederent:
2116 665 2255 752 ipse

197 785 545 848 numquam
581 763 662 828 ab
697 761 810 826 illa
853 759 1160 826 acerrima
1204 756 1607 823 contentione
1659 757 2089 824 discederem?
2143 761 2259 825 sed

199 857 353 941 quid
394 861 618 945 poetas
664 855 880 922 divino
921 852 1178 940 ingenio
1219 851 1515 939 profero?
1563 851 1903 918 histriones
1951 875 2061 920 eos
2098 854 2257 920 vidi-

195 974 362 1030 mus,
399 952 629 1037 quibus
665 949 824 1014 nihil
855 958 1078 1037 posset
1108 947 1176 1012 in
1211 969 1330 1012 0110
1363 968 1599 1033 genere
1635 969 1777 1012 esse
1812 949 2255 1034 praestantius,

198 1045 312 1131 qui
352 1068 484 1110 non
529 1044 736 1110 solum
778 1043 848 1108 in
891 1040 1328 1108 dissimillimis
1379 1041 1672 1128 personis
1720 1042 1875 1106 satis
1918 1041 2255 1120 faciebant,

200 1162 349 1206 cum
383 1149 707 1222 tamquam
750 1138 820 1202 in
855 1137 990 1202 suis
1035 1146 1469 1214 versarentur,
1524 1137 1641 1201 sed
1674 1147 1739 1202 et
1783 1137 2157 1203 comoedum
2190 1137 2257 1201 111

197 1233 543 1320 tragoediis
589 1241 653 1298 et
695 1231 1070 1318 tragoedum
1111 1230 1181 1295 in
1224 1224 1567 1304 comoediis
1622 1230 1965 1296 admodum
2005 1233 2256 1319 placere

197 1327 503 1392 vidimus:
558 1349 681 1413 ego
723 1349 854 1392 non
907 1324 1265 1390 elaborem?
1315 1346 1461 1388 cum
1506 1324 1646 1390 dico
1696 1347 1829 1404 me,
1883 1336 1975 1404 te,
2028 1327 2249 1406 Brute,

200 1423 372 1500 dico;
409 1445 558 1487 nam
593 1422 661 1487 in
695 1444 799 1488 me
835 1420 1091 1505 quidem
1124 1420 1253 1485 iam
1286 1419 1534 1505 pridem
1570 1420 1866 1486 effectum
1902 1433 2027 1500 est,
2083 1425 2255 1507 quod

2290 455 2369 497 109

2292 1362 2373 1403 110

198 1517 484 1581 futurum
552 1516 692 1582 fuit.
799 1526 868 1580 tu
938 1526 1149 1580 autem
1209 1515 1449 1602 eodemx
1501 1514 1691 1580 modo
1753 1516 1957 1580 omnis
2028 1539 2255 1583 causas
2334 1560 2353 1573 -

201 1612 396 1697 ages?
457 1622 568 1676 aut
620 1609 878 1695 aliquod
930 1632 1266 1675 causarum
1317 1631 1521 1696 genus
1571 1609 1977 1696 repudiabis?
2030 1623 2141 1675 aut
2188 1611 2257 1674 in

198 1705 442 1770 eisdem
485 1705 696 1771 causis
747 1715 1125 1794 perpetuum
1168 1715 1234 1769 et
1277 1703 1549 1769 eundem
1602 1704 1893 1790 spiritum
1947 1704 2083 1770 sine
2126 1706 2259 1770 ulla

197 1800 689 1866 commutatione
743 1800 1097 1866 obtinebis?
1200 1799 1674 1865 Demosthenes
1739 1799 2021 1882 quidem,
2077 1800 2254 1865 cuius

197 1917 403 1980 nuper
436 1895 600 1960 inter
632 1894 944 1982 imagines
991 1904 1134 1960 tuas
1172 1915 1246 1958 ac
1282 1906 1563 1972 tuorum,
1611 1895 1781 1977 quod
1827 1917 2001 1972 eum,
2045 1892 2257 1973 crede,

198 2010 476 2067 amares,
533 2010 678 2054 cum
712 1988 796 2053 ad
839 1999 901 2054 te
935 1989 1004 2054 in
1037 1987 1476 2054 Tusculanum
1520 1986 1868 2065 venissem,
1912 1989 2258 2075 imaginem

199 2103 282 2147 ex
317 2105 462 2148 aere
498 2082 659 2160 vidi,
703 2082 860 2147 nihil
894 2083 1138 2168 Lysiae
1175 2082 1519 2147 subtilitate
1555 2081 1750 2160 cedit,
1796 2081 1953 2147 nihil
1990 2083 2253 2169 argutiis

196 2185 263 2240 et
298 2178 587 2242 acumine
620 2177 957 2264 Hyperidi,
993 2177 1152 2242 nihil
1185 2177 1442 2243 levitate
1476 2177 1787 2242 Aeschini
1822 2187 1886 2242 et
1924 2178 2256 2264 splendore

196 2270 566 2335 verborum:
611 2272 848 2337 multae
895 2283 1044 2337 sunt
1088 2253 1234 2338 01110
1270 2282 1441 2339 totae
1485 2272 1802 2339 orationes
1848 2273 2140 2351 subtiles,
2184 2286 2258 2339 ut

2292 2302 2366 2342 111

197 2372 420 2427 contra
451 2364 827 2449 Leptinem;
863 2366 1098 2432 multae
1135 2374 1306 2430 totae
1341 2388 1601 2451 graveS,
1649 2378 1721 2431 ut
1754 2368 2069 2449 quaedam
2101 2368 2259 2433 Phi·
2346 2434 2367 2453 ‚

197 2455 498 2543 lippicae3
535 2456 772 2522 multae
807 2458 1039 2537 variae,
1076 2469 1148 2523 ut
1183 2470 1403 2523 eontra
1428 2458 1819 2524 Aeschinem
1844 2460 2045 2524 falsae
2082 2460 2259 2545 lega-

169 2626 176 2631 ³
199 2551 410 2630 tionis,
446 2560 521 2617 ut
547 2561 766 2616 contra
793 2552 1064 2617 eundem
1087 2574 1205 2637 pro
1231 2574 1294 2615 se
1319 2554 1387 2615 in
1416 2572 1609 2615 causa
1628 2550 2085 2637 Ctesiphontis.
2129 2553 2257 2617 iam

199 2644 362 2709 illud
397 2644 677 2709 medium
702 2644 993 2729 quotiens
1031 2645 1164 2710 volt
1201 2644 1433 2731 adripit
1468 2654 1532 2707 et
1569 2668 1607 2708 a
1642 2646 2021 2731 gravissimo
2053 2645 2257 2711 disce-

200 2739 360 2804 dens
397 2760 472 2804 00
505 2739 910 2825 potissimum
945 2738 1285 2804 delabitur:
1343 2738 1650 2802 clamores
1704 2749 1917 2803 tamen
1953 2749 2087 2803 tum
2123 2762 2258 2805 mo-

198 2841 310 2895 vet
346 2841 412 2896 et
452 2840 589 2896 tum
630 2831 697 2896 in
751 2831 1020 2897 dicendo
1064 2832 1407 2920 plurimum
1451 2830 1674 2909 efficit,
1730 2852 1876 2895 cum
1927 2833 2255 2919 gravitatis

197 2924 358 2991 loeis
409 2925 623 2991 utitur.
713 2926 829 2992 sed
881 2927 962 2992 ab
1014 2927 1138 2993 hoc
1187 2948 1527 3013 parumper
1580 2928 1910 3005 abeamus,
1975 2930 2259 3012 quando-

201 3019 458 3103 quidem
493 3020 573 3085 de
608 3043 868 3108 genere,
905 3044 1035 3087 non
1071 3022 1150 3087 de
1185 3021 1439 3086 homine
1475 3019 1863 3105 quaerimusz
1898 3021 1991 3087 rei
2024 3022 2254 3107 potius,

197 3114 270 3179 id
304 3124 432 3193 est,
478 3111 876 3200 eloquentiae
911 3116 1042 3181 vim
1079 3127 1142 3182 et
1174 3127 1467 3181 naturam
1502 3114 1921 3201 explicemus:
1972 3115 2131 3181 illud
2162 3127 2259 3181 ta-

196 3230 378 3285 men,
432 3209 604 3293 quod
653 3210 784 3275 iam
827 3220 974 3276 ante
1028 3210 1331 3288 diximus,
1385 3209 1886 3288 meminerimus,
1939 3210 2096 3273 nihil
2137 3234 2257 3277 nos

198 3302 633 3387 praecipiendi
668 3326 862 3369 causa
896 3327 1039 3371 esse
1076 3306 1352 3370 dicturos
1390 3314 1581 3387 atque
1615 3304 1705 3369 ita
1737 3304 1949 3391 potius
1988 3314 2256 3383 acturos,

198 3403 276 3457 ut
318 3394 784 3462 existimatores
827 3398 1157 3465 videamur
1207 3398 1411 3482 loqui,
1463 3421 1593 3464 non
1643 3398 1959 3485 magistri,
2012 3398 2079 3462 in
2131 3419 2258 3482 quo

201 3498 418 3552 tamen
451 3487 704 3575 longius
755 3492 1224 3578 progredimur,
1278 3491 1451 3577 quod
1498 3492 1787 3557 videmus
1840 3514 1971 3557 non
2004 3502 2067 3556 te
2101 3491 2260 3556 haec

203 3579 411 3647 solum
447 3604 590 3649 esse
624 3583 963 3663 lecturum,
1020 3585 1128 3671 qui
1163 3608 1240 3650 ea
1273 3586 1472 3651 multo
1510 3608 1699 3669 quam
1733 3608 1880 3664 nos,
1935 3585 2043 3669 qui
2078 3584 2260 3671 quasi

202 3676 433 3742 docere
483 3676 840 3758 videamur,
892 3678 1130 3745 habeas
1184 3680 1459 3757 notiora,
1516 3679 1631 3744 sed
1672 3679 1841 3744 hunc
1890 3679 2123 3745 librum
2166 3690 2261 3744 et-

200 3770 390 3836 iamsi
429 3770 641 3839 minus
694 3782 916 3838 nostra
965 3774 1539 3851 commendatione,
1596 3784 1705 3838 tuo
1750 3783 1963 3839 tamen
2003 3772 2259 3839 nomine

202 3861 516 3951 divolgari
549 3888 813 3933 necesse
848 3877 966 3932 est.

321 3956 492 4023 Esse
525 3959 721 4046 igitur
761 3960 1042 4047 perfecte
1098 3960 1451 4045 eloquentis
1500 3971 1657 4047 puto
1701 3983 1829 4027 non
1864 3983 2006 4027 eam
2050 3959 2255 4025 solum
2290 3954 2363 4008 32

199 4051 572 4119 facultatem
623 4053 860 4120 haber-e
869 4102 890 4133 ,
945 4075 1108 4139 quae
1161 4055 1245 4122 sit
1295 4056 1431 4121 eius
1484 4055 1765 4143 propria,
1820 4055 1962 4121 fuse
2005 4054 2256 4139 lateque

2294 2959 2374 2997 112

2292 4029 2373 4069 113
