2784 4575
489 290 613 357 128
1096 297 1175 353 Μ.
1212 296 1486 354 TULLII
1523 294 1928 353 CICERONIS

484 424 785 493 orationis
821 420 1415 507 circumspicienda,
1467 442 1552 483 ne
1586 418 1742 502 quid
1783 419 2104 498 offendas,
2155 440 2239 485 ne
2281 441 2411 504 quo
2443 418 2550 485 in-

482 542 663 585 ruas:
702 540 895 605 saepe
922 516 1149 601 aliquis
1185 515 1367 581 testis
1405 524 1516 581 aut
1549 536 1680 579 non
1713 513 1911 579 laedit
1941 523 2054 579 aut
2079 512 2288 579 minus
2323 514 2546 591 laedit,

481 613 608 679 nisi
638 612 1017 689 lacessatur-3
1052 619 1193 676 orat
1222 631 1393 687 reus,
1431 618 1660 694 urgent
1695 607 2006 687 advocati,
2040 618 2116 675 ut
2143 608 2546 687 invehamur,

480 717 554 773 ut
584 707 751 773 male
786 706 1103 784 dicamus,
1140 704 1412 788 denique
1444 716 1520 770 ut
1550 704 2043 791 interrogemus:
2093 726 2224 770 non
2257 728 2546 783 moveor,

482 824 611 867 non
645 802 1042 887 obtempero,
1095 820 1227 864 non
1270 797 1626 876 satisfaci03
1675 818 1883 883 neque
1940 810 2154 863 tamen
2197 798 2396 863 ullam
2427 800 2552 863 ad-

484 916 714 979 sequor
738 894 1023 972 laudem3
1058 892 1349 959 homines
1376 892 1550 958 enim
1572 890 1848 979 imperiti
1871 892 2122 959 facilius
2149 892 2324 977 quod
2347 894 2546 959 stulte

483 987 719 1055 dixeris
770 987 1235 1076 reprehendere
1288 1008 1483 1070 quam
1515 987 1690 1071 quod
1725 986 2044 1073 sapienter
2096 986 2372 1053 tacueris
2403 987 2549 1053 lau-

366 1117 449 1158 302
484 1084 637 1149 dare
685 1093 978 1170 possunt.
1065 1080 1171 1146 hic
1204 1092 1514 1165 quantum
1543 1081 1620 1147 fit
1661 1080 1841 1158 mali,
1898 1081 1956 1147 si
2002 1082 2264 1159 iratum,
2319 1079 2380 1147 si
2409 1104 2548 1152 non

482 1177 774 1255 stultum,
828 1176 887 1242 si
927 1198 1057 1241 non
1108 1174 1317 1240 levem
1366 1184 1600 1241 testem
1647 1174 1939 1241 laeseris!
2007 1174 2202 1241 habet
2254 1174 2426 1241 enim
2481 1188 2548 1241 et

481 1273 871 1339 voluntatem
894 1271 1165 1337 nocendi
1196 1271 1267 1336 in
1296 1269 1625 1335 iracundia
1649 1280 1716 1335 et
1750 1269 1881 1335 vim
1905 1268 1972 1334 in
1997 1268 2254 1356 ingenio
2282 1283 2350 1335 et
2380 1292 2545 1357 pon-

482 1368 602 1432 dus
635 1365 706 1431 in
739 1366 871 1431 vita
878 1390 897 1444 ;
930 1386 1073 1444 nec,
1110 1365 1167 1430 si
1200 1365 1323 1431 hoc
1359 1362 1642 1431 Crassus
1673 1388 1804 1431 non
1839 1364 2194 1443 committit,
2229 1365 2378 1431 ideo
2409 1387 2546 1431 non

478 1460 663 1525 multi
714 1470 783 1526 et
833 1480 1025 1545 saepe
1078 1459 1477 1525 committunt
1483 1483 1504 1537 ς
1568 1480 1694 1543 quo
1755 1458 2015 1543 quidem
2073 1457 2230 1525 mihi
2291 1458 2542 1545 turpius

481 1554 683 1621 videri
732 1552 891 1619 nihil
942 1553 1131 1630 solet,
1186 1550 1438 1639 [quam]
1478 1573 1624 1617 cum
1667 1576 1750 1618 ex
1789 1553 2058 1619 oratoris
2112 1552 2284 1619 dicto
2326 1553 2542 1636 aliquo

481 1660 593 1716 aut
639 1670 950 1735 responso
1004 1658 1117 1713 aut
1162 1656 1389 1734 rogato
1444 1668 1652 1713 sermo
1705 1647 1814 1714 ille
1865 1647 2179 1731 sequitur:
2235 1646 2540 1715 ‘occidit’

482 1751 503 1783 ‘
513 1742 1096 1811 adversariumne?'
1150 1742 1374 1808 ‘immo
1411 1741 1590 1807 vero'
1645 1742 1824 1807 aiunt
1875 1747 1976 1809 ‘se
2010 1755 2076 1809 et
2115 1764 2294 1821 eum,
2347 1763 2542 1826 quem

370 1837 446 1893 75
480 1838 805 1907 defendit?
893 1837 1019 1904 hoc
1052 1834 1333 1903 Crassus
1378 1858 1510 1901 non
1541 1846 1726 1922 putat
1756 1836 1884 1903 nisi
1932 1836 2201 1923 perfidia
2249 1835 2539 1902 accidere

394 1910 699 2021 ⁰⁸posse3
762 1954 884 2019 ego
948 1938 1163 1995 autem
1212 1929 1586 2039 saepissime
1649 1929 1837 1996 video
1895 1930 1964 1995 in
2025 1930 2234 1996 causis
2293 1928 2541 2011 aliquid

477 2027 631 2092 mali
664 2027 878 2091 facere
921 2023 1213 2089 homines
1262 2024 1524 2089 minime
1575 2024 1799 2091 malos.
1889 2024 2070 2108 quid,
2123 2024 2302 2101 illud,
2355 2023 2542 2107 quod

478 2143 673 2207 supra
706 2118 858 2197 dixi,
895 2118 1099 2184 solere
1134 2139 1237 2184 me
1272 2119 1498 2185 cedere
1534 2130 1618 2197 et,
1653 2130 1728 2185 ut
1757 2118 2010 2206 planius
2047 2120 2273 2197 dicam,
2309 2117 2539 2205 fugere

478 2238 583 2293 ea,
638 2234 803 2299 quae
855 2212 1041 2279 valde
1096 2232 1355 2279 causam
1407 2235 1619 2279 meam
1667 2226 2052 2301 premerent,
2107 2236 2253 2279 cum
2293 2212 2366 2279 id
2403 2235 2539 2278 non

476 2307 718 2375 faciunt
750 2307 859 2374 alii
900 2318 1355 2392 versanturque
1390 2308 1459 2374 in
1491 2307 1772 2374 hostium
1823 2309 2048 2374 castris
2091 2330 2168 2376 ac
2201 2330 2324 2375 sua
2352 2331 2538 2396 prae-

474 2401 643 2468 sidia
692 2402 1041 2480 dimittunt,
1100 2401 1582 2468 mediocriterne
1643 2403 1852 2468 causis
1905 2412 2164 2479 nocent,
2226 2423 2376 2468 cum
2425 2415 2536 2468 aut

476 2496 980 2564 adversariorum
1015 2495 1379 2562 adiumenta
1413 2495 1790 2562 confirmant
1821 2507 1933 2562 aut
1965 2519 2070 2574 ea,
2107 2517 2272 2580 quae
2307 2518 2534 2562 sanare

361 2619 443 2660 θοι
474 2601 824 2677 nequeunt,
878 2590 1281 2656 exulcerant?
1331 2589 1514 2674 quid,
1561 2611 1704 2656 cum
1738 2613 2182 2678 personarum,
2227 2613 2389 2675 quas
2425 2590 2536 2655 de-

474 2687 771 2764 fendunt,
822 2685 1135 2752 rationem
1175 2707 1307 2750 non
1350 2683 1617 2764 habent,
1673 2685 1756 2764 si,
1809 2707 1973 2770 quae
2017 2696 2165 2752 sunt
2197 2685 2266 2750 in
2309 2686 2402 2752 eis
2437 2685 2535 2750 in-

472 2778 749 2857 vidiosa,
803 2801 934 2844 non
966 2779 1261 2864 mitigant
1294 2779 1728 2857 extenuando,
1775 2780 1890 2845 sed
1923 2779 2245 2845 laudando
2279 2791 2348 2846 et
2377 2779 2534 2847 effe-

473 2874 671 2939 rendo
723 2873 1135 2940 invidiosiora
1184 2871 1455 2952 faciunt,
1519 2884 1825 2957 quantum
1877 2883 1980 2940 est
2026 2874 2094 2940 in
2145 2897 2223 2940 eo
2275 2873 2534 2940 tandem

474 2967 663 3032 mali?
715 2966 895 3050 quid,
950 2965 1007 3031 si
1049 2966 1119 3031 in
1152 2966 1441 3034 homines
1497 2989 1678 3034 caros
1730 2967 2170 3052 iudicibusque
2219 2969 2531 3034 iucundos

358 3099 365 3114 ·
475 3062 611 3128 sine
642 3061 775 3126 ulla
806 3059 1309 3147 praemunitione
1343 3061 1644 3129 orationis
1698 3063 1986 3130 acerbius
2021 3073 2090 3128 et
2121 3062 2533 3128 contumelio-

356 3179 439 3222 sos
476 3155 607 3220 sius
632 3155 955 3232 invehare,
990 3176 1203 3222 nonne
1230 3179 1271 3220 a
1297 3165 1361 3222 te
1386 3155 1632 3223 iudices
1661 3157 2018 3222 abalienes?
2055 3157 2228 3241 quid,
2253 3156 2326 3234 si,
2359 3177 2532 3238 quac

471 3246 625 3312 vitia
658 3259 769 3316 aut
799 3249 1201 3315 incommoda
1236 3260 1387 3316 sunt
1420 3250 1492 3315 in
1529 3249 1742 3334 aliquo
1783 3249 1992 3317 iudice
2025 3273 2157 3318 uno
2193 3259 2298 3316 aut
2326 3247 2533 3335 pluri-

470 3341 624 3421 bus,
677 3365 756 3408 ea
788 3353 859 3408 tu
900 3342 1282 3410 adversariis
1335 3343 1778 3430 exprobrando
1819 3365 1952 3410 non
1991 3343 2325 3432 intellegas
2359 3353 2426 3410 te
2460 3342 2532 3410 in

468 3435 709 3502 iudices
742 3435 986 3515 invehi,
1030 3437 1425 3504 mediocrene
1455 3449 1790 3525 peccatum
1823 3439 1958 3504 est?
2011 3438 2192 3530 quid,
2248 3437 2336 3516 si,
2384 3459 2532 3504 cum

467 3551 587 3616 pro
638 3529 835 3596 altero
888 3529 1095 3609 dicas,
1144 3531 1321 3596 litem
1373 3541 1550 3598 tuam
1600 3533 1800 3600 facias
1843 3544 1957 3599 aut
2003 3519 2218 3601 laesus
2263 3532 2532 3601 efferare

466 3623 821 3704 iracundia,
876 3646 1137 3692 causam
1185 3625 1538 3712 relinquas,
1590 3626 1828 3694 nihilne
1873 3627 2144 3696 noceas?
2175 3663 2267 3676 --
2299 3626 2367 3691 in
2402 3648 2530 3711 quo

466 3740 619 3804 ego,
673 3741 803 3785 non
854 3741 983 3804 quo
1032 3719 1301 3786 libenter
1350 3721 1518 3788 male
1573 3721 1858 3800 audiam,
1905 3723 2026 3788 sed
2067 3721 2220 3806 quia
2269 3743 2534 3788 causam

466 3833 599 3878 non
646 3811 917 3880 libenter
965 3812 1285 3899 relinquo,
1337 3814 1603 3881 nimium
1652 3815 1904 3902 patiens
1946 3825 2013 3883 et
2053 3815 2264 3882 lentus
2311 3812 2532 3882 existi-

466 3926 635 3984 mor3
686 3917 785 3985 ut,
836 3927 983 3974 cum
1018 3917 1081 3974 te
1113 3906 1354 3994 ip‘sum,
1392 3907 1668 3996 Sulpici,
1721 3909 2164 3996 obiurgabam,
2217 3908 2391 3992 quod
2425 3930 2530 3976 me

468 4008 785 4064 oratorem
832 4013 1115 4086 peteres,
1166 4025 1298 4068 non
1332 4002 1767 4070 adversarium
1774 4028 1796 4083 ς
1847 4026 1932 4070 ex
1966 4026 2092 4089 quo
2122 4002 2320 4070 etiam
2367 4002 2530 4068 illud

360 4121 387 4148 .·-
470 4089 814 4174 adsequor,
847 4105 939 4173 ut,
978 4097 1033 4161 si
1068 4096 1209 4180 quis
1246 4097 1403 4164 mihi
1435 4098 1602 4166 male
1639 4099 1826 4178 dicat,
1862 4100 2158 4186 petulans
2190 4110 2304 4166 aut
2335 4099 2526 4186 plane
