2784 4575
808 268 911 324 DE
950 266 1313 324 ORATORE
1348 268 1424 323 11.
1462 268 1769 322 131—138.
2233 257 2320 323 89

261 393 555 465 yidentur
614 390 839 478 [hebes
892 402 1083 477 atque
1132 389 1542 478 impolitum]:
1605 390 1994 457 constituunt
2037 392 2206 475 enim
2249 392 2318 459 in

262 486 606 574 partiendis
643 485 999 552 orationum
1033 486 1239 552 modis
1276 486 1402 551 duo
1439 507 1678 571 genera
1712 505 2075 550 causarum:
2118 509 2317 553 unum

263 581 610 669 appellant,
646 581 713 645 in
750 602 875 664 quo
913 581 1050 646 sine
1084 580 1373 667 personis
1412 592 1601 665 atque
1637 579 2026 667 temporibus
2064 581 2143 645 de
2176 581 2318 646 uni-

262 698 449 742 verso
482 696 715 761 genere
754 686 1119 759 quaeratur3
1158 674 1453 752 alterum,
1501 674 1672 758 quod
1704 674 1994 761 personis
2031 676 2218 741 certis
2255 688 2319 741 et

260 770 649 857 temporibus
688 768 1023 834 definiatur
1029 794 1049 848 ς
1084 768 1292 856 ignari
1326 768 1532 835 omnis
1565 768 2025 834 controversias
2063 769 2147 834 ad
2177 770 2319 834 uni-

263 863 431 929 versi
481 862 734 949 generis
785 862 917 929 vim
969 873 1035 927 et
1084 874 1378 929 naturam
1426 862 1650 928 referri
1657 888 1676 941 3
1728 885 1878 927 nam
1927 862 1996 927 in
2049 886 2127 928 ea
2175 864 2318 951 ipsa
2353 891 2430 932 13⁴

264 978 485 1037 causa,
538 958 619 1023 de
657 978 783 1041 qua
817 968 963 1023 ante
999 958 1160 1036 dixi,
1215 958 1375 1023 nihil
1415 958 1689 1045 pertinet
1725 958 1808 1023 ad
1842 958 2106 1025 oratoris
2141 958 2315 1025 locos

264 1051 508 1139 Opimii
540 1074 844 1139 persona,
896 1052 1054 1117 nihil
1086 1052 1306 1131 Decii3
1359 1052 1440 1118 de
1475 1052 1617 1140 ipso
1664 1053 1832 1118 enim
1874 1053 2171 1119 universo
2205 1076 2319 1141 ge-

260 1168 411 1211 nere
444 1146 690 1211 infinita
734 1146 1021 1229 quaestio
1068 1156 1194 1225 est,
1246 1170 1402 1212 num
1443 1168 1653 1234 poena
1695 1147 1983 1213 videatur
2027 1168 2170 1213 esse
2207 1148 2320 1212 ad·-

262 1240 599 1320 ficiendus,
649 1241 757 1325 qui
790 1240 997 1307 civem
1032 1264 1113 1307 ex
1150 1252 1408 1308 senatus
1454 1242 1743 1308 consulto
1785 1242 2026 1328 patriae
2063 1265 2316 1309 conser-

262 1334 506 1399 vandae
542 1356 739 1400 causa
778 1333 1192 1415 interemerit,
1247 1357 1393 1401 cum
1435 1336 1505 1401 id
1536 1358 1653 1422 per
1685 1336 1862 1423 leges
1906 1359 2037 1402 non
2069 1337 2287 1403 liceret
2295 1364 2314 1416 3

262 1428 435 1493 nulla
487 1428 758 1513 denique
812 1440 911 1495 est
961 1451 1184 1510 causa,
1236 1431 1306 1495 in
1358 1452 1484 1515 qua
1534 1430 1630 1508 id,
1684 1430 1856 1514 quod
1897 1430 1966 1495 in
2015 1431 2316 1496 iudicium

260 1521 461 1601 venit,
522 1544 776 1589 reorum
823 1524 1115 1611 personis
1168 1546 1242 1589 ac
1292 1548 1424 1591 non
1476 1546 1783 1611 generum
1841 1524 2126 1610 ipsorum
2176 1526 2316 1591 uni-

260 1637 447 1680 versa
480 1616 869 1683 dubitatione
904 1628 1259 1702 quaeratur.
1349 1618 1503 1704 quin
1539 1619 1730 1684 etiam
1761 1618 1830 1683 in
1865 1619 1956 1684 eis
1991 1618 2169 1705 ipsis,
2205 1619 2318 1685 ubi
2350 1639 2432 1680 1⁸⁵

260 1710 340 1774 de
385 1709 555 1776 facto
600 1710 967 1798 ambigitur,
1022 1713 1337 1800 ceperitne
1386 1713 1691 1799 pecunias
1745 1723 1964 1779 contra
2013 1712 2189 1800 leges
2235 1713 2312 1779 P.

257 1803 530 1883 Decius,
585 1815 959 1891 argumenta
1000 1818 1065 1872 et
1108 1806 1441 1871 eriminum
1476 1816 1540 1872 et
1584 1806 1970 1879 defensionis
2013 1828 2316 1873 revocen-

258 1910 361 1965 tur
413 1910 663 1987 oportet
706 1901 789 1966 ad
840 1924 1044 1988 genus
1098 1911 1163 1967 et
1207 1902 1289 1967 ad
1340 1912 1634 1967 naturam
1687 1902 2080 1967 universam:
2145 1901 2316 1984 quod

259 2003 668 2080 sumptuosus
681 2044 700 2074 ,
741 1992 849 2081 [de
883 1994 1165 2083 luxurie]
1203 1996 1375 2080 quod
1413 1995 1600 2061 alieni
1636 2004 1940 2082 appetens
1953 2043 1972 2073 ,
2021 1992 2129 2081 [de
2167 2016 2317 2059 ava-

255 2084 427 2175 ritia]
474 2090 647 2173 quod
690 2089 1059 2169 seditiosus,
1117 2086 1226 2177 [de
1278 2088 1656 2176 turbulentis
1703 2100 1768 2154 et
1809 2087 1994 2153 malis
2038 2086 2311 2174 civibus]

258 2184 429 2267 quod
464 2206 503 2249 a
536 2182 751 2249 multis
807 2184 1119 2271 arguitur,
1177 2180 1286 2270 [de
1330 2206 1564 2271 genere
1611 2180 1894 2270 testium]
1951 2192 2312 2266 contraque,

257 2298 419 2360 quae
450 2300 567 2363 pro
600 2301 711 2344 reo
747 2278 1054 2358 dicentur,
1091 2278 1305 2346 omnia
1336 2278 1696 2345 necessario
1734 2301 1774 2344 a
1807 2286 2089 2364 tempore
2126 2286 2314 2361 atque
2387 2272 2393 2279 ’

257 2367 512 2435 homine
558 2371 642 2434 ad
685 2373 1036 2438 communis
1086 2394 1301 2438 rerum
1335 2383 1401 2438 et
1434 2395 1738 2458 generum
1785 2393 2064 2436 summas
2106 2370 2316 2436 revol-

258 2471 511 2542 ventur,
550 2473 739 2548 atque
766 2464 927 2532 haec
958 2465 1227 2531 forsitan
1260 2465 1502 2531 homini
1534 2488 1665 2530 non
1700 2464 1930 2540 omnia,
1967 2485 2130 2547 quae
2167 2471 2314 2526 sunt
2349 2487 2432 2527 136

256 2557 324 2622 in
374 2565 603 2622 natura
651 2578 890 2637 rerum,
954 2557 1239 2624 celeriter
1292 2558 1501 2622 animo
1565 2555 2120 2642 comprehendenti
2170 2576 2314 2640 per-

257 2650 459 2714 multa
491 2649 852 2730 videantur,
910 2673 1072 2736 quae
1106 2651 1365 2716 veniant
1399 2651 1467 2715 in
1501 2649 1803 2713 iudicium
1835 2660 1999 2727 tum,
2055 2671 2201 2713 cum
2233 2648 2314 2713 de

256 2742 427 2808 facto
481 2751 845 2826 quaeratur3
901 2745 1017 2809 sed
1067 2753 1279 2809 tamen
1332 2743 1663 2808 criminum
1713 2698 2049 2807 multitudo
2101 2749 2199 2805 est
2251 2750 2316 2805 et

258 2835 727 2916 defensionum,
772 2859 902 2904 non
935 2837 1217 2904 locorum
1260 2836 1524 2902 infinita.
1613 2857 1776 2920 quae
1819 2856 2000 2914 vero,
2055 2855 2200 2900 cum
2233 2833 2312 2901 de
2347 2830 2428 2942 3ξτ

256 2930 429 2996 facto
471 2953 601 2996 non
647 2931 1017 3018 ambigitur,
1072 2941 1488 3016 quaeruntur,
1543 2929 1754 3015 qualia
1805 2928 1960 3008 sint,
2015 2949 2092 2993 ea
2135 2928 2190 2994 si
2232 2951 2315 2995 ex

253 3023 382 3089 reis
434 3047 759 3104 numeres,
814 3038 879 3091 et
926 3025 1413 3090 innumerabilia
1465 3033 1613 3090 sunt
1664 3034 1730 3088 et
1780 3023 2077 3100 obscura3
2134 3021 2189 3087 si
2232 3044 2314 3087 ex

253 3117 474 3196 rebus,
539 3118 727 3185 valde
779 3129 845 3184 et
904 3119 1155 3186 modica
1207 3128 1271 3184 et
1330 3118 1648 3197 inlustria3
1709 3140 1860 3182 nam
1921 3116 1975 3181 si
2025 3115 2314 3180 Mancini

256 3231 516 3276 causam
564 3212 633 3278 in
686 3235 815 3279 uno
866 3211 1171 3279 Mancino
1228 3213 1557 3301 ponimus,
1621 3211 2181 3296 quotienscumque
2232 3209 2310 3289 is,

256 3325 447 3390 quem
477 3316 661 3391 pater
691 3317 977 3393 patratus
1014 3307 1353 3386 dediderit,
1405 3315 1697 3392 receptus
1733 3327 1863 3371 non
1898 3305 2043 3383 erit,
2080 3305 2309 3370 totiens

257 3419 454 3464 causa
484 3422 653 3466 nova
685 3412 1006 3482 nascetur3
1062 3403 1163 3468 sin
1204 3403 1315 3468 illa
1366 3399 1795 3468 controversia
1844 3421 2102 3465 causam
2137 3399 2309 3477 facit,

256 3489 625 3558 videaturne
661 3493 749 3573 ei,
805 3517 993 3578 quem
1035 3505 1217 3582 pater
1259 3491 1545 3582 patratus
1600 3494 1936 3573 dediderit,
1993 3493 2047 3558 si
2075 3493 2145 3557 ‘is
2181 3513 2311 3558 non

257 3584 341 3650 sit
384 3595 705 3674 receptus,
756 3589 1215 3674 postliminium
1258 3611 1430 3667 esse,
1482 3588 1640 3654 nihil
1693 3588 1775 3654 ad
1819 3599 2017 3654 artem
2061 3586 2307 3650 dicendi

254 3701 377 3745 nec
420 3680 504 3745 ad
548 3691 921 3767 argumenta
973 3682 1359 3759 defensionis
1393 3682 1683 3747 Mancini
1723 3704 1957 3747 nomen
2007 3679 2276 3767 pertinet
2283 3704 2306 3754 ,·

256 3776 359 3852 ac,
406 3774 461 3840 si
504 3774 655 3858 quid
690 3775 895 3841 adfert
936 3787 1263 3862 praeterea
1297 3776 1570 3842 hominis
1615 3785 1725 3841 aut
1759 3774 2032 3861 dignitas
2070 3783 2178 3839 aut
2211 3773 2307 3837 in-
2342 3794 2423 3835 iss

258 3867 564 3953 dignitas,
621 3879 801 3935 extra
844 3870 1281 3953 quaestionem
1325 3880 1425 3936 est
1458 3880 1523 3936 et
1557 3892 1634 3935 ea
1667 3879 1881 3934 tamen
1921 3868 2065 3955 ipsa
2106 3865 2306 3932 oratio

258 3961 343 4024 ad
375 3962 655 4029 universi
689 3963 941 4050 generis
996 3963 1487 4050 disputationem
1536 3962 1846 4029 referatur
1887 3982 2150 4027 necesse
2186 3969 2303 4025 est.

256 4055 418 4121 haec
462 4077 583 4142 ego
626 4077 755 4123 non
799 4079 875 4124 eo
920 4057 1183 4126 consilio
1235 4057 1517 4144 disputo,
1569 4066 1642 4122 ut
1686 4055 1971 4123 homines
2025 4053 2303 4120 eruditos
