2784 4575
507 249 638 318 284
1121 262 1198 318 M.
1233 231 1504 319 :runnu
1538 259 1944 319 mosnoms

405 405 474 460 ιο
507 388 576 452 in
625 385 802 453 nullo
854 384 1157 472 cognovit
1205 384 1561 452 Antonius:
1620 407 1926 471 magnum
1980 407 2143 470 opus
2196 385 2455 454 omnino
2514 400 2581 456 et

505 481 804 559 arduum,
839 480 1062 557 Brute,
1101 500 1405 545 conamur
1412 503 1433 558 3
1470 479 1587 544 sed
1620 479 1779 544 nihil
1814 479 2075 545 difficile
2112 482 2348 546 amanti
2380 493 2576 569 puto:

506 597 650 641 amo
703 585 917 640 autem
970 586 1035 639 et
1087 595 1340 660 semper
1392 572 1604 638 amavi
1654 573 2009 660 ingenium,
2066 573 2303 653 studia,
2354 599 2575 644 mores

503 682 678 750 tuos3
730 669 1036 734 incendor
1068 691 1257 756 porro
1293 667 1527 734 cotidie
1572 668 1781 756 magis
1815 692 1947 735 non
1990 668 2304 736 desiderio
2340 671 2572 751 solum,

502 787 631 850 quo
647 763 927 849 squidem
963 763 1282 842 conficior,
1321 784 1705 848 congressus
1732 774 2006 842 nostros,
2042 765 2571 832 consuetudinem

507 861 743 936 victus,
800 856 1202 924 doctissimos
1249 879 1576 924 sermones
1620 857 1951 942 requirens
1996 867 2171 938 tuos,
2226 859 2343 924 sed
2376 859 2573 926 etiam

505 951 860 1018 incredibili
894 952 1068 1017 fama
1112 945 1416 1015 virtutum
1450 951 1942 1032 admirabilium,
1991 973 2155 1036 quae
2190 952 2405 1039 specie
2438 955 2574 1020 dis-

407 1077 462 1116 34
503 1067 698 1135 pares
711 1046 1046 1134 prudentia
1063 1044 1549 1132 coniunguntur.
1587 1047 1740 1130 quid
1765 1047 1934 1112 enim
1960 1057 2092 1112 tam
2112 1048 2357 1114 distans
2374 1069 2571 1132 quam

505 1166 544 1207 a
579 1140 914 1206 severitate
951 1139 1250 1206 comitas?
1286 1139 1428 1223 quis
1458 1151 1672 1206 tamen
1706 1163 2010 1225 umquam
2045 1152 2109 1206 te
2144 1152 2255 1206 aut
2292 1143 2571 1210 sanctior

502 1246 602 1302 est
635 1235 888 1301 habitus
927 1245 1038 1300 aut
1071 1234 1351 1300 dulcior?
1393 1234 1548 1318 quid
1582 1245 1714 1299 tam
1750 1236 2006 1301 difficile
2041 1258 2233 1320 quam
2252 1217 2334 1302 in
2371 1236 2570 1324 pluri-

501 1351 750 1394 morum
785 1327 1230 1394 controversiis
1267 1327 1687 1394 diiudicandis
1716 1329 1799 1394 ab
1834 1330 2127 1396 omnibus
2165 1330 2382 1418 diligi?
2418 1353 2575 1398 con-

506 1423 790 1508 sequeris
828 1432 1059 1500 tamen,
1095 1433 1167 1487 ut
1202 1445 1313 1488 eos
1348 1421 1545 1508 ipsos,
1584 1444 1745 1507 quos
1774 1435 1994 1490 contra
2028 1433 2291 1503 statuas,
2328 1447 2571 1510 aequos
2606 1437 2611 1444 “

503 1507 914 1603 placatosque
943 1517 1252 1582 dimittas·
1233 1565 1252 1595 ,
1290 1516 1503 1600 itaque
1542 1517 1765 1596 efficis,
1800 1527 1893 1596 ut,
1931 1539 2077 1583 cum
2102 1519 2345 1604 gratiae
2372 1541 2575 1586 causa

503 1610 660 1674 nihil
693 1610 922 1689 facias,
979 1610 1192 1676 omnia
1234 1621 1448 1676 tamen
1486 1609 1614 1674 sint
1655 1622 1865 1698 grata,
1920 1633 2085 1695 quae
2142 1611 2324 1678 facis.
2412 1635 2573 1700 ergo

502 1727 586 1769 ex
635 1705 928 1770 omnibus
985 1705 1166 1769 terris
1219 1726 1350 1768 una
1404 1701 1617 1769 Gallia
1678 1704 1997 1770 communi
2047 1727 2180 1770 non
2240 1705 2421 1770 ardet
2468 1707 2573 1771 in-

502 1799 757 1876 cendi03
810 1799 878 1864 in
932 1821 1058 1882 qua
1118 1798 1346 1865 frueris
1398 1797 1538 1885 ipse
1599 1809 1692 1877 te,
1748 1811 1805 1864 et
1849 1811 2169 1884 tamquam
2228 1799 2295 1864 in
2336 1800 2565 1867 Italiae

499 1893 646 1959 luce
697 1893 1102 1980 cognosceris
1155 1892 1559 1976 versarisque
1610 1894 1679 1958 in
1730 1894 2116 1981 optimorum
2170 1895 2399 1960 civium
2458 1895 2567 1960 vel

500 1988 655 2053 flore
692 1987 794 2052 vel
827 1988 1075 2053 robore.
1165 1986 1293 2051 iam
1331 1999 1638 2070 quantum
1686 1989 1845 2053 illud
1878 1999 2005 2067 est,
2060 1990 2229 2074 quod
2259 1990 2324 2052 in
2354 1989 2563 2058 maxi-—

501 2081 622 2145 mis
658 2080 1176 2166 occupationibus
1203 2103 1549 2164 numquam
1581 2082 1941 2148 intermittis
1974 2083 2179 2149 studia
2212 2081 2560 2162 doctrinae,

503 2195 754 2258 semper
789 2184 900 2237 aut
930 2173 1069 2260 ipse
1107 2173 1330 2240 scribis
1377 2175 1615 2259 aliquid
1652 2188 1761 2241 aut
1792 2199 1897 2241 me
1937 2199 2129 2243 vocas
2164 2175 2247 2241 ad
2278 2174 2567 2241 scriben-

403 2296 458 2335 s5
501 2267 682 2331 dumi
735 2268 948 2351 itaque
984 2266 1106 2333 hoc
1142 2291 1286 2333 sum
1321 2269 1667 2355 adgressus
1705 2269 1919 2336 statim
1958 2269 2207 2338 Catone
2240 2269 2561 2349 absolut03

501 2383 691 2446 quem
719 2360 932 2448 ipsum
960 2384 1306 2447 numquam
1335 2364 1710 2451 attigissem,
1740 2376 2028 2452 tempora
2054 2367 2283 2431 timens
2310 2365 2566 2431 inimica

500 2456 745 2534 virtuti,
798 2456 923 2521 nisi
958 2456 1073 2521 tibi
1116 2457 1396 2523 hortanti
1430 2470 1496 2524 et
1527 2458 1695 2523 illius
1740 2459 2110 2546 memoriam
2153 2460 2310 2525 mihi
2352 2476 2566 2525 caram

501 2551 802 2617 excitanti
835 2574 964 2617 non
997 2575 1222 2639 parere
1267 2554 1451 2619 nefas
1490 2576 1633 2619 esse
1671 2554 2017 2621 duxissem.
2108 2555 2226 2620 sed
2262 2554 2565 2620 testificor

497 2668 600 2711 me
637 2669 676 2710 a
710 2656 774 2711 te
799 2657 1096 2732 rogatum
1121 2658 1186 2711 et
1212 2659 1615 2713 recusantem
1641 2647 1801 2715 haec
1830 2650 2105 2715 scribere
2130 2671 2277 2714 esse
2308 2670 2561 2727 ausum3

497 2740 643 2804 volo
679 2740 849 2804 enim
883 2740 1040 2804 mihi
1075 2739 1286 2806 tecum
1322 2763 1657 2807 commune
1694 2744 1961 2821 crimen,
1998 2753 2106 2820 ut,
2156 2742 2211 2807 si
2248 2742 2563 2820 sustinere

497 2843 739 2897 tantam
773 2834 1210 2917 quaestionem
1243 2859 1374 2901 non
1415 2848 1711 2924 potuero,
1765 2836 1983 2903 iniusti
2028 2836 2237 2903 oneris
2282 2835 2566 2924 impositi

497 2935 608 2992 tua
661 2926 848 3015 culpa
869 2924 1000 3006 sit,
1053 2952 1200 2995 mea
1238 2932 1507 3019 recepti3
1562 2933 1630 2996 in
1673 2953 1800 3016 quo
1845 2944 2059 2996 tamen
2100 2930 2318 2995 iudicii
2359 2930 2567 2995 nostri

393 3020 452 3073 11
497 3041 774 3087 errorem
807 3023 946 3088 laus
984 3023 1099 3089 tibi
1134 3024 1266 3089 dati
1292 3026 1572 3093 muneris
1608 3025 2061 3112 compensabit.
2136 3024 2252 3087 sed
2284 3024 2351 3087 in
2387 3024 2568 3088 omni

399 3094 454 3133 ³⁶
494 3138 565 3180 re
601 3114 1040 3181 difficillimum
1077 3129 1174 3183 est
1221 3120 1521 3196 formam,
1577 3119 1685 3203 qui
1733 3112 2060 3201 χαρακτὴρ
2100 3113 2345 3179 Graece
2400 3114 2566 3178 dici-

496 3219 628 3286 tur,
683 3232 999 3297 exponere
1034 3212 1284 3299 optimi,
1341 3213 1515 3295 quod
1549 3211 1722 3274 aliud
1767 3210 1922 3273 aliis
1942 3208 2190 3272 videtur
2225 3206 2561 3293 opfimum.

497 3301 735 3367 ‘Ennio
771 3304 1089 3383 delector,’
1127 3306 1216 3371 ait
1249 3304 1585 3391 quispiam,
1608 3304 1824 3388 .‘quod
1850 3325 1978 3369 non
2007 3301 2277 3367 discedit
2311 3326 2351 3367 a
2385 3323 2565 3371 com-

492 3396 670 3460 muni
711 3418 887 3463 more
923 3398 1316 3475 verborum3’
1370 3396 1743 3476 ‘Pacuvi0,’
1804 3397 2012 3481 inquit
2056 3395 2248 3475 alius;
2302 3402 2557 3462 ‘omnes

495 3490 667 3577 apud
700 3490 872 3557 hunc
915 3492 1118 3558 ornati
1162 3492 1595 3577 elaboratique
1634 3504 1781 3559 sunt
1824 3515 2081 3571 versus,
2132 3491 2334 3557 multa
2386 3491 2561 3577 apud

494 3584 762 3649 alterum
795 3584 1296 3698 neglegentius3’
1335 3588 1441 3652 fac
1476 3587 1669 3653 alium
1705 3588 1937 3666 Acci03
1992 3586 2169 3652 varia
2202 3586 2373 3651 enim
2407 3592 2563 3649 sunt'

492 3677 752 3759 iudicia,
787 3693 861 3747 ut
895 3681 964 3746 in
999 3680 1296 3762 Graecis,
1351 3705 1474 3749 nec
1507 3682 1713 3747 facilis
1750 3682 2116 3771 explicatio,
2154 3703 2316 3766 quae
2349 3680 2558 3745 forma

491 3773 770 3839 maxime
807 3776 1093 3842 excellat.
1181 3775 1250 3841 in
1283 3776 1547 3863 picturis
1586 3777 1743 3843 alios
1780 3776 2063 3853 horrida,
2106 3774 2371 3851 inculta,
2412 3769 2559 3859 [ab-

494 3866 628 3931 dita
659 3866 752 3953 et]
792 3890 1021 3954 opaca,
1059 3880 1278 3935 contra
1313 3870 1472 3935 alios
1508 3868 1736 3947 nitida,
1779 3870 1976 3947 laeta,
2022 3869 2409 3934 conlustrata
2443 3865 2558 3931 de-

424 3996 428 4003 ·
492 3958 760 4025 lectant:
815 3959 966 4067 quid
1003 3972 1130 4039 est,
1182 3984 1310 4047 quo
1354 3964 1817 4049 praescriptum
1862 3961 2119 4047 aliquod
2162 3972 2271 4026 aut
2314 3960 2556 4025 formu-

491 4048 624 4112 lam
665 4052 1010 4137 exprimas,
1066 4078 1210 4121 cum
1251 4056 1320 4121 in
1366 4079 1485 4123 suo
1536 4058 1833 4141 quodque
1886 4078 2121 4145 genere
2170 4064 2453 4143 praestet
2486 4060 2557 4119 et
