2784 4575
537 215 669 284 270
1149 223 1229 281 M.
1267 223 1542 282 TULLII
1578 221 1983 282 CICERONIS

539 352 957 428 disceremus,
1019 345 1194 434 quod
1221 345 1526 436 plerique
1582 345 1899 425 fecerunt,
1962 345 2079 412 sed
2130 356 2233 426 ut,
2304 359 2649 433 quantum

539 467 660 512 nos
729 445 984 512 efficere
1051 441 1512 530 potuissemus,
1582 440 1753 508 docti
1810 439 1880 506 in
1939 439 2151 506 forum
2220 441 2644 508 veniremus
2675 443 2676 526 ᾗ

421 569 508 612 ⁸12
539 539 768 608 eodem
803 550 1088 626 tempore
1119 534 1372 602 Moloni
1425 534 1715 602 dedimus
1750 555 2038 622 operam3
2088 533 2429 602 dictatore
2476 537 2643 603 enim

543 632 727 702 Sulla
757 631 1012 720 legatus
1047 631 1132 697 ad
1173 640 1467 697 senatum
1510 629 1593 696 de
1624 625 2025 696 Rhodiorum
2064 629 2391 717 praemiis
2443 653 2643 697 vene-

539 740 660 796 rat.
745 727 962 812 itaque
1012 723 1222 814 prima
1261 745 1459 790 causa
1505 721 1767 810 publica
1804 745 1923 811 pro
1960 720 2114 789 Sex.
2148 721 2419 790 Roscio
2472 726 2641 791 dicta
2675 703 2676 770 Ῑ

541 834 788 889 tantum
831 818 1394 888 commendationis
1441 816 1689 896 habuit,
1742 827 1817 884 ut
1856 839 1989 884 non
2028 815 2162 882 ulla
2214 829 2417 884 esset
2476 839 2638 904 quae

541 937 673 982 non
731 914 930 1002 digna
987 923 1206 979 nostro
1266 911 1619 998 patrocinio
1678 910 2027 991 videretur3
2090 910 2431 999 deinceps·
2491 914 2634 978 inde

542 1009 813 1087 multae,
867 1029 1026 1092 quas
1067 1029 1188 1072 nos
1233 1005 1571 1093 diligenter
1620 1004 1977 1072 elaboratas
2012 1015 2077 1072 et
2110 1016 2469 1090 tamquam
2508 1008 2631 1074 elu-

543 1103 840 1170 cubratas
875 1099 1339 1166 adferebamus.

437 1198 508 1250 91
661 1197 850 1264 Nunc
893 1193 1190 1280 quoniam
1233 1205 1437 1260 totum
1480 1215 1585 1260 me
1627 1215 1758 1260 non
1807 1214 2013 1260 naevo
2056 1191 2273 1278 aliquo
2324 1206 2456 1260 aut
2502 1217 2624 1262 cre-
2671 1227 2673 1232 ·

427 1269 509 1309 ³¹³
542 1288 826 1378 pundiis,
863 1289 980 1354 sed
1013 1309 1274 1375 corpore
1307 1288 1483 1354 omni
1517 1287 1750 1354 videris
1786 1287 1951 1354 velle
1986 1307 2415 1374 cog-noscere,
2458 1311 2621 1354 com-

541 1384 784 1470 plectar
825 1403 956 1449 non
998 1382 1176 1448 nulla
1225 1382 1446 1461 etiam,
1500 1404 1665 1467 quae
1708 1381 1981 1448 fortasse
2014 1382 2362 1448 videantur
2412 1385 2620 1450 minus

543 1474 933 1543 necessat-iaz
969 1487 1106 1542 erat
1139 1498 1216 1542 eo
1253 1487 1537 1565 tempore
1570 1476 1639 1542 in
1672 1476 1857 1544 nobis
1894 1497 2144 1542 summa
2178 1477 2526 1564 gracilitas
2564 1493 2619 1544 et

540 1570 871 1638 infirmitas
908 1570 1218 1658 corporis,
1269 1593 1605 1658 procerum
1640 1582 1707 1638 et
1738 1582 1927 1637 tenue
1962 1569 2225 1650 collum3
2282 1572 2404 1657 qui
2442 1573 2617 1639 habi·

541 1681 645 1732 tus
699 1676 764 1732 et
813 1685 977 1752 quae
1028 1665 1236 1752 figura
1284 1687 1417 1731 non
1475 1664 1699 1752 procul
1756 1664 1981 1731 abesse
2032 1675 2298 1751 putatur
2352 1689 2396 1731 a
2450 1667 2611 1732 vitae
2675 1673 2676 1748 ζ

540 1759 850 1848 periculo,
905 1759 962 1825 si
1013 1757 1257 1824 accedit
1305 1757 1489 1824 labor
1541 1770 1606 1826 et
1655 1759 1924 1825 laterum
1972 1781 2213 1846 magna
2262 1762 2610 1838 contentio,
2675 1771 2676 1778 ’

541 1875 746 1938 eoque
778 1853 987 1940 magis
1022 1852 1146 1920 hoc
1179 1875 1320 1932 eos,
1374 1852 1602 1937 quibus
1647 1875 1823 1919 eram
1864 1873 2079 1931 carus,
2140 1857 2609 1932 commovebat,
2675 1865 2676 1894 ³

543 1949 715 2032 quod
765 1945 978 2014 omnia
1030 1947 1168 2013 sine
1217 1946 1621 2025 remissione,
1676 1949 1813 2015 sine
1856 1948 2187 2026 varietate,
2240 1947 2300 2012 vi
2340 1969 2615 2014 summa
2675 2023 2676 2028 ἵ

425 2064 509 2106 au
547 2041 724 2108 vocis
759 2052 826 2106 et
860 2040 1052 2111 totius
1090 2042 1371 2128 corporis
1408 2042 1809 2109 contentione
1844 2043 2159 2109 dicebam=
2196 2043 2407 2125 itaque
2446 2063 2613 2108 cum

543 2156 647 2199 me
682 2144 748 2198 et
779 2133 966 2200 amici
1007 2146 1074 2200 et
1112 2135 1345 2202 medici
1387 2135 1815 2216 hortarentur,
1866 2147 1941 2202 ut
1980 2157 2207 2203 causas
2250 2157 2452 2222 agere
2502 2138 2608 2204 de-

440 2252 443 2256 ·
545 2225 852 2307 sisterem,
889 2227 1158 2315 quodvis
1191 2229 1405 2319 potius
1439 2229 1788 2319 periculum
1822 2229 1980 2296 mihi
2012 2229 2379 2298 adeundum
2414 2251 2603 2315 quam

541 2344 583 2388 a
618 2334 870 2410 sperata
923 2324 1175 2391 dicendi
1226 2326 1431 2413 gloria
1482 2326 1935 2392 discedendum
1985 2326 2208 2413 putavi
2215 2350 2236 2405 3
2292 2325 2415 2392 sed
2469 2347 2599 2391 cum

542 2438 872 2484 censerem
916 2418 1288 2487 remissione
1325 2431 1389 2487 et
1422 2419 1851 2487 moderatione
1894 2420 2070 2487 vocis
2115 2430 2181 2486 et
2216 2430 2601 2486 commutato

543 2534 777 2599 genere
819 2512 1072 2579 dicendi
1113 2537 1216 2580 me
1265 2511 1383 2601 [et]
1431 2514 1783 2601 periculum
1832 2513 2030 2581 vitare
2072 2536 2269 2601 posse
2316 2510 2422 2601 [et
2454 2526 2604 2581 tem-

541 2606 822 2693 peratius
860 2605 1096 2697 dicere]
1111 2658 1130 2687 ,
1173 2619 1248 2673 ut
1289 2608 1813 2675 consuetudinem
1848 2608 2097 2674 dicendi
2130 2620 2484 2688 mutarem,
2537 2632 2603 2675 ea

545 2722 739 2767 causa
771 2703 928 2768 mihi
959 2703 1028 2769 in
1052 2703 1282 2769 Asiam
1315 2702 1759 2790 proficiscendi
1791 2701 1941 2781 fuit3
1977 2702 2192 2787 itaque
2218 2724 2373 2768 cum
2403 2726 2603 2770 essem

419 2816 422 2821 ·
543 2793 868 2861 biennium
917 2808 1208 2863 versatus
1259 2796 1328 2860 in
1379 2796 1591 2863 causis
1644 2796 1869 2863 etiam
1920 2796 1989 2861 in
2022 2797 2162 2862 foro
2214 2796 2605 2863 celebratum

426 2910 510 2954 ³15
545 2910 760 2953 meum
803 2913 1036 2956 nomen
1079 2902 1276 2968 esset,
1327 2890 1541 2957 Roma
1586 2913 1727 2957 sum
1770 2890 2113 2977 profectus.
2204 2912 2352 2955 cum
2402 2894 2607 2958 venis-

549 3002 685 3047 sem
717 2983 1042 3064 Athenas,
1097 3006 1213 3049 sex
1254 2985 1495 3064 mensis
1541 3006 1687 3050 cum
1718 2984 2043 3051 Antiocho
2077 2986 2313 3051 veteris
2348 2987 2607 3052 Acade-

545 3075 711 3142 miae
769 3077 1165 3144 nobilissimo
1217 3089 1282 3145 et
1331 3079 1827 3167 prudentissimo
1888 3079 2276 3166 philosopho*
2325 3078 2430 3145 fui
2483 3094 2609 3148 stu·

543 3168 842 3256 diumque
893 3170 1352 3261 philosophiae
1392 3197 1739 3259 numquam
1796 3174 2227 3239 intermissum
2281 3198 2323 3239 a
2370 3176 2608 3263 prima-

540 3284 670 3349 que
722 3264 1152 3333 adulescentia
1201 3268 1442 3334 cultum
1485 3279 1551 3335 et
1604 3291 1855 3355 semper
1906 3280 2161 3334 auctum
2203 3266 2329 3333 hoe
2384 3294 2605 3337 rursus

543 3382 794 3427 summo
839 3371 1095 3427 auctore
1137 3372 1202 3428 et
1245 3363 1501 3429 doctore
1536 3362 1867 3441 renovavi3
1921 3362 2145 3429 eodem
2192 3373 2419 3428 tamen
2458 3378 2609 3432 tem-

421 3464 430 3494 -'
541 3476 697 3539 pore
740 3454 1018 3521 Athenis
1071 3458 1242 3543 apud
1289 3456 1693 3523 Demetrium
1738 3454 1973 3542 Syrum
2024 3466 2306 3522 veterem
2360 3469 2436 3523 et
2489 3484 2607 3526 non

542 3546 892 3633 ignobilem
926 3548 1178 3616 dicendi
1219 3551 1595 3638 magistrum
1648 3550 1930 3617 studiose
1974 3550 2255 3617 exerceri
2296 3550 2605 3619 solebam.

544 3650 695 3728 post
738 3664 779 3706 a
820 3665 924 3708 me
956 3641 1123 3709 Asia
1173 3655 1306 3711 tota
1337 3654 1677 3732 peragrata
1726 3654 1854 3723 est,
1894 3644 2119 3733 fuique
2154 3666 2301 3709 cum
2338 3647 2605 3712 summis

545 3733 805 3820 quidem
838 3737 1211 3818 oratoribus,
1251 3740 1627 3825 quibuscum
1662 3740 2002 3805 exercebar
2033 3736 2191 3825 ipsis
2225 3737 2603 3820 libentibus3

542 3850 816 3913 quorum
850 3841 986 3897 erat
1025 3832 1320 3919 princeps
1345 3832 1695 3921 Menippus
1732 3831 2223 3900 Stratonicensis
2258 3854 2408 3899 meo
2444 3835 2604 3900 iudi-

541 3922 646 3986 cio
691 3933 824 3989 tota
854 3923 1021 3990 Asia
1060 3925 1184 3991 illis
1229 3927 1617 4015 temporibus
1662 3926 2143 4005 disertissimus;
2198 3936 2290 4005 et,
2338 3925 2397 3993 si
2448 3927 2599 3993 nihil

535 4012 781 4080 habere
831 4016 1263 4083 molestiarum
1305 4040 1426 4088 nec
1476 4020 1856 4107 ineptiarum
1898 4020 2260 4087 Atticorum
2312 4032 2443 4100 est,
2502 4022 2599 4086 hic
