2784 4575
992 273 1301 330 BRUTUS
1337 275 1481 328 45-
1493 275 1580 329 54.
2184 268 2311 335 207

260 426 385 489 que
432 404 515 469 ad
557 402 680 468 hoc
733 413 982 489 tempus
1027 400 1243 466 audivi
1293 400 1495 468 fuisse
1546 400 1892 482 neminem3
1944 401 2317 469 Menelaum

259 499 472 585 ipsum
507 497 756 562 dulcem
789 496 970 560 illum
1019 495 1275 580 quidem
1326 495 1519 560 tradit
1548 496 1901 574 Homerus,
1956 496 2072 561 sed
2111 519 2317 585 pauca

261 592 603 658 dicentem:
665 589 944 655 brevitas
1005 600 1218 655 autem
1269 588 1408 655 laus
1463 600 1562 655 est
1620 589 1937 655 interdum
1986 589 2055 654 in
2108 590 2319 676 aliqua

257 696 440 772 parte
475 683 753 763 dicendi,
806 683 876 748 in
908 683 1208 750 universa
1253 682 1615 768 eloquentia
1654 683 1909 749 laudem
1940 706 2071 750 non
2102 683 2315 750 habet.

260 789 328 844 at
377 802 529 845 vero
582 789 764 844 extra
815 776 1154 844 Graeciam
1203 801 1441 865 magna
1491 776 1742 843 dicendi
1795 777 2004 842 studia
2060 777 2329 844 fuerunt.

257 873 643 958 maximique
694 871 844 937 huic
895 871 1070 937 laudi
1120 871 1320 936 habiti
1367 871 1639 937 honores
1692 870 1955 937 inlustre
2000 883 2319 938 oratorum

258 990 491 1034 nomen
533 966 973 1033 reddiderunt:
1025 989 1176 1030 nam
1218 977 1292 1030 ut
1335 966 1535 1031 semel
1577 989 1614 1032 e
1648 965 1917 1032 Piraeeo
1961 965 2321 1050 eloquentia

262 1072 484 1128 evecta
527 1071 653 1139 est,
711 1059 918 1125 omnis
970 1059 1335 1147 peragravit
1385 1059 1628 1126 insulas
1677 1071 1865 1143 atque
1907 1058 1999 1125 ita
2038 1061 2320 1147 peregri—

258 1167 411 1222 nata
471 1165 606 1220 tota
652 1154 820 1220 Asia
878 1165 1006 1232 est,
1069 1165 1142 1218 ut
1193 1175 1264 1219 se
1329 1153 1607 1219 externis
1670 1153 1979 1220 oblineret
2038 1154 2319 1221 moribus

259 1270 639 1333 omnemque
694 1248 870 1312 illam
915 1246 1349 1313 salubritatem
1391 1247 1650 1313 Atticae
1694 1245 1985 1313 dictionis
2028 1257 2095 1313 et
2136 1250 2320 1334 quasi

261 1343 597 1408 sanitatem
628 1342 922 1428 perderet
956 1362 1032 1406 ac
1063 1340 1237 1426 loqui
1270 1363 1475 1428 paene
1522 1340 1900 1407 dedisceret·
1944 1341 2093 1406 hinc
2126 1342 2321 1408 Asia-

261 1435 370 1501 tici
438 1451 719 1500 oratores
780 1458 912 1500 non
982 1434 1427 1500 contemnendi
1499 1433 1758 1518 quidem
1811 1456 1933 1500 nec
2001 1434 2319 1502 celeritate

257 1551 378 1595 nec
415 1529 625 1616 copia,
664 1529 779 1594 sed
811 1551 1036 1616 parum
1069 1528 1278 1615 'pressi
1313 1538 1378 1594 et
1411 1528 1597 1594 nimis
1631 1528 2089 1608 redundantes3
2140 1529 2321 1596 Rho-

259 1623 349 1688 dii
416 1623 698 1688 saniores
763 1635 829 1688 et
876 1623 1237 1688 Atticorum
1291 1622 1645 1690 similiores.
1750 1623 1869 1688 sed
1919 1623 1999 1688 de
2052 1622 2317 1690 Graecis

127 1719 136 1724 ’
258 1719 598 1797 hactenus3
653 1718 888 1784 etenim
931 1718 1091 1784 haec
1143 1718 1288 1805 ipsa
1328 1719 1598 1784 forsitan
1650 1718 1886 1784 fuerint
1926 1740 2057 1783 non
2098 1740 2321 1784 neces-

262 1810 469 1878 saria?

379 1905 548 1972 Tum
584 1905 856 1972 Brutus:
896 1906 1048 1972 ‘ista
1081 1906 1258 1973 vero’
1296 1906 1501 1991 inquit
1537 1913 1756 1992 ‘quam
1789 1907 2149 1972 necessaria
2182 1908 2322 1973 fue-

257 2001 385 2066 rint
401 2025 556 2066 .non
597 2001 785 2067 facile
829 2000 1096 2066 dixerim
1104 2026 1124 2080 3
1178 2001 1457 2065 iucunda
1500 2011 1669 2066 certe
1710 1999 1868 2065 mihi
1912 2000 2168 2065 fuerunt
2208 2024 2323 2067 ne-

260 2117 383 2179 que
419 2097 624 2162 solum
660 2119 791 2162 non
822 2096 1047 2183 longa,
1093 2095 1209 2160 sed
1244 2095 1436 2161 etiam
1481 2092 1773 2160 breviora
1815 2115 2007 2178 quam
2050 2095 2318 2161 vellem?

261 2188 526 2275 ‘optime
537 2189 577 2269 ,⁹
631 2189 890 2274 inquam
927 2189 1075 2254 ‘sed
1125 2188 1456 2255 veniamus
1503 2189 1586 2254 ad
1629 2199 1911 2268 nostros,
1967 2188 2046 2253 de
2091 2189 2319 2274 quibus

260 2281 518 2348 difficile
569 2294 672 2348 est
719 2283 864 2369 plus
917 2283 1314 2371 intellegere,
1369 2306 1562 2369 quam
1612 2294 1920 2368 quantum
1965 2306 2047 2349 ex
2096 2307 2321 2350 monu-

2362 809 2415 851 51

2362 1652 2421 1693 52

258 2374 489 2441 mentis
546 2375 856 2461 suspicari
904 2376 1072 2442 licet.
1161 2376 1302 2460 quis
1358 2377 1529 2441 enim
1579 2387 1761 2461 putet
1802 2376 1840 2412 ¹*
1885 2388 1996 2443 aut
2036 2377 2321 2443 celerita-
2356 2375 2430 2429 14

263 2480 390 2535 tem
431 2466 673 2554 ingenii
704 2468 791 2533 L.
826 2468 1031 2535 Bruto
1074 2469 1167 2533 illi
1212 2468 1559 2535 nobilitatis
1604 2480 1855 2535 vestrae
1896 2470 2165 2557 principi
2210 2448 2422 2535 ἀει-53

260 2562 498 2628 fuisse?
551 2560 660 2645 qui
695 2562 774 2627 de
809 2571 1010 2626 matre
1057 2561 1363 2626 savianda
1409 2584 1490 2626 ex
1534 2561 1789 2626 oraculo
1822 2562 2144 2648 Apollinis
2191 2574 2322 2626 tam

262 2664 442 2721 acute
490 2664 836 2741 arguteque
882 2654 1246 2732 coniecerit3
1299 2654 1410 2740 qui
1456 2676 1767 2720 summam
1801 2655 2200 2742 prudentiam
2236 2656 2321 2720 si-

260 2748 603 2815 mulatione
666 2748 970 2815 stultitiae
1029 2748 1285 2825 texerit3
1357 2748 1465 2832 qui
1524 2748 2034 2835 potentissimum
2101 2771 2321 2836 regem

262 2842 596 2908 clarissimi
645 2843 816 2930 regis
877 2842 1078 2907 filium
1138 2842 1452 2929 expulerit
1513 2841 1955 2928 civitatemque
2016 2854 2322 2931 perpetuo

261 2936 588 3003 dominatu
632 2936 966 3003 liberatam
1016 2936 1495 3025 magistratibus
1552 2936 1807 3015 annuis,
1859 2936 2108 3024 legibus
2160 2936 2324 3003 iudi-

261 3032 500 3117 ciisque
544 3032 927 3111 devinxerit3
983 3032 1092 3117 qui
1145 3032 1449 3119 conlegae
1497 3055 1612 3098 suo
1664 3031 1998 3119 imperium
2055 3032 2325 3118 abroga-

261 3125 450 3206 verit,
507 3138 578 3191 ut
621 3149 657 3192 e
703 3125 956 3193 civitate
1007 3126 1243 3213 regalis
1296 3124 1569 3192 nominis
1620 3125 1992 3192 memoriam
2042 3123 2317 3191 tolleret:

261 3222 432 3304 quod
477 3232 645 3287 certe
690 3222 860 3287 effici
899 3245 1031 3288 non
1072 3221 1414 3309 potuisset,
1468 3220 1594 3286 nisi
1640 3232 1813 3286 esset
1862 3220 2143 3286 oratione
2176 3240 2321 3307 per-

263 3334 544 3379 suasum.
631 3314 922 3380 videmus
964 3314 1119 3381 item
1153 3314 1375 3403 paucis
1421 3314 1602 3379 annis
1638 3325 1786 3400 post
1818 3337 2004 3401 reges
2041 3324 2318 3389 exactos,

263 3426 410 3469 cum
453 3405 674 3492 plebes
727 3430 926 3495 prope
977 3408 1182 3495 ripam
1225 3408 1499 3473 Anienis
1547 3409 1629 3473 ad
1681 3408 1935 3473 tertium
1984 3405 2322 3472 miliarium

264 3496 660 3565 consedisset
711 3522 980 3584 eumque
1033 3512 1343 3579 montem,
1399 3502 1506 3586 qui
1554 3500 1751 3568 Sacer
1804 3502 2157 3590 appellatus
2200 3510 2319 3578 est,

263 3592 733 3681 occupavisset,
776 3594 876 3659 Μ.
909 3595 1240 3663 Valerium
1276 3596 1646 3663 dictatorem
1691 3597 1958 3662 dicendo
1996 3594 2320 3661 sedavisse

263 3687 612 3755 discordias
649 3685 832 3772 eique
870 3688 952 3753 ob
988 3711 1130 3753 eam
1163 3712 1300 3753 rem
1343 3689 1616 3756 honores
1673 3689 2097 3777 amplissimos
2139 3688 2325 3753 habi-

263 3793 362 3847 tos
417 3790 482 3847 et
533 3804 682 3847 eum
731 3780 1008 3867 primum
1059 3783 1143 3848 ob
1195 3804 1338 3849 eam
1389 3782 1598 3874 ipsam
1650 3804 1909 3848 causam
1960 3782 2321 3847 Maximum

263 3896 407 3939 esse
453 3874 868 3962 appellatum3
919 3897 1002 3940 ne
1035 3875 1121 3941 L.
1155 3874 1488 3944 Valerium
1535 3875 1792 3960 quidem
1823 3876 2110 3942 Potitum
2155 3875 2323 3940 arbi-

264 3981 394 4033 tror
427 3991 556 4033 non
592 3968 829 4054 aliquid
860 3969 1147 4056 potuisse
1183 3970 1473 4049 dicende,
1511 3970 1619 4055 qui
1652 3980 1801 4057 post
1836 3968 2316 4036 decemviralem

259 4060 566 4126 invidiam
611 4062 865 4150 plebem
899 4063 966 4129 in
999 4076 1213 4153 patres
1257 4064 1584 4129 incitatam
1626 4063 1875 4151 legibus
1913 4076 1976 4131 et
2012 4061 2323 4131 contioni-
