2784 4575
1034 277 1344 350 BRUTUS
1381 278 1619 334 63-71.
2048 351 2053 355 Α
2231 269 2361 338 211

291 424 368 466 se
393 400 674 488 gaudere
703 400 960 468 dicunt:
1033 401 1381 488 ‘sapienter
1407 400 1476 465 id
1510 400 1765 486 quidem
1790 436 1879 448 —
1894 413 2083 487 atque
2117 404 2363 472 utinam

291 495 688 562 imitarentur
720 514 842 560 nec
884 491 1036 561 ossa
1079 495 1312 573 solum,
1367 493 1485 560 sed
1530 493 1721 559 etiam
1758 495 2161 580 sanguinem!
2214 520 2364 584 gra-

291 609 434 654 ·tum
469 599 571 654 est
603 599 842 666 tamen,
892 587 1066 672 quod
1099 588 1322 661 volunt
1350 621 1443 634 --
1474 607 1587 652 cur
1617 585 1811 672 igitur
1843 587 2081 672 Lysias
2118 599 2185 655 et
2216 590 2365 676 Hy-

291 682 548 768 perides
593 693 871 761 amatur,
925 702 1070 747 cum
1115 680 1368 768 penitus
1422 679 1748 766 ignoretur
1793 679 1999 748 Cato?
2048 682 2363 768 antiquior

287 785 398 840 est
430 774 617 840 huius
674 795 882 840 sermo
919 785 984 839 et
1017 773 1331 857 quaedam
1381 772 1733 839 horridiora
1778 773 1970 840 verba
1976 799 1997 852 3
2049 774 2141 841 ita
2191 777 2362 842 enim

288 881 433 932 tum
465 866 915 950 loquebantur:
967 865 1036 930 id
1068 877 1273 944 muta,
1325 865 1500 948 quod
1534 875 1669 930 tum
1701 865 1809 931 ille
1850 889 1981 933 non
2016 869 2251 955 potuit,
2295 882 2363 937 et

289 959 460 1025 adde
493 967 793 1024 numeros
839 968 932 1036 et,
985 968 1058 1022 ut
1101 958 1306 1045 aptior
1349 958 1436 1024 sit
1478 958 1708 1038 oratio,
1761 959 1905 1046 ipsa
1948 961 2145 1028 verba
2187 983 2361 1030 com-

289 1074 461 1138 pone
498 1062 563 1117 et
596 1051 780 1134 quasi
825 1063 1229 1160 coagmenta,
1255 1052 1457 1160 ‘quod
1499 1075 1583 1119 ne
1620 1051 1853 1118 Graeci
1896 1054 2153 1137 quidem
2186 1067 2363 1122 vete-

287 1167 397 1209 res
433 1143 909 1210 factitaverunt.
944 1144 1072 1210 iam
1106 1145 1425 1212 neminem
1460 1155 1807 1233 antepones
1838 1143 2091 1214 catoni.
2147 1149 2359 1216 ornari
2403 1179 2456 1220 6⁹

289 1239 643 1304 orationem
697 1237 929 1306 Graeci
977 1249 1235 1327 putant,
1303 1240 1360 1307 si
1412 1242 1751 1308 verborum
1817 1241 2358 1324 immutationibus

290 1343 580 1411 utantur,
637 1354 796 1417 quos
851 1333 1177 1420 appellant
1223 1333 1548 1421 τρόπους,
1602 1345 1668 1401 et
1722 1337 2176 1404 sententiarum
2218 1360 2362 1405 ora-

287 1425 612 1510 tionisque
647 1427 898 1506 formis,
953 1448 1116 1511 quae
1150 1439 1384 1494 vocant
1428 1429 1757 1516 σχήματα·
1809 1453 1941 1496 ιιοιι
1983 1431 2117 1497 veri
2153 1431 2357 1499 simile

269 1529 394 1584 est
448 1542 639 1604 quam
686 1521 770 1586 sit
809 1520 878 1588 in
912 1532 1195 1630 ’utroque
1247 1544 1484 1608 genere
1528 1533 1594 1588 et
1645 1523 1864 1590 creber
1908 1535 1974 1590 et
2025 1524 2356 1591 distinctus

285 1611 482 1680 Cato.
490 1600 688 1688 ffic
723 1637 876 1681 vero
909 1615 1134 1703 ignoro
1178 1617 1461 1684 nondum
1504 1639 1649 1683 esse
1686 1618 1841 1683 satis
1885 1618 2154 1704 politum
2186 1619 2357 1685 huno
2388 1634 2461 1691 18

281 1718 609 1774 oratorem
643 1719 709 1774 et
743 1709 1173 1792 quaerendum
1223 1732 1368 1777 esse
1414 1709 1655 1796 aliquid
1694 1711 2071 1798 perfectius3
2124 1710 2358 1798 quippe
2418 1727 2430 1750 ¹

283 1823 440 1866 cum
473 1801 563 1867 ita
607 1802 691 1868 sit
725 1803 809 1868 ad
848 1813 1210 1870 nostrorum
1255 1815 1615 1890 temporum
1663 1805 1976 1871 rationem
2018 1815 2231 1882 vetus,
2284 1816 2359 1870 ut

285 1895 528 1960 nullius
565 1896 870 1983 scriptum
903 1907 1109 1962 exstet
1146 1897 1412 1984 dignum
1424 1898 1702 2006 ‘quidem
1734 1898 2031 1976 lectione,
2050 1899 2240 1983 quod
2275 1899 2361 1964 sit

290 1988 643 2074 antiquius3
698 1990 815 2055 sed
856 1989 1095 2055 maiore
1139 1990 1441 2056 honore
1420 2014 1490 2054 m
1532 1990 1827 2058 omnibus
1882 1991 2121 2058 artibus
2166 2014 2359 2076 quam

285 2083 360 2148 in
393 2083 516 2148 hac
547 2105 678 2150 una
711 2083 961 2149 dicendi
1002 2094 1291 2150 versatur
1325 2083 1695 2170 antiquitas·
1734 2085 1877 2170 quis
1914 2086 2084 2152 enim
2119 2107 2357 2164 eorum,
2402 2113 2455 2154 ιο

283 2177 404 2260 -qui
445 2177 605 2244 haec
647 2177 894 2245 minora
953 2178 1494 2259 animadvertunt,
1545 2202 1678 2245 non
1719 2179 2031 2266 intellegit
2075 2176 2362 2245 Canachi
2412 2181 2423 2192 '

295 2260 481 2357 signa
511 2269 814 2357 rigidiora
849 2294 1012 2349 esse,
1068 2294 1260 2356 quam
1292 2283 1366 2347 ut
1398 2273 1721 2341 imitentur
1754 2272 2112 2352 veritatem3
2168 2270 2361 2340 Cala-

294 2363 482 2427 midis
511 2364 670 2428 dura
696 2364 806 2428 illa
834 2365 1108 2447 quidem,
1129 2368 1246 2433 sed
1273 2378 1488 2433 tamen
1513 2367 1805 2433 molliora
1830 2390 2020 2453 quam
2041 2366 2358 2445 Canachi3

288 2456 578 2524 nondum
609 2456 906 2541 Myronis
943 2457 1098 2525 satis
1135 2461 1219 2525 ad
1254 2460 1585 2525 veritatem
1622 2460 1982 2539 adducta,
1962 2483 2091 2525 iam
2124 2472 2358 2538 tamen,

286 2572 460 2637 quae
495 2573 625 2617 non
660 2549 910 2616 dubites
946 2553 1168 2637 pulcra
1202 2554 1444 2630 dicere,
1425 2578 1442 2594 ·
1487 2552 1805 2639 pulcriora
1840 2554 2031 2619 etiam
2062 2552 2361 2636 Polycliti

287 2658 362 2713 et
411 2645 540 2711 iam
589 2644 781 2731 plane
830 2646 1142 2732 perfecta,
1203 2655 1276 2709 ιιι
1327 2646 1484 2711 mihi
1536 2645 1793 2729 quidem
1854 2645 2057 2713 videri
2116 2643 2361 2710 solent?

290 2740 575 2811 similis
555 2763 624 2806 m
657 2738 908 2827 pictura
937 2741 1101 2806 ratio
1136 2750 1262 2819 est3
1297 2739 1364 2805 in
1401 2762 1527 2826 qua
1554 2738 1803 2806 Zeuxin
1837 2750 1903 2805 et
1898 2738 2361 2848 Polygnotum

288 2847 365 2901 et
406 2834 817 2901 Timanthem
860 2844 925 2901 et
975 2856 1222 2911 eorum,
1278 2833 1388 2919 qui
1438 2856 1569 2899 non
1620 2843 1769 2898 sunt
1816 2832 1918 2897 usi
1967 2831 2113 2917 plus
2168 2853 2361 2915 quam

287 2940 593 3017 quattuor
629 2928 976 3007 coloribus,
1012 2929 1250 2995 formas
1288 2938 1353 2994 et
1384 2927 1753 2993 liniamenta
1784 2925 2147 3005 laudamus3
2193 2937 2259 2993 at
2290 2926 2359 2991 in

212 3052 218 3056 ·
296 3024 594 3136 Aetione,
621 3024 1031 3103 Nicomaclm,
1058 3023 1445 3110 Protogene,
1470 3020 1757 3108 Apelle
1737 3043 1868 3086 iam
1890 3020 2177 3106 perfecta
2211 3030 2360 3084 sunt

287 3120 529 3186 omnia.
567 3126 570 3129 ’
617 3129 684 3184 et
730 3117 946 3184 nescio
999 3140 1084 3183 an
1142 3116 1403 3202 reliquis
1463 3115 1533 3180 in
1590 3114 1782 3181 rebus
1846 3114 2137 3180 omnibus
2189 3112 2361 3178 idem
2404 3138 2453 3180 τι

275 3214 578 3297 eveniat.
630 3212 788 3278 nihil
823 3223 923 3279 est
955 3213 1126 3279 enim
1161 3211 1350 3279 simul
1393 3220 1459 3277 et
1500 3209 1830 3276 inventum
1872 3219 1936 3274 et
1976 3208 2359 3295 perfectum3

293 3327 419 3371 -nec
462 3305 736 3371 dubitari
786 3306 980 3372 debet
1033 3305 1188 3391 quin
1239 3304 1477 3371 fuerint
1521 3312 1667 3370 ante
1714 3304 2073 3368 Homerum
2112 3304 2362 3387 poe’tae,

290 3398 474 3481 quod
508 3420 589 3463 ex
623 3398 716 3462 eis
752 3398 1135 3465 carminibus
1169 3398 1457 3485 intellegi
1489 3408 1730 3485 potest,
1782 3418 1945 3482 quae
1980 3396 2151 3482 apud
2184 3394 2363 3459 illum

276 3502 368 3576 ,et
409 3490 479 3555 in
511 3490 879 3556 Phaeacum
922 3502 990 3557 et
1029 3492 1098 3559 in
1130 3513 1470 3579 procorum
1521 3492 1725 3581 epulis
1770 3500 2099 3556 canuntur.
2188 3486 2363 3573 quid,

295 3586 504 3663 nostri
537 3596 784 3653 veteres
819 3607 1044 3653 versus
1079 3588 1193 3653 ubi
1226 3588 1413 3653 sunt?

863 3702 1022 3765 quos
1058 3680 1210 3747 olim
1241 3679 1453 3747 Fauni
1486 3691 1791 3763 vatesque
1826 3678 2157 3756 canebant,

432 3796 578 3841 cum
609 3794 817 3857 neque
850 3772 1190 3839 Musarum
1225 3774 1521 3862 scopulos
1559 3773 1892 3858 quisquam
1928 3779 2277 3858 superarat,

430 3890 550 3935 nee
583 3867 734 3933 dicti
769 3867 1090 3933 studiosus
1127 3879 1263 3934 erat

293 3966 483 4025 ‘ante
532 3960 728 4027 hunc'
785 3962 874 4027 ait
924 3961 1063 4048 ipse
1109 3961 1191 4027 de
1235 3984 1333 4039 se,
1384 3982 1507 4027 nec
1548 3957 1911 4026 mentitur
1890 3983 1961 4025 ιιι
2002 3932 2363 4047 gloriand03

294 4054 400 4120 sic
433 4053 602 4121 enim
637 4077 780 4123 sese
822 4078 927 4123 res
973 4055 1194 4134 habet3
1248 4078 1398 4121 nam
1433 4068 1497 4121 et
1535 4053 1820 4140 Odyssia
1854 4053 2094 4139 Latina
2136 4063 2236 4125 est
2270 4052 2365 4151 sic

1930 4158 2029 4208 ιιι
