2784 4575
1133 256 1481 299 PRAEFATIO.
2304 253 2409 300 XV

217 373 498 440 videntur,
523 369 869 441 expeditiore
891 384 1144 424 sermone
1164 385 1295 424 con·
1333 373 1623 423 auctorem
1636 367 2091 437 suspitiosam384
2107 373 2263 423 recte
2275 386 2406 449 age·

219 442 463 496 cinnata.
1333 438 1434 491 bat
1498 436 1653 507 quod
1680 452 1788 490 nec
1815 435 2115 491 Catilinam
2142 454 2247 491 nec
2284 454 2409 492 eius

285 508 574 576 Vidimus,
611 525 783 576 quam
808 506 959 561 bene
986 507 1295 560 instructus
1335 521 1435 558 soc
1458 520 1523 558 os
1568 504 1629 557 in
1670 504 1938 565 iudicium
1973 505 2245 573 vocabat,
2307 506 2410 561 sed

214 577 476 633 Philonis
524 575 824 645 disciplina
867 576 942 630 ad
997 575 1296 629 dicendum
1324 570 1684 646 illumRopia
1704 571 1853 627 exire
1875 574 2135 644 cogebat,
2157 574 2411 628 Petreio·

215 643 552 712 accesserit3
603 649 670 697 ut
720 649 1056 714 argumenta
1109 642 1298 697 omnia
1333 658 1444 711 que
1470 656 1587 695 non
1612 640 1791 696 maior
1815 642 1941 714 laus
1970 642 2275 698 tribuenda
2300 650 2408 712 est,

216 714 538 784 expendere
566 718 624 766 et
649 712 723 767 ab
742 710 1086 781 imprudenti
1105 727 1294 766 assen-
1333 711 1490 780 quod
1544 707 1821 763 Catilinae
1885 710 2079 781 copias
2143 710 2410 781 confecit,

217 782 377 837 sione
413 780 684 835 iudi-cium
725 780 994 835 cohibere
1031 796 1294 834 assueve-
1333 794 1503 849 quam
1541 777 1789 847 consuli,
1836 778 1931 858 qui
1967 778 2259 849 prohibuit
2296 795 2409 849 quo

215 855 331 920 rat,
387 849 472 904 ita
515 849 574 902 in
613 848 851 919 singulis
892 848 1079 901 causis
1116 854 1296 902 artem
1331 846 1517 899 minus
1544 847 1645 899 illo
1676 847 1821 900 duce
1847 864 1907 899 m
1924 848 2065 901 urbe
2086 848 2293 901 caedes
2314 850 2412 902 im-

219 920 374 989 quod
411 917 650 973 maxime
687 917 992 986 probabile
1029 922 1183 971 esset
1217 916 1296 969 in·
1333 915 1514 969 manis
1551 913 1741 981 fieret3
1798 915 2004 968 deinde
2028 914 2412 987 Allobrogum

215 985 482 1041 veniendi
509 992 575 1039 ut
601 1001 766 1039 nemo
788 985 934 1038 alius
963 985 1298 1039 callebat28⁰
1332 982 1548 1036 indicio
1577 982 1863 1052 sapienter
1888 1000 2025 1037 usus
2044 989 2159 1051 est,
2196 989 2261 1037 ut
2280 1001 2412 1054 con-

217 1071 387 1125 quam
415 1069 532 1107 non
551 1053 739 1122 potuit
756 1070 872 1107 non
890 1052 1202 1107 transferre
1223 1053 1296 1106 ad
1332 1052 1645 1105 iuratorum
1663 1051 1977 1122 principes,
2016 1051 2115 1122 qui
2130 1068 2415 1107 remanse-

220 1139 358 1177 suae
377 1122 526 1175 vitae
546 1121 816 1188 rationes,
838 1121 921 1175 ita
939 1127 1002 1175 ut
1021 1122 1296 1176 dicendus
1333 1125 1464 1173 rant
1489 1120 1565 1173 ad
1590 1120 1896 1189 perniciem
1922 1120 2029 1173 toti
2057 1120 2185 1173 urbi
2211 1138 2412 1189 paran-

218 1190 292 1243 sit
318 1190 378 1243 id
406 1190 738 1261 plerumque
759 1189 1002 1260 elegisse
1024 1190 1178 1261 quod
1197 1206 1297 1259 po·
1335 1189 1492 1256 dam,
1532 1204 1841 1257 coarguere
1875 1193 2165 1258 posset28⁵
2210 1206 2413 1257 provo-

216 1258 489 1313 tissimum
519 1266 674 1313 esset
699 1257 774 1313 ad
809 1259 1079 1313 tuendam
1117 1258 1173 1311 di
1216 1256 1296 1312 ni·
1336 1256 1485 1310 catio
1516 1256 1589 1309 ad
1616 1258 1887 1325 populum
1914 1274 2031 1311 non
2059 1263 2183 1313 erat
2212 1274 2413 1312 conce-

218 1332 392 1381 tatem
420 1327 503 1381 rei
522 1326 790 1396 publicae
810 1331 869 1379 et
887 1344 1073 1394 suam3
1111 1274 1214 1379 sefi
1239 1326 1297 1379 in
1335 1326 1525 1378 denda
1559 1324 1919 1393 parricidium
1946 1326 2229 1380 confessis
2268 1343 2413 1396 quos

218 1411 316 1450 eas
353 1399 722 1463 tempestates
752 1394 976 1462 incidit,
1021 1410 1126 1463 per
1153 1410 1296 1464 quas
1337 1394 1616 1447 scelerata
1658 1410 1856 1447 manus
1903 1411 1974 1447 ne
2022 1394 2269 1465 eriperet
2311 1412 2413 1463 po-

219 1478 390 1541 saepc
419 1478 536 1516 non
555 1462 757 1517 liceret
773 1478 844 1516 eo
850 1462 1160 1581 (pervenire
1182 1478 1295 1532 quo
1374 1462 1521 1515 ulari
1574 1460 1784 1516 iudicio
1837 1479 2105 1530 magnum
2159 1463 2417 1516 immine-

220 1535 435 1599 optima
461 1530 623 1583 ratio·
638 1537 845 1583 conten
889 1546 984 1583 ere
1014 1530 1296 1596 suaderet,
1376 1536 1437 1583 at
1471 1528 1808 1597 periculum3
1852 1535 1918 1583 ut
1952 1536 2139 1585 autem
2176 1532 2414 1600 compri-

219 1598 324 1651 sed
357 1597 420 1651 in
456 1597 792 1651 condicione
828 1597 1012 1649 minus
1046 1597 1202 1650 bona
1235 1613 1297 1649 se
1333 1601 1620 1650 merentur
1664 1597 1939 1666 reliquiae
1986 1598 2414 1667 coniurationia,

221 1664 541 1733 continere,
578 1664 687 1718 nisi
715 1664 884 1734 plane
914 1665 1077 1717 otiari
1106 1663 1296 1731 vellet,
1334 1678 1678 1731 magnopere
1722 1665 1998 1719 intererat
2029 1666 2112 1720 rei
2188 1666 2415 1721 ublicae

221 1750 289 1789 co
335 1736 595 1787 eretur.81
665 1732 916 1787 Felicior
944 1738 1092 1810 erat,
1133 1748 1300 1800 quem
1335 1731 1501 1785 fortis
1522 1731 1785 1785 consules
1808 1732 2116 1787 succedere
2195 1735 2267 1787 al.
2288 1734 2413 1787 Ian.

218 1803 280 1856 in
347 1816 416 1856 ac
443 1816 670 1871 quoque
697 1818 758 1854 re
788 1817 914 1853 cum
935 1800 1128 1855 Tullio
1151 1816 1298 1853 com·
1337 1796 1596 1853 Ciceroni
1616 1805 1674 1853 et
1692 1800 1977 1879 collegae,
2004 1800 2415 1881 itaqueL.Mu-

220 1875 450 1940 parant,
488 1868 936 1935 Demosthenes,
984 1868 1076 1922 cui
1103 1869 1299 1921 adver·
1334 1882 1531 1921 renam
1549 1868 1727 1921 virum
1746 1868 2001 1935 militari,
2039 1870 2203 1923 entia
2220 1874 2414 1937 aptum

221 1939 405 1993 sarius
460 1944 727 1993 externus
782 1942 841 1993 et
890 1936 1145 1990 internus
1199 1935 1296 1989 im·
1336 1937 1411 1991 ad
1440 1936 1787 1991 coercendos
1824 1936 2004 2005 impro
2050 1954 2209 1991 orum
2244 1953 2414 1991 cona-

219 2006 566 2077 pugnandus
603 2011 754 2073 erat,
807 2010 1046 2085 uterque
1085 2020 1300 2058 summa
1337 2010 1431 2057 tus
1468 2003 1727 2057 defendit
1754 2004 1999 2058 ambitus
2025 2021 2209 2075 reum,
2249 2021 2417 2076 quam

222 2091 349 2129 cum
368 2072 553 2153 gloria
571 2080 630 2128 et
646 2076 792 2127 alter
809 2089 926 2127 non
951 2090 1299 2143 inexpugna-
1335 2078 1519 2139 recte,
1558 2072 1729 2127 hodie
1755 2072 2055 2141 explorare
2081 2090 2197 2128 non
2216 2090 2417 2141 possu-

219 2142 325 2197 bili
353 2160 410 2195 vi
438 2146 636 2196 contra
660 2142 903 2211 impetus
941 2141 1299 2211 eloquentiae
1336 2144 1535 2209 mus,86
1570 2140 1869 2211 probando
1892 2147 2045 2197 certe
2066 2142 2321 2212 consilio,
2360 2149 2419 2195 et

219 2210 496 2278 munitus3
533 2207 795 2264 Ciceroni
823 2215 1084 2265 externus
1103 2210 1299 2264 adver·
1337 2210 1560 2263 minora
1611 2210 1761 2264 mala
1827 2226 1951 2263 cum
2014 2210 2180 2263 bonis
2242 2210 2417 2265 maio-

223 2280 406 2334 sarius
451 2278 673 2349 deerat,
727 2278 936 2334 interni
979 2296 1187 2349 magna
1233 2297 1300 2335 ex
1335 2279 1496 2334 ribus
1515 2278 1921 2348 circumspecte
1944 2295 2303 2351 comparans:
2323 2280 2417 2334 lex

220 2353 386 2419 parte
415 2347 552 2401 solis
578 2347 795 2418 ingenii
812 2348 1028 2402 viribus
1049 2346 1302 2417 superari
1337 2347 1487 2401 enim
1542 2347 1761 2415 Tullia,
1816 2363 1987 2416 quam
2037 2348 2161 2418 ipse
2216 2355 2416 2402 auctor

219 2433 340 2470 non
357 2422 639 2486 poterant.
675 2416 1094 2470 Meminerimus
1113 2422 1302 2470 autem
1338 2417 1447 2470 hac
1496 2415 1829 2470 defensione
1875 2416 2039 2484 quasi
2093 2416 2416 2471 abolevisse

220 2501 341 2539 non
377 2489 492 2538 tam
528 2485 588 2537 id
622 2484 844 2554 quaeri,
883 2485 1020 2553 quid
1047 2483 1304 2538 attulerit
1339 2484 1564 2552 dicitur,
1585 2485 1855 2538 adversus
1867 2483 2169 2538 Catilinam
2187 2484 2417 2553 potissi-

221 2552 300 2610 ad
319 2569 438 2605 rem
457 2552 768 2621 publicam,
807 2553 992 2622 qualis
1021 2559 1139 2606 tum
1161 2557 1300 2618 erat,
1338 2569 1488 2605 mum
1525 2553 1643 2606 lata
1675 2551 1787 2606 iam
1822 2553 1881 2606 in
1916 2567 2043 2606 eum
2087 2558 2241 2606 esset
2286 2569 2417 2606 con-

223 2620 648 2690 corrigendam,
687 2637 854 2690 quam
890 2621 1024 2688 quid
1061 2619 1304 2674 voluerit
1339 2637 1533 2685 versa,
1591 2619 1687 2688 qui
1741 2619 1958 2687 patriae
2010 2624 2167 2673 tutor
2218 2625 2418 2672 contra

220 2685 453 2744 efficere
467 2693 534 2755 ,82
572 2694 631 2740 et
659 2704 804 2756 quae
839 2687 1054 2742 fuerint
1089 2688 1207 2741 eius
1243 2687 1303 2739 in
1339 2686 1617 2740 Catilinae
1665 2687 1900 2739 insidias
1946 2686 2417 2741 constituebatur.

219 2757 447 2810 litteras
475 2759 536 2807 et
561 2754 812 2823 linguam
839 2755 1152 2808 Romanam
1181 2770 1302 2808 eru·
1337 2753 1629 2808 Reducem
1656 2753 1988 2822 Pompeium
2026 2753 2209 2808 minus
2247 2771 2417 2824 quam

223 2823 614 2891 ditionemque
643 2827 700 2876 et
725 2821 1084 2891 popularium
1111 2828 1170 2876 et
1206 2839 1302 2876 na-
1340 2839 1447 2891 par
1481 2828 1605 2876 erat
1640 2820 1878 2875 amicum
1916 2820 2031 2876 sibi*
2052 2823 2303 2878 sentiens
2329 2840 2418 2877 re-

219 2891 444 2947 tionum
462 2889 772 2944 recentium
791 2890 1004 2944 merita.
1340 2889 1492 2944 misit
1534 2890 1883 2970 aliquantum
1925 2889 2261 2946 industriam
2310 2907 2417 2962 pro

297 2959 414 3013 Sed
439 2957 638 3012 utiam
659 2957 732 3012 ad
751 2958 977 3038 singula
995 2957 1303 3027 veniamus,
1341 2975 1411 3012 eo
1440 2975 1475 3012 a
1516 2959 1675 3026 endi,
1713 2973 1831 3011 non
1850 2958 2067 3012 destitit
2084 2965 2300 3014 tamen:
2336 2959 2417 3014 le-

222 3027 440 3097 optime
503 3027 574 3081 de
638 3027 936 3096 republica
997 3026 1301 3096 sentiebat,
1343 3043 1473 3097 gem
1542 3026 1749 3080 laviam
1767 3042 1883 3080 non
1902 3026 2041 3080 satis
2060 3029 2415 3098 popularem,

221 3113 355 3152 cum
375 3097 435 3148 C.
453 3095 688 3150 Verrem
717 3095 1028 3150 accusabat
1045 3102 1104 3150 et
1121 3096 1305 3166 legem
1343 3095 1478 3165 quia
1513 3093 1817 3164 Pompeius
1864 3095 2101 3150 maxime
2136 3096 2421 3151 veteranis

219 3164 519 3220 Aureliam
564 3164 634 3218 de
677 3163 902 3218 iudiciis
951 3164 1304 3222 commenda·
1344 3163 1461 3217 suis
1497 3180 1601 3233 per
1628 3179 1753 3218 eam
1782 3163 2101 3218 consultum
2130 3179 2201 3218 cu
2243 3164 2417 3232 iebat,

221 3235 354 3299 bat3
393 3237 599 3302 postea
625 3248 754 3286 cum
784 3231 959 3286 invito
1020 3249 1161 3288 aene
1181 3238 1304 3287 toto
1345 3237 1509 3286 caute
1541 3233 1811 3286 'tuebatur
1842 3231 1953 3300 ita,
1990 3237 2055 3285 ut
2083 3237 2141 3286 et
2210 3232 2419 3287 ullanis

223 3305 434 3355 senatu
458 3305 690 3368 praetor
717 3300 901 3369 legem
993 3301 1220 3355 aniliam
1248 3301 1307 3353 in
1342 3299 1774 3370 possessoribus
1793 3306 1851 3354 et
1869 3300 2127 3369 Pompeii
2142 3301 2419 3355 militibus

223 3369 496 3424 contione
533 3369 809 3424 laudabat
844 3374 905 3422 et
931 3369 1115 3423 solum
1141 3369 1305 3423 Pom·
1347 3376 1409 3424 et
1476 3369 1733 3426 urbanae
1802 3367 1960 3448 plebi
2041 3368 2418 3435 satisfaceret,

220 3435 420 3509 peium
455 3435 512 3488 di
555 3453 688 3490 num
724 3453 852 3492 esse
939 3437 1309 3494 renuntiabat
1345 3453 1434 3492 em
1476 3437 1687 3494 tionem
1712 3453 1835 3507 agn
1861 3437 2097 3507 privati,
2134 3437 2269 3491 olim
2296 3455 2331 3492 a
2359 3452 2421 3488 se

225 3505 329 3576 qui
359 3504 434 3556 ad
461 3504 674 3557 belum
703 3503 894 3558 Mithri
935 3505 1142 3560 aticum
1171 3493 1309 3560 deli-
1344 3505 1404 3560 in
1474 3505 1672 3561 ervilia
1706 3506 1760 3560 le
1804 3522 1835 3560 e
1870 3505 2272 3574 reprehensam
2307 3504 2422 3559 iam

222 3576 487 3646 geretur3
533 3572 733 3626 consul
762 3571 984 3628 fortiter
1017 3574 1308 3644 impugna·
1346 3574 1469 3644 ipse
1499 3589 1753 3630 commen
1794 3578 1985 3642 ans,8⁷
2024 3575 2123 3627 sed
2153 3573 2233 3627 nil
2269 3573 2420 3626 vale-

223 3647 335 3698 bat
354 3637 646 3694 Serviliam
665 3640 872 3708 legem,
905 3642 1063 3710 plebi
1083 3641 1310 3713 quidem

222 3715 379 3768 bene
398 3706 838 3778 prospicientem
849 3713 918 3777 ‚83
956 3712 1058 3765 sed
1075 3716 1310 3780 propter
1398 3715 1451 3753 84
1475 3713 1519 3754 id
1539 3713 1691 3753 Clcero
1710 3713 1924 3776 sigulficat
1940 3714 1987 3752 ln
1996 3712 2133 3751 ΗΒΑ.
2156 3713 2167 3731 ¹
2180 3721 2260 3760 ego
2272 3721 2420 3760 agrum

1349 3764 1617 3814 Campanum
1652 3766 1691 3804 sl
1719 3765 1854 3804 dividi
1882 3775 1969 3804 non
1996 3764 2206 3813 oportuit,
2246 3772 2419 3804 conser-

1347 3818 1471 3864 vavi,
1501 3818 1537 3856 sl
1566 3817 1776 3866 oportuit.
1806 3815 2054 3856 melioribus
2080 3813 2325 3854 auctoribus
2352 3824 2420 3854 re-

279 3867 336 3907 80
364 3864 483 3905 Orat.
505 3867 597 3905 23⁷.
1347 3866 1549 3908 servavi)

277 3919 334 3958 81
361 3917 461 3955 vide
479 3917 600 3957 Fam.
620 3917 654 3963 1,
675 3917 714 3964 9,
736 3919 803 3956 21.
1399 3921 1449 3959 85
1478 3919 1653 3960 Sallust.
1674 3917 1770 3958 Cat.
1791 3920 1856 3957 44.

279 3971 334 4008 82
364 3967 513 4016 Quint.
534 3968 629 4016 XII,
650 3971 688 4016 1,
712 3970 776 4008 16.
1399 3972 1450 4010 86
1476 3971 1575 4010 vide
1594 3971 1864 4020 potissimum
1876 3968 2008 4010 A.w.
2020 3969 2267 4018 Zumptium
2284 3970 2331 4008 in
2350 3967 2418 4006 ed.

279 4020 336 4058 88
362 4019 416 4058 A.
435 4019 504 4060 W.
523 4020 682 4069 Zumpt
700 4020 944 4061 comment.
963 4021 1111 4072 Epigr.
1125 4023 1159 4067 1,
1183 4023 1306 4064 262-
1348 4023 1556 4062 orationis
1572 4031 1651 4070 pro
1669 4022 1722 4060 L.
1742 4021 1919 4060 Murena
1936 4021 2115 4060 XXXIV
2132 4032 2196 4069 sq.

220 4071 325 4114 277-
1400 4075 1447 4112 87
1477 4073 1570 4114 Att.
1590 4073 1626 4120 Ι,
1646 4073 1710 4121 19,
1730 4075 1754 4112 4
1774 4075 1819 4112 et
1836 4073 1875 4112 7.
1896 4072 1997 4114 coll.
2017 4072 2070 4112 de
2088 4071 2419 4122 leg.agr.11‚·1o.
