2784 4575
524 276 650 344 144
1140 289 1215 344 Μ.
1253 286 1527 346 TULLII
1563 286 1969 345 CICERONIS

520 413 758 499 aliquid
781 435 898 501 pro
927 422 1098 479 certo
1124 410 1537 478 concesseris.
1600 411 1971 499 ambiguum
1999 411 2053 477 si
2080 414 2474 482 concesseris
2504 440 2584 483 ex

519 533 597 578 ea
618 520 818 599 parte,
857 531 1049 595 quam
1072 509 1213 595 ipse
1239 507 1646 585 intellexeris,
1688 505 1858 593 [eam
1885 507 2161 595 partem]
2193 521 2259 575 et
2284 511 2587 578 adversa»

516 608 649 673 rius
669 607 751 671 ad
779 605 967 670 aliam
983 617 1228 692 partem
1244 625 1362 690 per
1387 602 1890 690 complexionem
1908 603 2059 667 velit
2076 603 2583 684 adcommodare,

523 705 951 767 demonstrare
979 698 1294 785 oportebit
1309 719 1442 763 non
1466 718 1546 763 ex
1565 720 1662 775 eo,
1681 698 1853 782 quod
1867 697 2006 784 ipse
2036 700 2446 777 concesseris,
2468 702 2588 765 sed

523 821 603 861 ex
631 816 724 873 eo,
761 795 934 879 quod
958 793 1064 858 ille
1091 791 1450 879 sumpserit,
1487 791 1712 857 confici
1740 790 2260 878 complexionem,
2298 794 2381 858 ad
2413 794 2586 872 hunc

523 890 807 957 nmdum:
863 887 948 953 ‘si
992 886 1290 973 indigetis
1343 886 1680 973 pecuniae,
1734 886 2070 973 pecuniam
2121 907 2250 952 uon
2301 887 2582 968 habetis3

527 989 575 1049 si
611 981 946 1073 pecuniam
981 1001 1110 1047 uon
1145 977 1424 1058 habetis,
1460 1001 1773 1067 pauperes
1812 980 1996 1046 estis:
2032 980 2330 1068 indigetis
2368 991 2585 1047 autem

527 1078 856 1165 pecuniam
916 1086 1309 1141 mercaturae
1362 1075 1560 1152 enim,
1622 1074 1689 1139 ni
1740 1074 1831 1139 ita
1882 1085 2079 1154 esset,
2143 1096 2402 1162 operam
2451 1098 2584 1141 non

523 1177 559 1237 ι]
571 1173 785 1250 aretis·
837 1192 1150 1258 pauperes
1207 1170 1401 1256 igitur
1451 1169 1647 1235 estis.’
1754 1169 1878 1235 hoc
1930 1170 2022 1235 sic
2071 1171 2582 1256 reprehenditur·

523 1281 694 1331 eum
713 1266 998 1331 dicebas.
1037 1265 1092 1330 si
1117 1264 1415 1374 indigetis
1440 1263 1766 1350 pecuniae,
1793 1264 2128 1350 pecuniam
2154 1286 2283 1331 non
2308 1265 2581 1345 habetis,

523 1365 642 1425 huc
691 1360 1165 1447 intellegebam.
1222 1359 1278 1424 si
1317 1369 1577 1446 propter
1627 1359 1907 1445 inopiam
1948 1359 2016 1423 in
2068 1369 2350 1446 egestate
2402 1359 2581 1437 estis,

523 1456 853 1541 pecuniam
885 1477 1015 1521 non
1050 1454 1296 1520 habetis
1333 1465 1399 1519 et
1423 1450 1657 1520 idcirco
1696 1454 2149 1532 concedebam3
2188 1473 2332 1519 cum
2366 1467 2581 1519 mitem

523 1553 644 1617 huc
678 1550 1004 1615 sumebas.
1059 1548 1387 1636 ‘indigetis
1435 1558 1647 1614 autem
1689 1548 2026 1634 pecuniae3
2039 1503 2268 1612 'illud
2312 1548 2583 1641 aceipie-

525 1649 698 1709 lmm:
760 1644 977 1709 ‘voltis
1033 1655 1245 1709 autem
1297 1643 1604 1730 pecuniae
1655 1643 1801 1729 plus
1853 1642 2126 1707 habere?
2216 1664 2298 1706 ex
2350 1634 2579 1726 quibus

523 1740 1033 1806 concessionibus
1071 1761 1200 1805 non
1235 1738 1561 1804 conficitur
1588 1737 1739 1803 hoc=
1778 1743 2118 1824 ‘pauperes
2144 1737 2337 1823 igitur
2358 1739 2577 1817 estis3’

523 1832 932 1899 stunficeretur
975 1844 1217 1910 autem,
1265 1832 1320 1897 si
1363 1832 1479 1895 tibi
1522 1832 1727 1918 primo
1763 1832 1886 1897 hoc
1930 1853 2181 1916 quoque
2225 1833 2579 1899 concessis-

523 1951 674 2007 sem,
712 1928 821 2012 qui
853 1926 1188 2015 pecuniam
1215 1926 1518 1991 maiorem
1544 1926 1736 1991 vellet
1771 1926 2025 2004 habere,
2064 1947 2209 1991 eum
2241 1928 2578 2013 pecuniam

523 2045 648 2085 nnn
682 2021 957 2086 habere!
1024 2042 1216 2107 saepe
1269 2031 1481 2085 autem
1525 2020 1791 2086 oblitum
1822 2031 2076 2107 putant,
2133 2021 2286 2105 quid
2319 2041 2578 2088 conces-

523 2113 699 2192 seris,
737 2125 802 2179 et
834 2114 1068 2180 idcirco
1100 2113 1187 2192 id,
1225 2114 1399 2198 quod
1432 2135 1562 2180 non
1595 2114 1943 2193 conficitur,
1982 2115 2165 2199 quasi
2191 2116 2575 2195 conficiatur,

523 2209 587 2269 in
631 2208 1102 2275 conclusionem
1143 2209 1438 2289 infertur,
1487 2210 1609 2276 hoc
1650 2210 1871 2277 modo:
1930 2212 2016 2275 ‘si
2061 2211 2144 2275 ad
2184 2210 2364 2275 illum
2397 2212 2579 2276 here·-

523 2305 684 2370 ditas
728 2305 1050 2384 veniebat,
1105 2305 1238 2371 veri
1284 2306 1488 2372 simile
1526 2318 1625 2372 est
1669 2307 1749 2372 ab
1785 2307 1895 2373 illo
1937 2318 2233 2372 necatum
2242 2307 2292 2385 ς’
2347 2306 2577 2372 deinde

523 2401 641 2465 huc
711 2401 1063 2488 approbant
1129 2400 1418 2487 plurimis
1490 2401 1731 2480 verbis3
1801 2413 1951 2488 post
2023 2402 2391 2467 adsumunt:
2463 2402 2578 2466 ‘ad

523 2493 697 2559 illum
749 2506 963 2560 autem
1024 2495 1343 2560 hereditas
1398 2496 1719 2574 veniebat3
1733 2495 1749 2520 ’
1814 2496 2043 2562 deinde
2093 2496 2386 2562 infertur:
2442 2495 2579 2562 ‘ille

523 2589 712 2674 igitur
754 2587 1042 2666 occidit3'
1093 2588 1162 2652 id
1213 2590 1384 2673 quod
1437 2611 1519 2655 ex
1572 2590 1693 2668 eis,
1749 2612 1912 2674 quae
1967 2599 2394 2678 sumpserant,
2447 2611 2581 2655 non

523 2682 864 2748 conficitur.
955 2703 1082 2766 qua
1113 2705 1184 2748 re
1229 2685 1569 2749 observare
1618 2684 1953 2770 diligenter
1997 2695 2271 2772 oportet,
2325 2694 2387 2748 et
2424 2682 2581 2767 quid

523 2789 806 2844 sumatur
841 2788 903 2842 et
940 2777 1093 2860 quid
1127 2800 1208 2844 ex
1243 2778 1343 2844 his
1379 2779 1765 2846 conficiatur.
2246 2860 2249 2865 Ι

639 2872 864 2957 Ipsum
908 2881 1119 2936 autem
1162 2895 1364 2958 genus
1413 2873 1973 2961 argumentationis
2019 2873 2318 2938 vitiosum
2360 2871 2460 2937 his
2497 2872 2581 2937 de

523 2964 730 3030 causis
775 2964 1168 3044 ostendetur,
1225 2967 1280 3031 si
1319 2979 1429 3032 aut
1470 2969 1538 3032 in
1580 2968 1723 3055 ipso
1766 2967 1990 3031 vitium
2034 2965 2153 3030 erit
2196 2975 2307 3029 aut
2350 2965 2407 3030 si
2448 2988 2581 3031 non

523 3058 603 3122 nd
645 3057 739 3135 id,
796 3059 968 3143 quod
1009 3060 1384 3139 instituitur,
1442 3059 2052 3136 adcommodabitur3
2108 3069 2295 3142 atque
2329 3059 2397 3121 in
2431 3059 2580 3143 ipso

523 3154 742 3216 vitium
786 3153 930 3231 erit,
986 3154 1041 3219 si
1084 3155 1340 3222 omnino
1384 3166 1589 3221 totum
1632 3154 1866 3218 falsum
1911 3152 2056 3229 erit,
2112 3151 2167 3216 si
2218 3171 2575 3232 commune,

527 3249 575 3310 si
615 3245 898 3333 volgare,
953 3247 1010 3314 si
1049 3249 1219 3328 leve,
1267 3249 1323 3314 si
1365 3259 1705 3323 remotum,
1761 3245 1816 3310 si
1858 3245 2029 3310 mala
2074 3245 2466 3325 definitione,
2520 3249 2579 3312 si

523 3350 1013 3421 c-untroversum,
1053 3343 1108 3408 si
1139 3343 1564 3430 perspicuum,
1603 3340 1657 3404 si
1692 3360 1820 3405 non
1848 3359 2243 3419 concessum,
2282 3342 2337 3406 si
2371 3351 2575 3428 turpe,

523 3438 575 3498 si
611 3434 956 3515 offensum,
1012 3437 1068 3502 si
1113 3435 1523 3511 contrarium,
1579 3433 1636 3499 si
1669 3433 2037 3501 inconstans
2051 3486 2067 3514 ,
2124 3437 2178 3502 si
2216 3436 2578 3502 adversum.

523 3530 753 3595 falsum
789 3542 915 3609 est,
959 3531 1026 3594 in
1061 3552 1187 3614 quo
1220 3527 1555 3616 perspicue
1590 3529 1992 3596 mendacium
2026 3542 2151 3612 est,
2198 3531 2321 3597 hoc
2353 3531 2577 3595 modo·

523 3630 678 3688 ιιιιιι
711 3636 924 3711 potest
959 3643 1101 3688 esse
1140 3623 1425 3709 sapiens,
1472 3622 1582 3706 qui
1615 3625 1967 3736 pecuniam·
1983 3625 2295 3714 neglegit,
2343 3621 2580 3687 Socra-

523 3730 615 3782 tes
651 3729 862 3784 autem
895 3716 1230 3804 pecuniam
1262 3717 1672 3804 neglegebat3
1718 3742 1847 3786 non
1879 3719 2076 3806 igitur
2108 3717 2358 3805 sapiens
2396 3716 2576 3782 erat?

523 3840 543 3874 ι.
535 3833 850 3876 ommune
885 3821 1010 3887 est,
1056 3811 1228 3894 quod
1260 3811 1458 3878 nihilo
1490 3815 1700 3901 magis
1738 3816 1819 3881 ab
1856 3812 2260 3888 adversariis,
2308 3827 2500 3894 quam
2534 3834 2577 3876 a

523 3906 699 3970 nobis
753 3904 930 3983 facit,
992 3903 1115 3971 hoc
1173 3906 1398 3973 modo.
1465 3908 1755 3988 ‘idcirco,
1815 3907 2085 3985 iudices,
2145 3904 2296 3990 ‘quia
2355 3925 2575 3971 veram

523 4020 778 4062 eausam
811 3997 1154 4078 habebam,
1189 4001 1368 4068 brevi
1403 4003 1736 4089 peroravi?
1824 4002 2083 4089 volgare
2119 4012 2243 4079 est,
2283 4000 2455 4084 quod
2490 4000 2573 4064 ad

523 4090 709 4155 aliam
761 4111 1012 4176 quoque
1053 4115 1190 4161 rem
1231 4115 1362 4162 non
1404 4098 1826 4185 probabilem,
1886 4097 1941 4162 si
1982 4115 2151 4161 nunc
2196 4115 2569 4162 concessum
