2784 4575
901 222 1218 281 ORATOR
1251 225 1568 282 231-23'1.
2139 215 2271 284 335

211 351 392 418 ouius
444 347 752 416 inconditi
802 343 1077 435 adripias
1130 344 1504 435 dissipatam
1555 348 1834 434 aliquam
1895 350 2274 420 sententiam

215 465 482 530 eamque
515 442 740 510 ordine
775 441 1113 508 verborum
1144 442 1408 528 paulum
1443 453 1826 512 commutato
1859 442 1928 510 in
1962 444 2272 529 quadrum

212 539 490 626 redigas,
526 535 838 604 efficiatur
872 547 1093 624 aptum
1124 536 1301 616 illud,
1339 537 1511 622 quod
1543 533 1736 603 fuerit
1761 547 1950 604 antea
1974 537 2272 606 diffluens

216 654 291 699 ac
328 632 625 700 solutum.
712 653 834 720 age
871 652 1050 696 sume
1087 630 1168 698 de
1206 629 1485 698 Gracchi
1538 630 1712 717 apud
1753 651 2050 698 censores
2085 631 2272 699 illud·

214 728 473 795 ‘abesse
504 749 637 792 non
679 735 896 813 potest
952 724 1105 810 quin
1140 722 1427 791 eiusdem
1460 723 1734 790 hominis
1771 725 1856 790 sit
1886 726 2176 815 probos’
2157 749 2277 792 un-

213 823 515 910 probare,
561 820 671 907 qui
702 819 1027 908 improbos
1063 820 1347 908 probet3'
1405 828 1641 906 quanto
1676 819 1916 907 aptius,
1969 820 2026 887 si
2056 821 2147 888 ita
2181 822 2278 887 di·-

214 916 446 982 xisset:
502 914 685 1000 ‘quin
720 914 1006 980 eiusdem
1039 913 1313 981 hominis
1350 913 1462 995 sit,
1520 912 1628 1000 qui
1659 913 1984 1002 improbos
2027 917 2272 1003 probet,

212 1011 449 1096 probos
478 1007 893 1096 improbarel’
930 1007 1053 1074 hoc
1078 1008 1269 1076 modo
1297 1009 1508 1076 dicere
1534 1031 1722 1076 nemo
1747 1029 2051 1094 umquam
2073 1010 2276 1078 noluit
2307 1036 2390 1079 as«

214 1125 527 1189 nemoque
562 1102 771 1190 potuit
821 1102 975 1187 quin
1008 1103 1266 1182 dixerit3
1320 1104 1430 1188 qui
1470 1114 1686 1170 ,autem
1730 1104 1911 1170 aliter
1963 1103 2274 1186 dixerunt,

215 1195 339 1263 hoc
373 1197 638 1282 adsequi
670 1218 801 1263 non
833 1206 1193 1284 potuerunt.
1262 1197 1357 1263 ita
1384 1197 1540 1264 facti
1575 1209 1725 1264 sunt
1755 1208 2018 1286 repente
2039 1198 2246 1264 Attici
2251 1224 2274 1280 3

214 1290 399 1376 quasi
432 1312 585 1357 vero
610 1289 973 1356 Trallianus
1008 1290 1200 1358 fuerit
1222 1289 1726 1358 Demosthenes!
1765 1292 1944 1358 cuius
1979 1314 2110 1360 non
2143 1302 2275 1360 tam

215 1383 539 1451 vibrarent
586 1383 853 1450 fulmina
902 1382 1040 1465 illa,
1094 1384 1219 1450 nisi
1270 1385 1552 1452 numeris
1593 1396 1892 1454 contorta
1939 1385 2270 1454 ferrentur.

216 1477 334 1544 sed
374 1478 433 1544 si
476 1500 639 1564 quos
682 1478 889 1566 magis
936 1478 1255 1546 delectant
1298 1480 1533 1559 soluta,
1587 1492 1932 1566 sequantur
1975 1504 2052 1548 ea
2095 1505 2270 1562 sane,
2307 1493 2374 1549 ‘11

216 1571 406 1638 modo
444 1571 536 1638 sic
569 1571 607 1608 '⁸'
639 1583 713 1638 ut
748 1573 803 1638 si
838 1573 979 1658 quis
1014 1573 1284 1640 Phidiae
1320 1573 1595 1662 clipeum
1627 1573 2016 1654 dissolverit,
2060 1576 2275 1643 conlo-

216 1665 480 1731 cationis
533 1664 898 1732 universam
952 1667 1231 1753 speciem
1284 1668 1638 1746 sustulerit,
1698 1691 1828 1734 non
1883 1667 2276 1754 singulorum

214 1781 480 1846 operum
528 1769 957 1839 venustatem3
1010 1770 1083 1824 ut
1114 1760 1185 1825 in
1218 1760 1596 1847 Thucydide
1645 1761 1867 1827 orbem
1907 1760 2099 1827 modo
2134 1784 2274 1828 ora-

156 1901 162 1906 -
214 1853 403 1920 tionis
459 1853 777 1930 desidero,
831 1865 1203 1921 ornamenta
1254 1865 1641 1943 comparent.
1729 1855 1838 1921 isti
1882 1865 2094 1921 autem
2127 1877 2273 1920 cum
2305 1879 2386 1922 aas

216 1947 576 2013 dissolvunt
610 1947 989 2027 orationem,
1043 1948 1112 2013 in
1156 1969 1281 2036 qua
1313 1971 1435 2016 nec
1465 1972 1571 2015 res
1604 1969 1726 2016 nec
1759 1949 2023 2016 verbum
2073 1949 2274 2014 ullum

214 2051 317 2106 est
346 2041 473 2108 nisi
508 2041 849 2121 abiectum,
892 2065 1025 2110 non
1059 2041 1359 2130 clipeum,
1409 2043 1552 2122 sed,
1595 2054 1668 2110 ut
1699 2043 1766 2110 in
1800 2042 2136 2131 proverbio
2173 2053 2274 2108 est

211 2169 303 2185 ·-
336 2135 457 2202 etsi
490 2135 790 2207 humilius
825 2137 1065 2204 dictum
1100 2149 1226 2216 est,
1278 2148 1494 2204 tamen
1529 2138 1732 2205 simile
1766 2149 1868 2206 est
1898 2174 1986 2188 -
2021 2159 2268 2225 scopas,

214 2239 287 2294 ut
318 2229 411 2295 ita
444 2229 678 2309 dicam,
720 2230 891 2301 mihi
933 2231 1227 2298 videntur
1280 2231 1648 2299 dissolvere.
1737 2243 1926 2318 atque
1968 2244 2042 2299 ut
2080 2232 2271 2321 plane

213 2345 418 2411 genus
454 2322 604 2403 hoc,
641 2325 813 2409 quod
848 2348 969 2413 ego
1005 2326 1225 2406 laudo,
1265 2328 1722 2415 contempsisse
1756 2328 2116 2405 videantur,
2163 2338 2274 2393 aut

215 2415 495 2482 scribant
546 2417 784 2501 aliquid
835 2420 939 2483 vel
988 2419 1315 2487 Isocrateo
1367 2442 1545 2488 more
1596 2421 1700 2487 vel
1744 2443 1870 2507 quo
1911 2419 2270 2486 Aeschines

214 2520 327 2576 aut
358 2510 831 2578 Demosthenes
866 2512 1082 2591 utitur,
1121 2522 1257 2580 tum
1289 2512 1434 2580 illos
1470 2514 1846 2582 existimabo
1881 2537 2011 2579 non
2045 2512 2275 2600 despe-

212 2602 455 2670 ratione
507 2603 951 2671 formidavisse
1002 2627 1206 2693 genus
1260 2606 1413 2687 hoc,
1477 2608 1594 2675 sed
1642 2607 1875 2674 iudicio
1925 2605 2269 2693 refugisse3

214 2706 325 2762 aut
355 2697 670 2784 reperiam
719 2697 866 2785 ipsa
898 2698 1124 2765 eadem
1159 2700 1526 2768 condicione
1555 2700 1666 2786 qui
1697 2699 1792 2767 uti
1825 2698 2005 2778 velit,
2057 2709 2132 2764 ut
2163 2708 2274 2763 aut

213 2790 383 2855 dicat
436 2800 546 2855 aut
598 2791 834 2858 scribat
884 2801 1031 2857 utra
1079 2792 1257 2859 voles
1302 2793 1526 2882 lingua
1566 2816 1643 2862 eo
1687 2815 1948 2882 genere,
2003 2814 2129 2877 quo
2179 2790 2274 2855 illi

212 2883 461 2963 volunt3
516 2882 764 2951 facilius
802 2895 902 2951 est
937 2884 1107 2951 enim
1142 2896 1292 2997 apta
1326 2886 1678 2954 dissolvere
1731 2908 1922 2972 quam
1964 2884 2271 2973 dissipata

210 2989 564 3046 conectere.
650 3001 754 3046 res
790 2989 1003 3045 autem
1038 3002 1110 3045 se
1144 2981 1239 3046 sic
1272 2979 1493 3061 habet,
1545 2992 1618 3046 ut
1646 2980 2020 3047 brevissime
2063 2978 2270 3043 dicam
2305 3002 2383 3043 236

209 3072 388 3157 quod
422 3072 654 3140 sentio:
707 3072 1057 3162 composite
1093 3083 1159 3140 et
1192 3085 1339 3162 apte
1375 3073 1513 3141 sine
1549 3074 1876 3141 sententiis
1930 3072 2138 3139 dicere
2172 3069 2271 3137 in-

214 3165 395 3232 sania
429 3178 556 3245 est,
612 3167 998 3235 sententiose
1042 3178 1255 3234 autem
1292 3167 1429 3235 sine
1473 3169 1808 3235 verborum
1843 3176 1910 3232 et
1951 3166 2168 3234 ordine
2204 3175 2269 3231 et

210 3259 403 3325 modo
436 3259 732 3339 infantia,
786 3262 903 3327 sed
944 3261 1079 3328 eius
1114 3261 1287 3329 modi
1322 3271 1536 3327 tamen
1569 3260 1863 3338 infantia,
1914 3270 2013 3339 ut,
2050 3281 2128 3325 ea
2160 3259 2270 3343 qui

210 3360 486 3429 utantur,
522 3373 653 3419 non
686 3354 863 3421 stulti
888 3353 1177 3421 homines
1212 3354 1434 3421 haberi
1464 3355 1733 3441 possint,
1769 3354 1959 3421 etiam
1991 3352 2270 3440 plerum-

170 3514 194 3537 .
210 3466 337 3529 que
370 3444 745 3531 prudentes3
798 3468 925 3531 quo
960 3448 1070 3533 qui
1113 3459 1213 3514 est
1257 3458 1618 3527 contentus,
1669 3458 1910 3514 utatur:
1965 3446 2267 3531 eloquens

210 3562 391 3618 vero,
445 3540 555 3626 qui
603 3563 734 3607 non
786 3542 1276 3631 approbationes
1330 3543 1568 3622 solum,
1633 3544 1749 3611 sed
1801 3542 2266 3620 admirationes,

210 3634 542 3713 clamores,
576 3634 862 3722 plausus,
900 3636 957 3702 si
988 3636 1196 3715 liceat,
1230 3660 1489 3705 movere
1516 3637 1727 3716 debet,
1762 3636 2053 3704 omnibus
2081 3658 2269 3724 opor-

209 3739 303 3794 tet
326 3727 417 3795 ita
440 3728 631 3796 rebus
660 3729 946 3810 excellat,
983 3742 1057 3797 ut
1080 3731 1142 3797 ei
1166 3743 1351 3819 turpe
1378 3732 1462 3799 sit
1489 3732 1825 3818 quicquam
1852 3741 1962 3797 aut
1996 3730 2270 3819 spectari

209 3832 322 3885 aut
356 3821 561 3888 audiri
592 3822 911 3891 libentius.

330 3915 555 3983 Habes
591 3938 805 3983 meum
840 3918 919 3983 de
955 3928 1231 3999 oratore,
1282 3918 1515 3998 Brute,
1567 3918 1896 3985 iudicium:
1952 3916 2122 4003 quod
2157 3927 2266 3982 aut
2298 3942 2378 3984 εει

210 4026 505 4091 sequere,
542 4010 598 4075 si
631 4010 1028 4097 probaveris,
1084 4023 1195 4078 aut
1226 4022 1337 4079 tuo
1375 4012 1602 4091 stabis,
1651 4013 1706 4079 si
1740 4012 1913 4079 aliud
1945 4010 2266 4097 quoddam
