2784 4575
743 292 846 346 DE
881 289 1368 348 INVENTIONE
1405 289 1481 343 11.
1518 288 1747 343 ‘zo-75.
2149 276 2275 345 175

221 424 378 483 ‘non
411 414 688 503 oportuit
722 438 900 479 arma
931 426 997 480 et
1028 412 1483 501 impedimenta
1514 412 1907 495 relinquere!
1989 412 2277 501 depulsio

222 523 347 579 est:
412 509 763 597 ‘oportuit.’
872 509 1160 593 quaestio
1213 517 1342 574 est:
1407 507 1874 593 oportueritne?
1936 506 2095 573 ratio
2148 519 2277 574 est:

220 605 477 671 ‘milites
515 603 686 669 enim
726 624 950 671 omnes
992 602 1348 691 perissent’
1438 600 1774 667 infirmatio
1822 611 1922 666 est
1954 611 2066 665 aut
2103 597 2282 686 [con-

218 697 566 785 iecturalis]
641 704 802 765 ‘non
860 697 1234 785 perissent3’
1307 707 1419 762 aut
1482 692 1710 781 [altera
1778 692 2279 782 coniecturalis]:

221 800 380 859 ‘non
409 794 556 859 ideo
601 792 848 859 fecisti?
941 814 1024 858 ex
1059 791 1288 877 quibus
1321 790 1622 857 iudicatio
1668 800 1793 857 est:
1846 788 2282 877 perissentne?

222 900 314 955 et:
359 888 588 955 ideone
623 888 846 953 fecerit
853 912 873 966 3
930 898 1040 952 aut
1072 888 1232 953 haec
1265 886 1723 975 comparativa,
1770 886 1951 951 cuius
1982 906 2154 950 nunc
2185 884 2283 951 in-

220 984 540 1070 digemus:
605 988 703 1048 ‘at
752 982 922 1047 enim
985 982 1183 1047 satius
1237 981 1358 1047 fuit
1420 981 1707 1049 amittere
1767 980 2029 1059 milites,
2092 1001 2286 1065 quam

223 1100 398 1141 arma
431 1088 498 1142 et
528 1076 984 1163 impedimenta
1017 1077 1368 1142 concedere
1419 1074 1753 1141 hostibus?
1842 1098 1925 1141 ex
1958 1097 2088 1159 qua
2119 1074 2285 1141 iudi-

223 1172 388 1237 catio
441 1170 753 1237 nascitur:
809 1192 956 1236 cum
997 1194 1222 1237 omnes
1264 1170 1530 1257 perituri
1578 1169 1811 1235 milites
1866 1180 2110 1247 essent,
2160 1168 2287 1235 nisi

223 1266 306 1331 ad
340 1266 504 1331 hanc
536 1266 898 1355 pactionem
923 1266 1268 1343 venissent,
1303 1276 1520 1331 utrum
1546 1265 1747 1331 satius
1774 1264 1968 1331 fuerit
2000 1264 2287 1331 amittere

222 1360 486 1440 milites,
523 1384 607 1427 an
643 1362 726 1427 ad
757 1361 925 1427 hanc
957 1360 1318 1449 pactionem
1351 1358 1606 1425 venire?
1658 1357 1781 1424 hoc
1814 1378 2045 1427 causae
2079 1380 2281 1447 genus
2325 1384 2380 1428 ἰι

223 1465 292 1519 et
343 1477 426 1519 ex
477 1455 610 1521 suis
659 1455 818 1520 locis
882 1465 1152 1519 tractare
1214 1454 1531 1541 oportebit
1580 1464 1646 1518 et
1696 1452 1997 1521 adhibere
2046 1464 2287 1523 cetera-

221 1570 366 1615 rum
400 1544 654 1631 quoque
689 1547 1212 1615 constitutionum
1243 1547 1557 1614 rationem
1592 1559 1782 1631 atque
1815 1558 2173 1636 praecepta,
2208 1568 2287 1613 ac

224 1641 502 1708 maxime
547 1640 926 1707 coniecturis
972 1640 1281 1706 faciendis
1325 1642 1645 1706 infirmare
1694 1640 1879 1717 illud,
1936 1641 2107 1725 quod
2142 1662 2289 1707 cum

223 1759 332 1815 ee,
395 1736 570 1820 quod
619 1734 868 1801 crimini
919 1734 1200 1813 dabitur,
1257 1735 1346 1813 ei,
1400 1735 1511 1819 qui
1564 1734 2054 1812 accusabuntur,
2118 1756 2289 1803 com-

223 1831 558 1919 parabunt.
661 1829 732 1895 id
779 1830 919 1907 fiet,
985 1830 1042 1895 si
1095 1840 1206 1894 aut
1254 1829 1349 1908 id,
1414 1830 1586 1913 quod
1648 1830 1861 1895 dicent
1920 1829 2289 1895 defensores

225 1926 511 1991 futurum
545 1924 775 2005 fuisse,
827 1922 954 1989 nisi
986 1924 1056 1989 id
1089 1924 1330 1989 factum
1370 1935 1575 2003 esset,
1631 1924 1711 1989 de
1754 1945 1881 2007 quo
1924 1924 2095 1990 facto
2128 1923 2293 1989 iudi·

223 2020 395 2085 cium
428 2028 554 2097 est,
587 2018 872 2085 futurum
905 2017 1108 2085 fuisse
1143 2018 1481 2106 negabitur
1490 2044 1509 2097 3
1556 2029 1666 2085 aut
1700 2018 1758 2083 si
1790 2017 1917 2083 alia
1946 2017 2191 2088 ratione
2226 2028 2293 2084 et

227 2114 418 2181 aliam
451 2115 536 2181 ob
581 2136 842 2181 causam
878 2135 954 2179 ac
990 2113 1158 2179 dicet
1194 2136 1264 2181 se
1307 2132 1457 2179 reus
1511 2113 1775 2191 fecisse,
1828 2112 2291 2181 demonstrabi-

225 2221 330 2273 tur
375 2230 520 2275 esse
561 2209 820 2275 factum.
909 2208 1048 2275 eius
1091 2209 1185 2275 rei
1238 2208 1629 2274 confirmatio
1676 2219 1741 2273 et
1780 2208 1937 2276 item
1980 2208 2293 2277 contraria

227 2305 310 2366 de
342 2312 522 2388 parte
556 2302 894 2370 infirmatio
927 2326 1010 2370 ex
1045 2304 1455 2370 coniecturali
1490 2303 1939 2370 constitutione
1974 2315 2289 2381 sumetur3

230 2398 333 2462 sin
377 2406 590 2462 autem
633 2409 804 2464 certo
847 2399 1104 2465 nomine
1157 2398 1455 2464 maleficii
1496 2398 1827 2464 vocabitur
1859 2397 1928 2462 in
1968 2397 2290 2475 iudicium,

229 2491 396 2556 sicut
435 2490 505 2556 in
549 2489 668 2556 hac
713 2513 910 2558 causa
948 2528 1038 2540 —-
1079 2514 1230 2556 nam
1282 2491 1635 2556 maiestatis
1689 2492 2029 2556 arcessitur
2060 2525 2149 2540 ——-
2184 2490 2295 2556 de-

227 2585 514 2650 finitione
565 2593 630 2649 et
688 2585 1046 2678 praeceptis
1109 2585 1493 2650 definitionis
1545 2584 1639 2648 uti
1700 2585 2041 2670 oportebit,
2105 2595 2293 2666 atque
2324 2595 2397 2650 25

228 2679 391 2744 haec
443 2677 702 2760 quidem
750 2678 1130 2764 plerumque
1177 2677 1246 2742 in
1287 2678 1412 2743 hoc
1456 2699 1689 2763 genere
1743 2677 2063 2754 accidunt,
2116 2687 2189 2740 ut
2232 2671 2299 2742 et

229 2770 598 2838 coniectura
637 2781 703 2834 et
754 2770 1118 2836 definitione
1169 2770 1480 2836 utendum
1524 2770 1635 2848 sit3
1692 2770 1792 2834 sin
1836 2769 2009 2834 aliud
2043 2790 2296 2854 quoque

227 2864 492 2949 aliquod
523 2886 728 2952 genus
761 2863 1029 2942 incidet,
1083 2863 1219 2930 eius
1255 2863 1510 2952 generis
1546 2874 1889 2951 praecepta
1920 2862 2139 2930 licebit
2170 2863 2297 2930 huc

227 2959 370 3050 pari
393 2957 636 3026 ratione
664 2959 1026 3026 transferre.
1090 2982 1242 3024 nam
1267 2957 1621 3026 accusatori
1645 2958 1921 3024 maxime
1950 2969 2050 3024 est
2082 2958 2149 3026 in
2172 2957 2297 3026 hoc

229 3054 706 3132 elaborandum,
741 3065 814 3119 ut
845 3054 913 3118 id
927 3053 1140 3140 ipsum
1174 3053 1443 3131 factum,
1488 3062 1747 3140 propter
1786 3051 1957 3137 quod
1992 3051 2111 3119 sibi
2144 3075 2293 3118 reus

229 3149 495 3216 concedi
537 3159 720 3237 putet
761 3160 1084 3236 oportere,
1139 3169 1332 3232 quam
1381 3147 1671 3234 plurimis
1724 3147 2001 3214 infirmet
2038 3147 2297 3214 rationi-

228 3247 384 3323 bus,
437 3246 609 3328 quod
653 3245 840 3310 facile
884 3253 1012 3322 est,
1067 3243 1124 3310 si
1167 3265 1360 3328 quam
1403 3243 1695 3330 plurimis
1740 3242 2294 3311 constitutionibus

231 3339 639 3425 adgredietur
680 3339 748 3404 id
788 3341 1175 3426 improbare·
1157 3388 1176 3419 ,
1230 3340 1376 3426 ipsa
1418 3350 1631 3406 autem
1672 3341 2059 3426 comparatio
2113 3362 2298 3427 sepa-
2340 3364 2391 3406 τε

231 3443 378 3498 rata
419 3455 458 3496 a
499 3433 726 3498 ceteris
780 3435 1120 3520 generibus
1175 3434 1751 3502 controversiarum
1804 3434 1899 3500 sic
1940 3457 2023 3500 ex
2074 3457 2193 3500 sua
2234 3433 2298 3498 vi

233 3525 768 3604 considerabitur,
801 3527 861 3592 si
893 3527 1083 3606 illud,
1130 3528 1302 3611 quod
1333 3529 1831 3615 comparabitur,
1876 3538 1987 3594 aut
2020 3551 2151 3594 non
2184 3527 2300 3592 ho·-

231 3631 494 3688 nestum
527 3631 636 3686 aut
668 3643 798 3686 non
831 3621 986 3688 utile
1023 3631 1133 3686 aut
1165 3645 1298 3689 non
1329 3623 1761 3690 necessarium
1788 3622 1988 3688 fuisse
2024 3632 2136 3686 aut
2168 3643 2300 3686 non

234 3727 414 3784 tante
450 3735 644 3803 opere
675 3715 832 3781 utile
867 3726 979 3782 aut
1013 3738 1142 3781 non
1187 3727 1362 3784 tanto
1406 3739 1599 3804 opere
1642 3716 1984 3784 honestum
2028 3724 2139 3781 aut
2168 3736 2300 3779 non

234 3821 414 3877 tanto
449 3832 642 3898 opere
676 3809 1110 3876 necessarium
1153 3810 1714 3890 demonstrabitur3
1770 3809 1997 3875 deinde
2052 3817 2299 3894 oportet

233 3914 672 3971 accusatorem
706 3904 892 3982 illud,
930 3904 1102 3988 quod
1135 3903 1276 3990 ipse
1312 3915 1566 3992 arguat,
1605 3904 1685 3969 ab
1722 3925 1827 3980 eo,
1873 3902 2045 3985 quod
2078 3900 2300 3969 defen-

235 4021 348 4065 sor
381 4009 733 4084 comparat,
772 4019 1099 4087 separare3
1135 3998 1204 4064 id
1239 4009 1451 4066 autem
1486 3998 1705 4075 faciet,
1751 3997 1809 4062 si
1842 3995 2300 4065 demonstrabit

232 4116 370 4162 non
401 4093 494 4158 ita
524 4094 662 4160 fieri
707 4095 910 4163 solere
944 4115 1150 4180 neque
1196 4106 1489 4183 oportere
1530 4109 1737 4176 neque
1782 4113 1925 4160 esse
1965 4091 2297 4170 rationem,
