2784 4575
496 272 627 341 362
1107 281 1189 339 M.
1229 279 1503 338 TULLII
1539 278 1943 338 CICERONIS

498 409 568 475 in
622 405 903 494 corporis
958 415 1075 470 aut
1126 403 1194 470 in
1245 404 1538 470 fortunae
1597 403 1782 470 bonis
1843 403 2227 490 expetenda3
2293 426 2600 490 quorum

502 502 629 568 alia
662 511 812 568 sunt
847 499 1030 585 quasi
1064 499 1339 586 quodam
1372 500 1567 568 modo
1617 519 1764 564 cum
1813 498 2147 565 honestate
2199 500 2600 580 coniuncta,

498 607 573 663 ut
605 595 840 672 honos,
874 604 947 658 ut
979 593 1211 680 gloria3
1265 592 1391 658 alia
1426 592 1707 670 diversa,
1758 602 1834 657 ut
1865 592 2063 671 vires,
2107 593 2344 674 forma,
2399 597 2604 662 vale-

392 685 465 742 25
500 687 686 769 tudo,
728 685 1058 765 nobilitas,
1112 685 1398 764 divitiae,
1449 685 1798 752 clientelae.
1887 698 1989 752 est
2019 687 2212 754 etiam
2245 691 2598 772 quaedam

404 759 686 872 ”quasi
717 781 1013 847 materies
1068 780 1353 846 subiecta
1393 779 1740 860 honestati,
1793 803 1958 865 quae
1989 781 2268 848 maxime
2313 795 2598 870 specta-

500 893 602 945 tur
642 878 713 944 in
760 874 1079 954 amicitiis3
1134 873 1446 940 amicitiae
1498 884 1712 940 autem
1765 875 2024 940 caritate
2059 885 2124 942 et
2163 897 2394 943 amore
2445 901 2596 945 cer-

498 983 735 1039 nuntur
742 996 762 1050 3
815 993 966 1036 nam
1000 991 1147 1034 cum
1180 969 1444 1034 deorum
1477 979 1615 1034 tum
1655 979 1990 1055 parentum
2023 969 2402 1056 patriaeque
2445 975 2593 1038 cul-

500 1081 604 1135 tus
659 1087 1005 1150 eorumque
1054 1063 1411 1142 hominum,
1475 1063 1584 1147 qui
1635 1074 1748 1128 aut
1807 1063 2120 1150 sapientia
2169 1075 2282 1130 aut
2333 1068 2592 1153 opibus

502 1161 847 1240 excellunt,
903 1159 987 1225 ad
1021 1159 1347 1225 caritatem
1387 1159 1608 1224 referri
1647 1159 1836 1238 solet3
1891 1159 2194 1245 coniuges
2245 1171 2479 1227 autem
2515 1177 2586 1228 et

499 1258 685 1324 liberi
736 1268 801 1323 et
850 1257 1079 1321 fratres
1125 1267 1190 1321 et
1233 1254 1366 1332 alii,
1419 1275 1582 1337 quos
1625 1276 1782 1319 usus
1833 1253 2358 1338 familiaritasque
2417 1279 2586 1322 con-

502 1351 735 1429 iunxit,
774 1370 1157 1434 quamquam
1192 1348 1383 1414 etiam
1417 1347 1678 1413 caritate
1711 1347 1882 1434 ipsa,
1927 1357 2140 1413 tamen
2175 1371 2396 1416 amore
2433 1373 2578 1416 ma-

500 1444 672 1511 xime
725 1443 1143 1510 continentur.
1230 1443 1299 1507 in
1351 1441 1454 1506 his
1505 1441 1700 1527 igitur
1747 1443 1938 1506 rebus
1994 1462 2138 1506 cum
2189 1443 2384 1508 bona
2419 1445 2576 1524 sint,

404 1559 456 1600 se
501 1537 689 1604 facile
724 1547 825 1604 est
864 1535 1187 1601 intellectu
1230 1557 1393 1620 quae
1438 1535 1566 1600 sint
1617 1534 1947 1602 contraria.
2037 1535 2266 1618 quodsi
2309 1559 2578 1626 semper

503 1630 741 1719 optima
793 1642 1007 1696 tenere
1058 1653 1424 1716 possemus,
1488 1629 1663 1694 haud
1713 1647 1896 1708 sane,
1951 1629 2250 1713 quoniam
2301 1631 2572 1714 quidem

502 1749 579 1792 ea
612 1725 949 1814 perspicua
984 1736 1159 1803 sunt,
1214 1724 1478 1790 consilio
1520 1722 1792 1789 multum
1834 1745 2198 1810 egeremus:
2251 1725 2367 1790 sed
2409 1728 2574 1810 quia

501 1820 911 1907 temporibus,
948 1841 1111 1905 quae
1146 1819 1276 1883 vim
1311 1818 1551 1884 habent
1583 1817 1944 1896 maximam,
1979 1840 2286 1906 persaepe
2322 1821 2565 1899 evenit,

500 1926 573 1979 ut
602 1913 841 1979 utilitas
879 1935 1025 1978 cum
1059 1912 1389 1978 honestate
1435 1922 1648 1990 certet,
1685 1933 2028 1996 earumque
2053 1934 2261 1977 rerum
2297 1924 2569 1980 conten-

500 2007 589 2072 tio
638 2008 1009 2094 plerumque
1071 2005 1558 2071 deliberationes
1612 2005 1835 2083 efficit,
1897 2027 1980 2070 ne
2033 2017 2143 2070 aut
2199 2018 2564 2092 opportuna

500 2111 759 2186 propter
792 2100 1166 2185 dignitatem
1212 2110 1321 2163 aut
1372 2099 1644 2164 honesta
1691 2109 1949 2186 propter
1999 2100 2316 2168 utilitatem
2347 2099 2561 2165 relin-

500 2204 800 2276 quantur,
864 2193 947 2256 ad
998 2191 1164 2257 hanc
1226 2192 1666 2258 difficultatem
1719 2194 2157 2282 explicandam
2209 2207 2564 2281 praecepta

403 2308 457 2349 oo
499 2286 870 2353 referamus.
976 2297 1041 2353 et
1093 2287 1393 2372 quoniam
1445 2312 1575 2355 non
1627 2289 1712 2353 ad
1761 2287 2092 2355 veritatem
2145 2290 2376 2367 solum,
2441 2292 2564 2355 sed

499 2380 689 2446 etiam
726 2381 810 2446 ad
844 2380 1176 2468 opiniones
1214 2404 1464 2461 eorum,
1519 2382 1627 2466 qui
1672 2382 1961 2461 audiunt,
2017 2384 2564 2449 adcommodanda

499 2486 599 2541 est
632 2474 860 2553 oratio,
907 2474 1029 2541 hoc
1060 2476 1337 2562 primum
1368 2477 1844 2563 intellegamus,
1889 2477 2216 2543 hominum
2253 2500 2396 2543 esse
2432 2478 2564 2543 duo

499 2592 755 2657 genera,
792 2568 1059 2635 alterum
1082 2570 1408 2636 indoctum
1433 2582 1499 2637 et
1533 2582 1803 2657 agreste,
1839 2570 2010 2655 quod
2047 2566 2370 2636 anteferat·
2395 2594 2560 2637 sem-

496 2686 613 2751 per
645 2664 980 2729 utilitatem
1032 2664 1376 2741 honestati,
1441 2665 1706 2729 alterum
1758 2664 2104 2729 humanum
2155 2676 2222 2729 et
2271 2664 2564 2751 politum,

500 2758 672 2841 quod
703 2758 896 2822 rebus
952 2757 1244 2823 omnibus
1300 2758 1675 2844 dignitatem
1721 2769 2096 2845 anteponat:
2148 2757 2366 2842 itaque
2396 2758 2562 2823 -huic

498 2852 717 2939 generi
750 2852 920 2929 laus,
973 2852 1206 2931 honos,
1260 2851 1492 2939 gloria,
1543 2853 1735 2931 fides,
1787 2851 2030 2919 iustitia
2063 2854 2398 2937 omnisque
2433 2854 2566 2918 vir-

498 2956 629 3024 tus,
682 2944 776 3010 illi
811 2956 1023 3011 autem
1059 2946 1237 3011 alteri
1270 2956 1605 3031 quaestus,
1660 2947 2153 3013 emolumentum
2187 2948 2562 3031 fructusque

496 3039 896 3149 proponitur3
951 3051 1139 3125 atque
1176 3040 1365 3106 etiam
1401 3041 1722 3127 voluptas,
1777 3063 1940 3124 quae
1975 3042 2252 3107 maxime
2305 3052 2406 3107 est
2439 3042 2564 3106 ini-

496 3134 663 3198 mica
713 3133 928 3198 virtuti
978 3134 1253 3218 bonique
1313 3144 1604 3200 naturam
1653 3134 1964 3201 fallaciter
2011 3134 2317 3202 imitando
2381 3136 2564 3201 adul-

496 3238 686 3306 terat,
759 3248 949 3312 quam
1000 3228 1496 3294 immanissimus
1560 3230 1826 3313 quisque
1889 3230 2190 3295 acerrime
2252 3230 2560 3315 sequitur,

497 3344 704 3407 neque
742 3322 947 3389 solum
981 3321 1265 3388 honestis
1300 3322 1524 3400 rebus,
1580 3324 1696 3389 sed
1731 3323 1922 3388 etiam
1965 3322 2342 3389 necessariis
2381 3334 2560 3388 ante-

498 3417 707 3503 ponit,
762 3416 829 3481 in
866 3415 1221 3494 suadendo,
1276 3437 1422 3482 cum
1457 3416 1517 3483 ei
1570 3416 1790 3503 generi
1841 3416 2170 3482 hominum
2223 3416 2560 3482 consilium

392 3516 463 3569 26
499 3509 643 3589 des,
698 3533 891 3597 saepe
948 3532 1101 3577 sane
1152 3510 1474 3577 laudanda
1523 3523 1642 3577 est.
1739 3523 1804 3577 et
1851 3512 2012 3578 illud
2061 3510 2406 3577 videndum
2457 3522 2560 3577 est

398 3586 451 3628 ⁹¹
499 3614 733 3689 quanto
784 3605 990 3691 magis
1042 3605 1332 3671 homines
1392 3605 1563 3671 mala
1613 3604 1890 3693 fugiant,
1957 3628 2150 3690 quam
2209 3616 2560 3689 sequantur

493 3698 665 3765 bona
673 3723 693 3776 3
747 3721 897 3765 nam
948 3720 1154 3783 neque
1206 3699 1478 3765 honesta
1529 3711 1661 3765 tam
1697 3710 2003 3787 expetunt
2037 3721 2227 3784 quam
2271 3698 2556 3764 devitant

496 3792 723 3879 turpia.
812 3792 951 3877 quis
989 3794 1157 3859 enim
1192 3794 1524 3871 honorem,
1579 3794 1721 3878 quis
1757 3794 2054 3881 gloriam,
2089 3792 2240 3877 τ(Ῑιιίε
2276 3791 2556 3869 laudem,

495 3886 637 3968 quis
671 3886 873 3951 ullum
909 3887 1103 3955 decus
1138 3899 1271 3953 tam
1322 3910 1626 3973 umquam
1669 3888 2001 3975 expetivit,
2053 3908 2247 3972 quam
2278 3885 2556 3973 ignomi-

494 3979 694 4055 niam,
746 3979 1102 4060 infamiam,
1158 3982 1631 4061 contumeliam,
1687 3983 1964 4047 dedecus
2015 3981 2220 4069 fugit?
2280 4002 2552 4064 quarum

492 4088 704 4131 rerum
776 4072 955 4137 dolor
990 4084 1089 4138 est
1138 4074 1353 4159 gravis
1407 4076 1588 4139 testis
1623 4095 1826 4161 genus
1871 4075 2198 4141 hominum
2235 4075 2317 4139 ad
2349 4073 2553 4139 hone-
