2784 4575
822 323 926 378 DE
965 319 1330 378 ORATORE
1365 321 1415 377 Ι.
1449 321 1753 377 192-199.
2225 310 2311 376 41

239 459 578 532 tamquam
611 444 901 510 nidulum
943 445 1219 510 adfixam
1263 442 1769 531 sapientissimus
1804 445 1902 510 vir
1942 445 2315 512 immortali-

242 542 368 608 tati
405 549 844 626 anteponeret,
900 560 1026 622 quo
1063 560 1276 604 amore
1311 538 1569 604 tandem
1617 537 1989 604 inflammati
2023 561 2166 605 esse
2202 539 2315 606 de-

242 637 480 701 bemus
513 633 584 698 in
616 633 758 699 eius
791 632 967 698 modi
998 631 1296 719 patriam,
1341 653 1505 716 quae
1538 653 1667 698 una
1697 632 1767 706 in
1800 632 2093 698 omnibus
2130 633 2315 699 terris

249 730 484 796 domus
521 737 622 794 est
654 725 938 805 virtutis,
972 725 1238 812 imperii,
1277 724 1642 814 dignitatis?
1676 724 1855 791 cuius
1889 726 2167 813 primum
2198 750 2314 793 no-

248 823 360 890 bis
393 846 606 900 mens,
658 845 831 900 mos,
887 821 1224 908 disciplina
1253 833 1409 888 nota
1442 843 1587 887 esse
1622 820 1841 900 debet,
1895 822 1999 887 vel
2034 822 2183 907 quia
2216 833 2316 888 est

251 917 466 1005 patria
497 939 730 1004 parens
783 914 1068 982 omnium
1101 925 1388 982 nostrum
1440 914 1545 981 vel
1578 915 1728 1000 quia
1778 925 1955 981 tanta
2006 916 2317 1004 sapientia

252 1013 464 1078 fuisse
498 1012 567 1075 in
599 1009 735 1075 iure
788 1009 1230 1076 constituendo
1279 1009 1568 1096 putanda
1618 1019 1746 1088 est,
1800 1020 2038 1094 quanta
2086 1009 2210 1075 fuit
2246 1009 2317 1075 in

257 1103 367 1168 his
402 1103 594 1168 tantis
629 1103 853 1190 opibus
887 1097 1137 1192 imperii
1171 1102 1632 1190 comparandis.
1719 1103 2080 1191 percipietis
2126 1103 2317 1170 etiam
2350 1137 2427 1178 19?

255 1196 439 1262 illam
475 1217 556 1260 ex
601 1196 958 1283 cognitione
1007 1196 1162 1262 iuris
1215 1195 1522 1262 laetitiam
1556 1208 1621 1263 et
1653 1197 2071 1284 voluptatem,
2126 1199 2315 1282 quod,

257 1301 570 1376 quantum
618 1289 1050 1377 praestiterint
1099 1290 1300 1357 nostri
1359 1291 1633 1358 maiores
1691 1292 2029 1378 prudentia
2090 1292 2315 1360 ceteris

257 1383 586 1470 gentibus,
623 1393 758 1449 tum
791 1383 1092 1449 facillime
1123 1383 1537 1470 intellegetis,
1592 1385 1648 1451 si
1682 1405 1829 1450 cum
1861 1386 2115 1453 illorum
2152 1385 2319 1473 [Ly-

256 1499 459 1564 curgo
493 1487 560 1543 et
591 1476 892 1544 Dracone
927 1488 992 1544 et
1028 1475 1294 1566 Solone]
1348 1489 1601 1544 nostras
1652 1479 1831 1566 leges
1884 1481 2171 1548 conferre
2204 1504 2318 1546 vo-

171 1629 178 1632 .
253 1571 529 1649 lueritis3
583 1571 952 1638 incredibile
995 1582 1096 1638 est
1147 1571 1344 1650 enim,
1401 1594 1594 1657 quam
1636 1573 1721 1638 sit
1754 1597 1940 1639 omne
1973 1575 2075 1642 ius
2132 1575 2317 1642 civile

253 1676 508 1754 praeter
542 1665 665 1732 hoc
697 1677 988 1732 nostrum
1021 1666 1419 1733 inconditum
1462 1688 1537 1732 ac
1571 1690 1775 1754 paene
1817 1669 2183 1748 ridiculum3
2238 1670 2319 1734 de

259 1783 388 1846 quo
421 1759 620 1826 multa
654 1760 832 1827 soleo
864 1761 933 1827 in
967 1760 1366 1827 sermonibus
1404 1761 1734 1828 cotidianis
1760 1762 1988 1841 dicere,
2025 1784 2171 1828 cum
2204 1763 2321 1828 ho-

259 1853 505 1918 minum
538 1865 899 1921 nostrorum
932 1854 1334 1942 prudentiam
1369 1855 1599 1920 ceteris
1625 1856 1917 1922 omnibus
1955 1867 2022 1922 et
2044 1855 2319 1922 maxime

264 1945 530 2014 Graecis
565 1959 902 2036 antepono.
988 1948 1088 2014 his
1125 1971 1247 2036 ego
1282 1948 1363 2014 de
1398 1949 1609 2015 causis
1644 1949 1947 2028 dixeram,
1986 1948 2317 2028 Scaevola,

262 2041 384 2120 eis,
421 2041 531 2126 qui
562 2042 832 2130 perfecti
865 2052 1148 2109 oratores
1185 2065 1330 2109 esse
1364 2043 1629 2122 vellent,
1673 2043 1828 2109 iuris
1864 2043 2066 2110 civilis
2102 2043 2319 2130 cogni-

262 2135 500 2201 tionem
535 2157 680 2202 esse
712 2136 1160 2202 necessariam.

381 2229 526 2295 Iam
556 2250 708 2297 vero
759 2229 904 2317 ipsa
943 2251 1060 2317 per
1097 2251 1240 2297 sese
1292 2240 1599 2316 quantum
1650 2231 1899 2298 adferat
1942 2230 2063 2311 eis,
2116 2231 2225 2317 qui
2260 2233 2319 2301 ei
2352 2231 2426 2286 45

262 2333 596 2409 praesunt,
629 2322 914 2400 honoris,
953 2324 1224 2410 gratiae,
1277 2325 1633 2411 dignitatis,
1686 2324 1829 2410 quis
1865 2325 2154 2412 ignorat?
2203 2305 2405 2393 ita-²⁹

265 2437 423 2501 que,
477 2426 550 2481 ut
583 2416 754 2503 apud
787 2416 1070 2485 Graecos
1104 2417 1306 2483 infimi
1337 2418 1627 2485 homines
1660 2419 2025 2485 mercedula
2066 2420 2323 2486 adducti

262 2510 586 2577 ministros
624 2532 694 2577 se
727 2512 1086 2597 praebent
1066 2536 1136 2576 m
1168 2511 1417 2577 iudiciis
1454 2513 1828 2590 oratoribus,
1865 2514 1952 2592 ei,
2008 2513 2117 2598 qui
2152 2514 2324 2598 apud

262 2604 406 2670 illos
458 2607 908 2693 πραγματικοὶ
960 2620 1294 2685 vocantur,
1350 2606 1445 2671 sic
1485 2606 1555 2672 in
1604 2619 1824 2673 nostra
1875 2607 2129 2675 civitate
2172 2628 2323 2672 con-

263 2711 366 2764 tra
397 2700 822 2785 amplissimus
875 2701 1145 2785 quisque
1191 2710 1256 2765 et
1290 2700 1679 2767 clarissimus
1732 2701 1857 2779 vir,
1909 2712 1984 2766 ut
2022 2701 2161 2777 ille,
2214 2701 2322 2783 qui

263 2805 522 2879 propter
548 2794 712 2860 hanc
734 2794 890 2861 iuris
917 2795 1120 2861 civilis
1150 2794 1479 2861 scientiam
1508 2795 1601 2862 sic
1624 2794 1979 2882 appellatus
2008 2816 2047 2858 a
2074 2815 2323 2859 summo

263 2893 460 2975 poeta
493 2898 620 2955 est:

441 2981 694 3070 egregie
730 2984 1026 3051 cordatus
1062 2984 1282 3063 home,
1321 2994 1502 3050 catus
1535 2982 1750 3050 Aeliu’
1790 2979 2049 3062 Sextus,

263 3075 571 3161 multique
604 3089 960 3164 praeterea,
1005 3078 1142 3163 qui,
1197 3100 1342 3143 cum
1375 3078 1635 3166 ingenio
1670 3075 1795 3143 sibi
1828 3086 2083 3142 auctore
2118 3076 2324 3163 digni-

265 3180 462 3235 tatem
511 3172 937 3258 peperissent,
989 3174 1422 3260 perfecerunt,
1475 3183 1549 3239 ut
1587 3172 1657 3237 in
1696 3171 2141 3258 respondendo
2190 3170 2325 3237 iure

265 3264 638 3330 auctoritate
669 3265 816 3355 plus
852 3266 1046 3331 etiam
1098 3288 1292 3351 quam
1345 3268 1489 3355 ipso
1538 3264 1797 3353 ingenio
1831 3264 2133 3331 valerent.
2223 3287 2323 3330 se-
2360 3288 2440 3331 199

264 3357 508 3421 nectuti
540 3379 692 3425 vero
729 3358 1144 3427 celebrandae
1177 3371 1245 3427 et
1277 3360 1596 3427 ornandae
1640 3358 1814 3444 quod
1847 3359 2173 3425 honestius
2208 3381 2324 3445 po-

264 3460 394 3515 test
427 3472 573 3518 esse
625 3452 1017 3540 perfugium,
1071 3476 1266 3538 quam
1305 3454 1461 3519 iuris
1510 3452 1985 3539 interpretatio?
2035 3450 2329 3536 equidem

263 3544 424 3609 mihi
459 3545 582 3611 hoc
617 3547 972 3613 subsidium
1003 3548 1134 3613 iam
1169 3549 1320 3614 inde
1355 3550 1438 3614 ab
1472 3547 1905 3614 adulescentia
1946 3544 2325 3631 comparavi,

263 3660 396 3704 non
443 3640 654 3705 solum
705 3641 790 3705 ad
841 3662 1177 3709 causarum
1213 3664 1401 3709 usum
1450 3642 1800 3719 forensem,
1855 3640 1971 3705 sed
2022 3638 2212 3704 etiam
2244 3639 2329 3703 ad

265 3730 464 3798 decus
511 3744 702 3819 atque
747 3746 1189 3803 ornamentum
1225 3736 1597 3814 senectutis,
1647 3746 1749 3813 ut,
1803 3755 1948 3799 cum
1989 3755 2095 3798 me
2134 3730 2358 3815 vitea,

268 3826 442 3908 quod
475 3826 610 3893 fere
644 3828 773 3909 iam
807 3840 1059 3916 tempus
1098 3830 1426 3909 adventat,
1464 3830 1733 3897 deficere
1768 3825 2153 3914 coepissent,
2203 3824 2329 3889 ista

269 3918 354 3983 ab
390 3920 728 3990 solitudine
765 3924 1026 3990 domum
1079 3946 1286 3990 meam
1335 3924 1745 3991 vindicarem.
1832 3919 1986 4005 quid
2019 3928 2119 3984 est
2160 3916 2331 3983 enim

263 4012 686 4100 praeclarius,
741 4038 936 4103 quam
986 4017 1332 4085 honoribus
1378 4030 1446 4083 et
1484 4017 1579 4083 rei
1620 4014 1912 4104 publicae
1962 4012 2327 4079 muneribus

259 4108 674 4196 perfunctum
708 4133 926 4178 senem
959 4134 1154 4199 posse
1189 4134 1304 4178 suo
1330 4111 1467 4177 iure
1494 4110 1703 4177 dicere
1735 4109 1926 4185 idem,
1962 4107 2132 4193 quod
2160 4104 2331 4192 apud
