2784 4575
543 187 675 254 352
1000 159 1003 166 ’
1152 197 1229 252 Μ.
1269 197 1545 254 TULLII
1579 195 1980 254 oms-Roms

548 320 844 408 quoniam
879 321 959 386 de
993 319 1265 408 propriis
1312 320 1512 386 oritur
1553 319 1924 406 plerumque
1976 343 2212 407 magna
2265 319 2642 400 dissensiO,

546 415 972 481 definiendum
1006 437 1199 502 saepe
1234 423 1333 480 est
1366 437 1451 480 ex
1485 414 1832 494 contrariis,
1869 436 2064 502 saepe
2091 414 2278 480 etiam
2308 437 2394 480 ex
2421 416 2643 482 dissi-

541 508 831 586 milibus,
886 531 1078 594 saepe
1132 531 1217 573 ex
1246 507 1540 594 paribus3
1597 531 1786 594 quam
1837 508 1922 575 ob
1955 531 2092 573 rem
2145 507 2636 596 descriptiones

545 624 796 688 quoque
842 612 990 668 sunt
1036 601 1106 667 in
1148 601 1273 666 hoc
1323 623 1558 689 genere
1613 624 1804 689 saepe
1855 611 2043 689 aptae
2096 612 2160 667 et
2213 605 2636 670 enumeratio

544 695 1086 782 consequentium,
1113 695 1179 760 in
1194 694 1544 782 primisque
1571 705 1928 763 commovet
1946 694 2282 783 explicatio
2307 697 2634 764 vocabuli

544 813 619 858 ac
652 791 948 857 nominis.

444 913 497 952 42
667 883 747 952 C.
781 885 859 951 F.
900 881 1069 949 Sunt
1102 883 1393 970 exposita
1425 883 1554 948 iam
1587 883 1722 949 fere
1758 906 1854 961 ea,
1891 905 2054 968 quae
2089 883 2168 950 de
2201 882 2376 948 facto
2414 905 2630 968 quae-

544 1001 667 1065 que
720 979 799 1044 de
851 979 1005 1044 facti
1055 978 1476 1064 appellatione
1531 989 1945 1062 quaeruntur:
1998 999 2228 1064 nempe
2277 976 2482 1064 igitur
2545 1002 2627 1044 ea

542 1083 815 1151 restant,
870 1095 1061 1157 quae,
1117 1093 1261 1136 cum
1296 1083 1363 1138 et
1394 1071 1638 1138 factum
1679 1081 1928 1138 constat
1961 1080 2026 1136 et
2075 1093 2338 1149 nomen,
2395 1073 2624 1156 qualia

544 1167 699 1246 sint,
745 1177 1007 1234 vocatur
1040 1166 1108 1232 in
1142 1167 1424 1232 dubium.
1516 1163 1594 1232 C.
1629 1165 1708 1231 P.
1747 1177 1847 1232 est
1877 1165 1996 1244 ita,
2031 1176 2104 1231 ut
2138 1165 2318 1231 dicis.
2411 1164 2498 1234 C.
2535 1167 2618 1234 F.

544 1284 707 1346 quae
762 1273 911 1327 sunt
961 1260 1157 1347 igitur
1208 1261 1277 1326 in
1329 1283 1406 1326 εο
1459 1283 1692 1346 genere
1743 1262 1995 1348 partes?
2057 1257 2136 1326 C.
2179 1259 2260 1327 P.
2307 1270 2420 1326 aut
2469 1261 2618 1326 iure

542 1357 783 1421 factum
819 1354 1178 1442 depellendi
1212 1365 1322 1420 aut
1355 1353 1704 1420 ulciscendi
1757 1353 1992 1420 doloris
2045 1353 2250 1440 gratia
2294 1350 2440 1440 [aut
2469 1355 2616 1442 pie-

540 1447 720 1536 tatis]
761 1459 871 1514 aut
901 1449 1243 1536 pudicitiae
1280 1459 1391 1514 aut
1421 1447 1744 1534 religionis
1782 1459 1892 1514 aut
1923 1448 2166 1536 patriae
2198 1448 2460 1517 nomine
2501 1461 2613 1514 aut

448 1572 500 1613 43
545 1543 816 1627 denique
866 1543 1272 1620 necessitate,
1326 1541 1688 1620 inscientia,
1743 1564 1918 1608 casu.
2005 1565 2155 1608 nam
2206 1564 2370 1627 quae
2423 1555 2614 1609 motu

542 1636 736 1702 animi
772 1647 835 1702 et
867 1636 1335 1724 perturbatione
1371 1637 1542 1702 facta
1577 1636 1714 1702 sine
1755 1635 1998 1702 ratione
2035 1647 2211 1714 sunt,
2265 1659 2344 1703 ea
2377 1637 2610 1702 defen-

541 1731 789 1796 sionem
838 1741 1061 1796 contra
1110 1730 1347 1796 crimen
1398 1730 1466 1794 in
1515 1730 1814 1816 legitimis
1866 1729 2114 1795 iudiciis
2157 1752 2288 1797 non
2340 1730 2606 1810 habent,

539 1825 608 1889 in
652 1824 867 1890 liberis
922 1824 1483 1912 disceptationibus
1537 1825 1772 1891 habere
1824 1835 2114 1911 possunt.
2202 1823 2322 1890 hoc
2371 1825 2442 1890 in
2485 1850 2605 1912 ge-

538 1941 720 1996 nere,
764 1918 833 1982 in
868 1941 993 2002 quo
1028 1919 1213 2002 quale
1250 1916 1334 1982 sit
1367 1918 1716 2001 quaeritur,
1773 1915 1884 2003 [ex
1921 1916 2401 2003 controversia‚]
2456 1920 2605 1984 iure

540 2021 605 2078 et
636 2023 809 2076 recte
844 2033 1043 2076 necne
1080 2023 1289 2076 actum
1328 2011 1413 2076 sit
1447 2012 1664 2096 quaeri
1699 2013 1890 2091 solet3
1945 2035 2208 2096 quorum
2241 2012 2597 2096 disputatio

540 2127 622 2170 ex
656 2104 940 2170 locorum
976 2104 1398 2192 descriptione
1437 2107 1748 2172 sumenda
1783 2116 1901 2174 est.

444 2227 498 2265 44
664 2196 742 2263 O.
776 2197 855 2263 F.
889 2198 1133 2284 Agesis
1170 2222 1323 2286 ergo
1336 2248 1355 2276 ,
1393 2199 1690 2283 quoniam
1725 2201 1791 2264 in
1826 2199 2358 2265 confirmationem
2392 2208 2460 2264 et
2492 2222 2602 2264 re-

538 2292 1028 2381 prehensionem
1052 2294 1359 2361 diviseras
1390 2296 1688 2361 orationis
1715 2296 1908 2361 fidem
1933 2306 1998 2361 et
2022 2296 2258 2360 dictum
2285 2295 2365 2359 de
2395 2294 2596 2361 altero

539 2396 669 2467 est,
724 2408 972 2473 expone
1022 2409 1193 2453 nunc
1248 2388 1327 2453 de
1381 2389 1920 2476 reprehendendo.
2013 2388 2092 2457 C.
2127 2391 2202 2454 P.
2249 2400 2358 2455 aut
2392 2400 2595 2454 totum

540 2491 641 2547 est
708 2482 1103 2568 negandum,
1176 2483 1347 2566 quod
1423 2483 1490 2548 in
1569 2484 2114 2569 argumentatione
2194 2482 2594 2549 adversarius

540 2575 907 2661 sumpserit,
962 2576 1018 2641 si
1050 2576 1267 2641 fictum
1321 2586 1430 2641 aut
1465 2576 1700 2641 falsum
1735 2600 1878 2643 esse
1929 2576 2142 2663 possis
2179 2577 2432 2654 docere,
2485 2588 2596 2640 aut

536 2669 977 2755 redarguenda
1010 2692 1115 2748 ea,
1172 2692 1333 2754 quae
1386 2693 1503 2757 pro
1558 2671 1693 2737 veri
1745 2671 2055 2737 similibus
2111 2681 2366 2757 sumpta
2417 2684 2593 2735 sunt:

536 2762 811 2849 primum
838 2764 1030 2829 dubia
1058 2774 1309 2851 sumpta
1336 2784 1480 2830 esse
1505 2788 1622 2851 pro
1651 2766 1836 2831 certis
1849 2791 1873 2844 3⁴
1899 2764 2127 2831 deinde
2155 2765 2346 2831 etiam
2369 2764 2434 2828 in
2449 2788 2593 2851 per-

538 2855 755 2942 spicue
783 2856 963 2921 falsis
993 2859 1215 2923 eadem
1241 2881 1436 2945 posse
1463 2858 1588 2924 dici
1594 2884 1615 2938 3
1647 2870 1782 2927 tum
1801 2882 1882 2925 ex
1899 2859 2014 2937 eis,
2041 2881 2204 2943 quae
2235 2860 2591 2944 sumpserit,

535 2970 665 3013 non
702 2948 868 3015 effici
902 2952 1075 3035 quod
1107 2952 1279 3017 velit.
1334 2951 1618 3019 accidere
1655 2964 1866 3019 autem
1901 2964 2151 3039 oportet
2186 2953 2464 3039 singula3
2505 2953 2589 3017 sic

536 3041 837 3109 universa
862 3044 1251 3132 frangentur.
1308 3048 1862 3113 commemoranda
1887 3058 2034 3112 sunt
2062 3047 2254 3113 etiam
2281 3046 2588 3133 exempla,

538 3136 766 3218 quibus
822 3138 1012 3203 simili
1046 3139 1114 3203 in
1150 3138 1576 3226 disputatione
1613 3141 1922 3207 creditum
1974 3163 2104 3207 non
2137 3152 2262 3219 est3
2319 3162 2587 3224 conque·
2676 3152 2678 3203 ζ

536 3229 736 3319 reuda
782 3232 1067 3297 condicio
1110 3233 1464 3301 communis
1515 3233 1805 3320 periculi,
1861 3235 1918 3299 si
1949 3234 2222 3321 ingeniis
2266 3234 2588 3301 hominum

537 3322 1017 3391 criminosorum
1053 3324 1137 3392 sit
1171 3326 1464 3414 exposita
1495 3328 1629 3394 vita
1657 3327 2111 3397 innocentium.

432 3410 499 3463 13
658 3415 737 3485 G.
790 3420 867 3487 F.
923 3418 1244 3503 Quoniam
1302 3422 1472 3489 unde
1531 3422 1964 3502 inveniuntur,
2043 3444 2206 3506 quae
2268 3412 2352 3487 a'd
2399 3422 2586 3488 fidem

438 3482 491 3522 ὦ
533 3512 876 3598 pertinent,
930 3514 1165 3593 haben,
1219 3538 1410 3601 quem
1463 3517 1546 3582 ad
1596 3518 1857 3583 modum
1907 3518 1977 3583 in
2020 3516 2288 3583 dicendo
2341 3516 2586 3603 singula

535 3614 880 3672 tractentur
934 3621 1255 3697 exspecto.
1356 3609 1436 3677 O.
1487 3610 1568 3677 P.
1623 3611 2236 3699 argumentationem
2287 3632 2584 3695 quaerere

532 3698 798 3778 videris,
854 3723 1017 3785 quae
1053 3714 1154 3768 est
1190 3703 1548 3791 argumenti
1599 3705 1967 3793 explicati03
2023 3726 2186 3789 quae
2222 3714 2472 3791 sumpta
2505 3727 2584 3768 ex

531 3792 689 3859 locis
726 3792 848 3874 eis,
902 3796 1012 3879 qui
1056 3808 1209 3863 sunt
1258 3795 1562 3885 expositi,
1615 3800 2010 3866 conficienda
2043 3810 2108 3866 et
2143 3798 2583 3883 distinguenda

402 3970 415 3983 ,
436 3910 491 3949 ιε
534 3885 805 3951 dilucide
842 3899 959 3954 est.
1008 3887 1086 3954 C.
1104 3890 1184 3956 F.
1218 3890 1409 3977 plane
1437 3890 1604 3957 istuc
1625 3892 1838 3980 ipsum
1867 3891 2180 3959 desidere.
2269 3889 2349 3959 O.
2381 3892 2458 3957 P.
2487 3904 2582 3956 est

534 3996 707 4060 ergn,
742 3990 814 4043 ut
848 4004 1042 4066 supra
1076 3983 1313 4049 dictum
1348 3996 1466 4064 est,
1503 3987 1838 4075 explicatio
1873 3986 2228 4077 argumenti
2255 4008 2582 4073 argumen-
