2784 4575
766 252 872 307 DE
912 248 1276 307 ORATORE
1314 250 1387 303 ΙΙ.
1425 248 1738 303 147-155.
2191 240 2275 305 93

210 402 343 465 ego
376 376 649 443 maxime
686 374 987 451 admiror,
1039 373 1257 459 posuit
1300 373 1614 456 quosdam
1655 370 1862 451 locos,
1918 396 1999 437 ex
2045 374 2273 458 quibus

210 494 407 538 omne
461 478 905 557 argumentum
946 485 1077 533 non
1118 466 1309 532 modo
1357 466 1442 531 ad
1491 465 2014 553 philosophorum
2057 467 2279 554 dispu-

210 565 549 642 tationem,
602 564 721 629 sed
770 563 963 629 etiam
1005 561 1089 625 ad
1130 560 1296 625 hanc
1352 558 1729 637 orationem,
1775 581 1904 643 qua
1943 560 2012 624 in
2066 561 2275 627 causis

210 658 483 736 utimur,
535 656 948 734 inveniretur3
1004 678 1044 719 a
1077 677 1203 738 quo
1240 652 1500 737 quidem
1539 652 1796 718 homine
1839 652 1970 718 iam
2015 654 2275 733 dudum,

211 752 493 829 Antoni,
528 748 665 816 non'
694 751 946 815 aberrat
980 748 1181 813 oratio
1218 758 1347 826 tua,
1386 746 1522 811 sive
1559 756 1630 810 tu
1665 746 2074 813 similitudine
2108 747 2276 813 illius

208 844 415 911 divini
448 842 690 932 ingenii
730 844 798 907 in
850 842 1074 907 eadem
1124 840 1391 907 incurris
1440 840 1712 926 vestigia
1763 840 1900 905 sive
1945 840 2138 905 etiam
2169 840 2280 907 illa

208 939 361 1025 ipsa
390 937 607 1024 legisti
640 947 829 1020 atque
866 934 1169 1013 didicisti,
1215 934 1387 1018 quod
1423 933 1680 1018 quidem
1711 932 1869 997 mihi
1901 934 2108 1021 magis
2144 934 2280 1001 veri

213 1031 425 1097 simile
460 1029 707 1095 videtur
716 1055 735 1107 3
788 1026 933 1115 plus
980 1028 1149 1093 enim
1191 1038 1254 1092 te
1301 1050 1532 1115 operae
1569 1026 1835 1093 Graecis
1889 1027 2144 1093 dedisse
2175 1050 2278 1093 re-

212 1127 341 1191 bus
395 1123 610 1201 video,
664 1145 857 1207 quam
906 1122 1316 1213 putaramus.’
1407 1132 1544 1189 tum
1584 1121 1692 1187 ille
1747 1122 2022 1187 ‘verum'
2073 1122 2279 1206 inquit
2313 1151 2390 1191 153

214 1225 333 1284 ‘ex
364 1240 468 1283 me
504 1216 753 1295 audies,
803 1214 1061 1281 Catule:
1116 1237 1368 1301 semper
1403 1238 1524 1303 ego
1561 1215 1919 1281 existimavi
1950 1215 2280 1282 iucundio-

206 1334 353 1377 rem
386 1323 449 1377 et
480 1310 970 1399 probabiliorem
1004 1310 1153 1375 huic
1186 1311 1423 1397 populo
1460 1320 1773 1376 oratorem
1807 1311 1972 1389 fore,
2007 1311 2117 1395 qui
2148 1310 2278 1397 pri-

208 1427 391 1469 mum
443 1427 637 1488 quam
696 1405 1025 1471 minimam
1086 1404 1331 1469 artificii
1392 1403 1687 1483 alicuius,
1749 1404 1977 1471 deinde
2037 1405 2276 1471 nullam

208 1497 612 1565 Graecarum
644 1520 857 1563 rerum
908 1498 1436 1584 significationem
1470 1499 1678 1563 daret:
1732 1499 1908 1582 atqui
1951 1522 2072 1586 ego
2107 1500 2278 1565 idem

206 1590 578 1657 existimavi
626 1592 889 1678 pecudis
944 1614 1117 1669 esse,
1170 1615 1301 1658 non
1352 1591 1655 1669 hominis,
1711 1614 1858 1657 cum
1909 1602 2117 1658 tantas
2171 1615 2274 1657 res

212 1684 453 1752 Graeci
488 1684 911 1772 susciperent,
957 1686 1427 1772 profiterentur,
1483 1697 1748 1773 agerent
1783 1709 2050 1771 seseque
2085 1698 2150 1751 et
2183 1687 2278 1751 vi-

208 1778 411 1843 dendi
459 1801 565 1844 res
618 1778 1101 1845 obscurissimas
1148 1790 1213 1844 et
1252 1780 1419 1845 bene
1472 1780 1730 1844 vivendi
1783 1791 1847 1845 et
1888 1780 2144 1866 copiose
2183 1779 2278 1843 di-

208 1871 401 1939 cendi
431 1873 743 1939 rationem
776 1873 1035 1939 daturos
1070 1872 1435 1938 hominibus
1470 1873 1946 1959 pollicerentur,
1999 1896 2129 1938 non
2165 1873 2278 1937 ad-

206 1990 471 2033 movere
506 1989 725 2032 aurem
764 1979 856 2045 et,
914 1966 971 2031 si
1002 1966 1217 2053 palam
1260 1966 1479 2031 audire
1522 1988 1632 2033 eos
1667 1964 1798 2033 non
1841 1968 2140 2045 auderes,
2194 1985 2276 2029 ne

207 2060 529 2127 minueres
566 2061 740 2149 apud
780 2070 923 2125 tuos
960 2060 1117 2125 civis
1172 2059 1611 2125 auctoritatem
1647 2070 1850 2139 tuam,
1904 2058 2277 2126 subauscul-

208 2155 408 2220 tando
443 2164 657 2221 tamen
691 2154 983 2264 excipere
1018 2176 1212 2221 voces
1258 2176 1478 2220 eorum
1512 2164 1578 2219 et
1607 2155 1830 2241 procul
1873 2154 2028 2239 quid
2059 2176 2275 2221 narra-

207 2255 357 2313 rent
388 2249 733 2314 attendere.
820 2250 1033 2333 itaque
1074 2246 1228 2327 feci,
1276 2246 1537 2357 Catule,
1593 2259 1658 2313 et
1691 2248 1957 2315 istorum
1991 2247 2275 2315 omnium

212 2341 578 2406 summatim
619 2363 845 2407 causas
888 2355 955 2407 et
998 2365 1237 2428 genera
1286 2342 1431 2428 ipsa
1478 2342 1773 2428 gustavi?
1863 2342 2076 2409 ‘valde
2130 2342 2274 2408 her·
2306 2339 2376 2391 37

210 2435 381 2500 cule’
418 2433 622 2518 inquit
649 2431 917 2500 Catulus
955 2435 1200 2500 ‘timide
1227 2445 1550 2518 tamquam
1578 2434 1661 2499 ad
1686 2435 1961 2519 aliquem
1992 2410 2358 2501 libidinis15

211 2529 547 2615 scopulum
602 2527 694 2592 sic
744 2537 919 2592 tuam
969 2537 1249 2594 mentem
1298 2528 1383 2592 ad
1432 2527 1901 2614 philosophiam
1952 2528 2270 2615 appulisti,

210 2644 407 2705 quam
448 2621 611 2685 haec
653 2620 875 2686 civitas
928 2631 1267 2708 aspernata
1315 2642 1664 2704 numquam
1706 2631 1805 2685 est
1813 2646 1832 2698 ;
1885 2644 2034 2686 nam
2067 2632 2133 2686 et
2171 2643 2274 2686 re-

211 2718 377 2780 ferta
411 2715 732 2798 quondam
764 2715 955 2780 Italia
986 2714 1540 2801 Pythagoreorum
1583 2713 1706 2779 fuit
1739 2725 1902 2793 tum,
1958 2737 2103 2780 cum
2137 2726 2274 2780 erat

210 2810 280 2874 in
313 2809 439 2874 hac
469 2819 661 2896 gente
712 2831 949 2894 magna
980 2808 1093 2874 illa
1128 2807 1429 2886 Graecia3
1486 2829 1568 2874 ex
1602 2830 1728 2893 quo
1781 2808 1972 2872 etiam
2015 2808 2274 2892 quidam

209 2903 489 2968 Numam
514 2903 923 2990 Pompilium,
958 2925 1179 2990 regem
1212 2913 1521 2984 nostrum,
1557 2903 1760 2968 fuisse
1792 2903 2272 2991 Pythagoreum

210 2997 452 3075 serunt,
506 2998 618 3082 qui
652 2998 833 3064 annis
872 3009 1017 3063 ante
1068 2996 1399 3085 permultis
1453 2996 1577 3062 fuit
1627 3019 1821 3081 quam
1853 2998 1992 3085 ipse
2026 2998 2270 3082 Pytha-

208 3113 430 3176 goras3
496 3113 623 3176 quo
676 3092 869 3158 etiam
916 3091 1119 3158 maior
1174 3091 1271 3156 vir
1324 3090 1654 3157 habendus
1708 3102 1835 3170 est,
1899 3113 2046 3156 cum
2095 3091 2270 3156 illam

208 3184 586 3271 sapientiam
620 3187 1097 3253 constituendae
1142 3185 1416 3251 civitatis
1461 3185 1709 3251 duobus
1744 3208 1944 3274 prope
1999 3185 2266 3252 saeculis

208 3289 357 3344 ante
402 3280 725 3365 cognovit,
779 3301 972 3365 quam
1014 3303 1159 3346 eam
1195 3277 1431 3346 Graeci
1471 3289 1689 3344 natam
1723 3301 1866 3346 esse
1903 3291 2266 3357 senserunt3

208 3381 277 3435 et
310 3381 479 3436 certe
520 3395 651 3438 non
686 3371 829 3438 tulit
869 3374 1034 3441 ullos
1077 3374 1235 3439 haec
1287 3373 1510 3439 civitas
1555 3383 1665 3440 aut
1715 3373 1918 3462 gloria
1969 3371 2266 3439 clariores

207 3474 323 3531 aut
382 3467 753 3532 auctoritate
811 3468 1137 3554 graviores
1200 3480 1310 3533 aut
1363 3469 1754 3534 humanitate
1815 3469 2137 3556 politiores
2189 3467 2264 3533 P.

207 3559 549 3639 Africano,
605 3558 683 3626 C.
718 3561 976 3639 Laelio,
1019 3560 1103 3627 L.
1138 3561 1363 3639 Furio,
1410 3563 1520 3647 qui
1555 3585 1770 3628 secum
1805 3561 2264 3628 eruditissimos

206 3654 496 3721 homines
534 3677 617 3720 ex
652 3652 927 3720 Graecia
957 3655 1169 3740 palam
1205 3678 1457 3742 semper
1492 3657 1878 3736 habuerunt3
1915 3667 2104 3741 atque
2141 3679 2262 3742 ego
2299 3681 2378 3722 15⁵

208 3747 331 3813 hoc
366 3771 449 3814 ex
483 3748 576 3815 eis
614 3770 805 3836 saepe
852 3748 1093 3828 audivi,
1146 3771 1294 3814 cum
1337 3749 1618 3816 dicerent
1659 3762 2026 3838 pergratum
2057 3750 2268 3816 Athe-

208 3841 448 3907 niensis
514 3853 580 3907 et
640 3842 763 3908 sibi
822 3842 1056 3910 fecisse
1117 3855 1182 3910 et
1240 3843 1456 3910 multis
1518 3844 1906 3931 principibus
1967 3843 2261 3922 civitatis,

203 3934 404 4016 quod,
460 3957 605 4000 cum
649 3937 733 4001 ad
782 3948 1075 4003 senatum
1121 3937 1371 4024 legatos
1417 3938 1498 4002 de
1543 3937 1674 4004 suis
1727 3937 2018 4007 maximis
2069 3938 2260 4003 rebus

204 4026 551 4106 mitterent,
632 4029 744 4096 tris
814 4030 983 4098 illius
1052 4031 1275 4098 aetatis
1346 4031 1773 4098 nobilissimos
1844 4031 2260 4120 philosophos
