2784 4575
816 278 923 333 DE
962 276 1329 335 ORATORE
1365 279 1412 333 1.
1455 276 1754 333 124-132.
2231 264 2314 331 27

259 405 329 472 in
380 412 627 471 oratore
680 425 956 480 summa,
1008 400 1269 489 probari
1318 424 1448 465 non
1498 399 1749 487 potest.'
1847 412 1982 466 tum
2036 398 2313 467 Crassus

264 497 469 583 ‘atqui
517 496 691 563 vide’
752 495 957 580 inquit
1017 494 1113 559 ‘in
1163 494 1426 560 artificio
1485 515 1791 581 perquam
1853 493 2026 558 tenui
2077 503 2144 559 et
2191 492 2318 559 levi

262 603 499 677 quanto
532 591 677 679 plus
704 590 1077 655 adhibeatur
1104 588 1486 674 diligentiae,
1525 610 1715 672 quam
1739 587 1807 651 in
1845 586 1968 651 hac
2000 609 2090 664 re,
2127 605 2320 670 quam

265 697 514 751 constat
546 707 691 751 esse
717 684 1087 749 maximam·
1125 705 1318 770 saepe
1344 682 1514 747 enim
1545 681 1720 745 soleo
1747 681 1964 746 audire
1989 680 2318 757 Roscium,

268 802 414 845 cum
444 778 536 844 ita
570 778 770 855 dicat,
826 800 897 843 se
934 776 1142 842 adhuc
1182 776 1459 863 reperire
1497 774 1903 860 discipulum,
1959 796 2148 859 quem
2183 773 2322 858 qui-

266 874 414 939 dem
465 872 792 961 probaret,
844 870 1131 957 potuisse
1180 870 1526 947 neminem,
1581 892 1712 933 non
1765 890 1890 952 quo
1935 890 2064 933 non
2107 877 2322 933 essent

266 967 527 1052 quidam
558 964 951 1075 probabiles,
1006 963 1123 1029 sed
1158 963 1333 1048 quia,
1350 962 1430 1027 si
1464 918 1702 1047 aliquid
1734 962 1924 1028 modo
1961 971 2133 1027 esset
2165 960 2320 1038 vitii,

265 1062 335 1125 id
368 1060 587 1125 ferre
567 1081 707 1147 ipse
741 1080 874 1123 non
905 1068 1155 1144 posset3
1206 1056 1365 1121 nihil
1401 1067 1500 1123 est
1533 1056 1704 1121 enim
1738 1066 1870 1121 tam
1909 1054 2162 1143 insigne
2204 1075 2324 1120 1100

268 1165 401 1217 tam
434 1152 519 1217 ad
554 1152 1027 1217 diuturnitatem
1059 1152 1404 1217 memoriae
1441 1149 1695 1228 stabile,
1733 1171 1923 1233 quam
1955 1148 2052 1228 id,
2093 1148 2163 1213 in
2199 1170 2322 1233 quo

266 1246 505 1331 aliquid
539 1245 903 1312 offenderis.
952 1244 1168 1328 itaque
1202 1254 1275 1310 ut
1310 1245 1393 1310 ad
1427 1244 1594 1309 hanc
1629 1242 2102 1308 similitudinem
2133 1242 2322 1307 huius

266 1339 588 1405 histrionis
642 1340 981 1407 oratoriam
1030 1338 1285 1404 laudem
1340 1338 1718 1423 dirigamus,
1777 1337 2086 1403 videtisne
2131 1358 2326 1421 quam

267 1432 425 1497 nihil
460 1432 541 1497 ab
578 1455 655 1499 eo
688 1433 815 1498 nisi
846 1432 1149 1519 perfecte,
1184 1432 1343 1496 nihil
1377 1431 1503 1495 nisi
1539 1452 1684 1498 cum
1711 1452 1958 1495 summa
1991 1440 2324 1496 venustate

268 1526 409 1604 fiat,
460 1524 586 1591 nisi
626 1525 744 1603 ita,
798 1536 872 1589 ut
914 1525 1138 1591 deceat
1180 1535 1246 1589 et
1285 1524 1381 1589 uti
1424 1524 1630 1589 omnis
1679 1534 1934 1589 moveat
1984 1536 2172 1609 atque
2215 1524 2328 1589 de-

268 1618 497 1685 lectet?
546 1618 761 1701 itaque
814 1617 939 1683 hoc
988 1618 1118 1683 iam
1166 1618 1275 1683 diu
1326 1628 1428 1683 est
1478 1628 1885 1697 consecutus,
1937 1629 2036 1697 ut,
2087 1619 2156 1683 in
2197 1639 2326 1702 quo

270 1712 540 1798 quisque
576 1712 840 1779 artificio
876 1713 1245 1792 excelleret,
1297 1712 1353 1779 is
1388 1713 1458 1779 in
1493 1736 1610 1779 suo
1654 1736 1887 1800 genere
1919 1713 2195 1779 Roscius
2233 1713 2329 1777 di—

272 1818 537 1872 ceretur.
616 1806 786 1871 hanc
818 1829 941 1893 ego
976 1762 1440 1873 absolutionem
1471 1805 2104 1893 perfectionemque·
2085 1830 2156 1871 m
2187 1828 2330 1872 orae·

273 1913 409 1968 tore
462 1900 863 1980 desiderans,
918 1924 959 1967 a
1003 1923 1131 1986 qua
1178 1902 1318 1989 ipse
1350 1902 1554 2012 ‚longe
1599 1903 1852 1980 absum,
1907 1902 2072 1967 facio
2124 1901 2334 1987 impu-

274 1996 526 2074 denter3
562 1994 719 2059 mihi
754 1996 923 2062 enim
949 1996 1141 2062 volo
1121 1996 1389 2105 ignosci,
1429 1996 1654 2061 ceteris
1689 1995 1828 2081 ipse
1856 2018 1986 2061 non
2028 1995 2324 2081 ignosco,

272 2112 421 2154 nam
456 2088 565 2175 qui
597 2112 730 2156 non
760 2100 1003 2177 potest,
1042 2090 1151 2173 qui
1184 2087 1414 2158 vitia-se
1448 2090 1629 2169 facit,
1667 2111 1858 2174 quem
1893 2089 2166 2173 denique
2199 2110 2329 2153 non

273 2183 483 2262 decet,
536 2182 736 2261 hunc,
780 2193 855 2248 ut
886 2183 1269 2270 Apollonius
1305 2182 1593 2261 iubebat,
1649 2184 1732 2248 ad
1765 2182 1861 2262 id,
1915 2184 2087 2267 quod
2121 2182 2330 2249 facere

273 2276 506 2364 possit,
561 2275 1025 2344 detrudendum
1066 2278 1262 2365 puto?
1353 2284 1536 2345 ‘num
1579 2290 1648 2344 tu
1687 2277 1908 2365 igitur’
1944 2277 2148 2363 inquit
2184 2275 2334 2344 Sul-

275 2368 479 2456 picius
517 2375 648 2434 ‘me
684 2381 795 2435 aut
827 2371 997 2436 hunc
1034 2371 1347 2438 Cottam'
1326 2395 1427 2437 1118
1455 2371 1648 2438 civile
1684 2384 1795 2437 aut
1825 2395 1964 2438 rem
1997 2373 2334 2437 militarem

273 2463 456 2529 iubes
512 2461 792 2528 discere?
844 2487 994 2529 nam
1047 2466 1187 2549 quis
1234 2466 1319 2530 ad
1358 2465 1486 2530 ista
1538 2487 1786 2530 summa
1837 2477 2024 2550 atque
2059 2466 2128 2530 in
2161 2465 2335 2530 omni

274 2578 509 2644 genere
552 2554 836 2642 perfecta
884 2568 1097 2644 potest
1144 2557 1541 2645 pervenireP’
1598 2569 1734 2622 tum
1775 2558 1883 2624 ille
1937 2565 2087 2644 ‘ego
2139 2557 2332 2635 ver0,’

276 2650 481 2733 inquit
531 2648 732 2732 ‘quod
764 2649 832 2712 in
866 2650 1049 2715 vobis
1087 2650 1414 2736 egregiam
1465 2650 1784 2734 quandam
1827 2671 1902 2714 80
1942 2650 2336 2736 praeclaram

275 2742 555 2808 indolem
591 2743 675 2806 ad
710 2741 1048 2808 dicendum
1083 2765 1228 2808 esse
1264 2743 1565 2829 cognovi,
1601 2743 1837 2808 idcirco
1873 2743 2034 2808 11800
2069 2742 2338 2828 exposui

275 2835 491 2902 omnia
500 2860 520 2914 ;
573 2857 695 2901 1100
734 2836 943 2923 magis
980 2837 1064 2902 ad
1099 2859 1211 2902 eos
1248 2837 1686 2914 deterrendos,
1739 2835 1846 2921 qui
1879 2858 2010 2902 non
2050 2847 2334 2924 possent,

276 2952 469 3014 quam
522 2930 606 2995 ad
656 2953 803 3010 vos,
864 2930 976 3015 qui
1026 2930 1332 3017 possetis,
1394 2930 1796 2996 exacuendos
1857 2929 2338 2996 adcommodavi

276 3025 627 3090 orationem
660 3048 900 3104 meam3
937 3035 1004 3090 et
1038 3046 1424 3111 quamquam
1457 3024 1524 3088 in
1557 3035 1826 3109 utroque
1855 3035 2138 3090 vestrum
2165 3047 2339 3090 sum-

276 3141 453 3184 mum
486 3141 631 3186 esse
682 3118 1013 3208 ingenium
1064 3119 1471 3205 studiumque
1521 3119 1838 3206 perspexi,
1894 3131 2106 3186 tamen
2157 3119 2336 3199 haec,

278 3235 442 3298 quae
478 3225 628 3279 sunt
661 3214 729 3280 in
764 3215 977 3302 specie
1009 3215 1239 3303 posita,
1278 3216 1359 3280 de
1392 3214 1626 3299 quibus
1658 3214 1845 3301 plura
1877 3215 2150 3282 fortasse
2185 3215 2337 3294 dixi,

278 3328 473 3389 quam
518 3308 725 3374 solent
759 3309 993 3376 Graeci
1036 3310 1273 3388 dicere,
1326 3309 1396 3374 in
1431 3320 1522 3389 te,
1579 3307 1850 3397 Sulpici,
1905 3309 2120 3375 divina
2163 3320 2337 3388 sunt3

226 3423 229 3426 ⁴
278 3419 405 3484 ego
439 3399 611 3464 enim
641 3402 960 3468 neminem
992 3425 1114 3470 nec
1146 3414 1325 3470 motu
1377 3403 1658 3490 corporis
1703 3426 1909 3488 neque
1942 3403 2086 3490 ipso
2120 3401 2342 3468 habitu

283 3503 475 3576 atque
509 3492 717 3558 forma
750 3497 1058 3582 aptiorem
1089 3519 1211 3562 nec
1245 3519 1404 3563 voce
1453 3497 1804 3584 pleniorem
1840 3509 1949 3562 aut
1985 3496 2342 3562 suaviorem

282 3587 442 3668 mihi
492 3587 713 3654 videor
762 3590 1047 3668 audisse3
1102 3613 1263 3677 quae
1300 3591 1528 3677 quibus
1565 3615 1606 3656 a
1637 3603 1866 3658 natura
1913 3590 2160 3657 minora
2193 3589 2344 3654 data

282 3697 460 3762 sunt,
513 3694 729 3750 tamen
761 3683 921 3750 illud
954 3685 1217 3771 adsequi
1248 3697 1548 3775 possunt,
1602 3697 1675 3751 ut
1708 3685 1830 3764 eis,
1886 3705 2050 3768 quae
2083 3683 2339 3760 habent,

282 3779 533 3846 modice
585 3790 652 3845 et
694 3779 967 3846 scienter
1015 3791 1272 3846 utantur
1316 3791 1380 3847 et
1413 3790 1486 3846 ut
1525 3803 1610 3846 ne
1662 3778 1986 3845 dedeceat.
2071 3777 2140 3842 id
2174 3777 2343 3842 enim

284 3883 389 3941 est
432 3872 715 3940 maxime
767 3874 1098 3940 vitandum
1133 3885 1199 3940 et
1242 3875 1323 3940 de
1365 3873 1491 3940 hoc
1531 3896 1660 3939 uno
1712 3872 1970 3938 minime
2005 3881 2105 3937 est
2154 3869 2342 3936 facile

281 3967 647 4054 praecipere
680 3991 811 4036 non
844 3967 1001 4033 mihi
1032 3969 1244 4047 modo,
1282 3967 1391 4052 qui
1427 3967 1590 4032 sicut
1621 3988 1788 4032 unus
1829 3962 2338 4053 [paterfamilias]

279 4082 315 4127 e
346 4062 554 4128 multis
589 4061 688 4128 his
725 4064 806 4129 de
849 4063 1041 4129 rebus
1092 4063 1348 4150 loquor,
1403 4062 1518 4126 sed
1559 4061 1750 4126 etiam
1791 4059 1918 4147 ipsi
1960 4061 2051 4126 illi
2083 4059 2340 4140 Roscio,

2353 420 2428 461 129

2357 1260 2438 1303 130

2367 2274 2436 2328 29

2369 2347 2440 2386 131

2375 3429 2452 3469 132
