2784 4575
447 255 576 322 216
1068 261 1146 318 M.
1185 259 1459 320 TULLII
1494 256 1891 316 CICERONIS

447 392 656 456 dicem
691 411 882 472 quam
914 385 1050 463 ille,
1105 385 1215 469 qui
1249 385 1504 461 doceat,
1557 377 1939 468 elegantiam
1970 380 2041 445 in
2073 377 2331 458 Laelio,
2377 379 2505 444 vim

444 485 515 548 in
560 480 772 549 Galba
819 481 1023 546 fuisse
1032 503 1054 557 ς
1107 499 1270 562 quae
1306 476 1563 560 quidem
1614 475 1711 540 vis
1765 479 1900 539 t'um
1943 473 2219 539 maxime
2254 472 2510 558 cognita

349 607 356 614 ·
448 587 574 655 est,
628 596 775 640 cum
819 571 1154 640 Lusitanis
1201 595 1240 636 a
1276 567 1420 636 Ser.
1460 567 1671 636 Galba
1703 567 2010 656 'praetore
2054 577 2275 633 contra
2314 567 2512 631 inter-

440 669 755 758 positam,
807 678 881 731 ut
930 664 1438 742 existimabatur,
1492 662 1686 728 fidem
1732 661 2081 748 interfectis
2122 659 2211 727 L.
2253 659 2511 725 Ilibone

449 763 702 830 tribuno
747 758 956 845 plebis
1000 757 1309 843 populum
1349 757 1651 822 incitante
1697 766 1761 822 et
1800 755 2199 842 rogationem
2238 752 2307 818 in
2353 751 2517 819 Gal-

447 858 599 921 bam
632 851 950 939 privilegii
985 849 1256 914 similem
1289 850 1553 925 ferente,
1593 871 1843 915 summa
1878 857 2222 926 senectute,
2256 857 2331 911 ut
2364 857 2516 912 ante

451 947 612 1025 dixi,
663 944 764 1010 Μ.
820 938 986 1007 Cato
1037 940 1251 1026 legem
1301 941 1579 1006 suadens
1630 941 1699 1006 in
1744 941 2020 1008 Galbam
2068 939 2273 1007 multa
2322 939 2485 1006 dixit
2491 965 2515 1019 ς

453 1054 648 1128 quam
673 1035 1049 1103 orationem
1090 1033 1160 1097 in
1204 1030 1511 1124 Origines
1558 1054 1706 1098 suas
1750 1036 2016 1114 rettulit,
2068 1033 2290 1121 paucis
2336 1045 2517 1101 ante-

359 1169 413 1208 90
451 1158 649 1222 quam
681 1141 969 1198 mortuus
1006 1137 1108 1193 est
1183 1121 1324 1212 [an]
1364 1124 1589 1190 diebus
1627 1149 1711 1189 an
1742 1128 2099 1195 mensibus:
2151 1139 2289 1194 tum
2319 1126 2517 1215 igitur

453 1228 612 1295 nihil
653 1245 958 1291 recusans
1007 1219 1220 1287 Galba
1257 1241 1376 1305 pro
1427 1239 1578 1284 sese
1623 1228 1688 1283 et
1737 1220 1957 1304 populi
1995 1221 2274 1287 Romani
2320 1221 2521 1287 fidem

452 1321 802 1409 implorans
815 1365 833 1396 ,
889 1338 1037 1381 cum
1083 1336 1234 1381 suos
1278 1335 1512 1400 pueros
1558 1323 1696 1378 tum
1732 1311 1811 1379 C.
1850 1311 2023 1380 Galli
2074 1317 2267 1383 etiam
2314 1315 2520 1382 filium

451 1419 616 1484 flens
663 1409 1178 1487 commendabat,
1231 1407 1412 1472 cuius
1458 1405 1695 1472 orb‘itas
1733 1417 1798 1472 et
1830 1405 2018 1472 fletus
2058 1409 2219 1476 mire
2252 1409 2519 1476 misera-

455 1511 603 1577 bilis
645 1505 770 1574 fuit
808 1513 1069 1593 propter
1117 1513 1442 1568 recentem
1490 1500 1863 1568 memoriam
1904 1499 2238 1567 clarissimi
2284 1503 2484 1590 patris
2496 1531 2515 1582 ;

457 1605 686 1687 hisque
740 1622 810 1666 se
866 1609 1000 1664 tum
1053 1597 1284 1685 eripuit
1332 1596 1616 1674 flamma,
1680 1604 1939 1682 propter
1987 1616 2221 1680 pueros
2271 1597 2520 1663 miseri-

367 1737 373 1744 ·
458 1698 678 1765 cordia
740 1693 966 1782 populi
1035 1701 1378 1769 commota,
1450 1689 1615 1756 sicut
1672 1689 1842 1755 idem
1905 1688 2209 1776 scriptum
2267 1688 2521 1773 reliquit

461 1791 650 1858 Cato.
740 1799 930 1873 atque
979 1785 1169 1852 etiam
1210 1785 1425 1872 ipsum
1456 1783 1776 1849 Libonem
1818 1805 1948 1849 non
1987 1781 2296 1848 infantem
2332 1782 2519 1849 video

367 1915 422 1954 οι
465 1886 699 1962 fuisse,
729 1874 744 1880 ’
762 1893 834 1947 ut
886 1902 970 1945 ex
1029 1877 1419 1944 orationibus
1476 1875 1611 1942 eius
1670 1875 1955 1962 intellegi
2004 1887 2235 1962 potest.
2372 1897 2522 1940 cum

463 1980 624 2045 haec
675 1975 982 2041 dixissem
1034 1983 1100 2035 et
1148 1970 1412 2056 paulum
1461 1969 2011 2054 interquievissem
2065 1969 2248 2053 ‘quid
2296 1968 2519 2056 igitur’

458 2071 664 2156 inquit
717 2075 848 2133 ‘est
899 2063 1156 2128 causae’
1209 2063 1483 2140 Brutus,
1542 2061 1627 2126 ‘si
1679 2073 1855 2129 tanta
1906 2063 2107 2130 virtus
2158 2062 2227 2128 in
2270 2074 2519 2129 oratore

459 2162 674 2229 Galba
721 2159 875 2236 fuit,
927 2178 1041 2222 cur
1092 2179 1170 2221 ea
1219 2155 1397 2220 nulla
1438 2155 1507 2220 in
1558 2155 1947 2223 orationibus
1992 2157 2129 2223 eius
2182 2159 2521 2245 appareat?

459 2254 632 2342 quod
665 2251 881 2317 mirari
914 2274 1044 2318 non
1086 2271 1353 2337 possum
1386 2249 1454 2315 in
1489 2249 1614 2329 eis,
1669 2249 1779 2334 qui
1811 2251 1968 2316 nihil
2012 2250 2267 2318 omnino
2303 2251 2522 2340 scripti

355 2364 429 2421 24
457 2345 896 2434 reliquerunt?
1005 2352 1153 2410 ‘nec
1213 2344 1385 2410 enim
1447 2355 1549 2410 est
1606 2345 1888 2423 eadem,’
1950 2345 2211 2429 inquam
2270 2346 2519 2425 ‘Bi-ute,

460 2466 656 2511 causa
694 2463 827 2507 non
871 2439 1190 2505 scribendi
1241 2449 1306 2504 et
1346 2461 1479 2505 non
1530 2449 1663 2504 tam
1713 2440 1878 2505 bene
1932 2440 2277 2519 scribendi,
2331 2462 2525 2524 quam

460 2536 735 2604 dixerint
742 2559 762 2615 3
815 2541 967 2599 nam
1012 2533 1304 2599 videmus
1353 2532 1510 2600 alios
1548 2545 1829 2601 oratores
1874 2533 2101 2600 inertia
2132 2533 2289 2598 nihil
2325 2534 2525 2621 scrip-

461 2634 656 2710 sisse,
705 2650 790 2695 ne
827 2627 1214 2694 domesticus
1250 2627 1445 2717 etiam
1476 2627 1657 2694 labor
1692 2629 2022 2694 accederet
2055 2628 2139 2694 ad
2170 2627 2521 2707 forensem3

457 2727 802 2814 pleraeque
838 2722 1008 2789 enim
1043 2722 1405 2788 scribuntur
1440 2722 1757 2789 orationes
1803 2721 2056 2788 habitae
2090 2723 2246 2801 iam,
2288 2745 2421 2789 non
2452 2734 2525 2787 ut

367 2848 420 2888 92
462 2818 849 2896 habeantur3
903 2816 1061 2883 alios
1107 2838 1237 2882 non
1279 2815 1600 2894 laborare,
1655 2826 1729 2881 ut
1768 2816 2065 2883 meliores
2107 2817 2293 2896 fiant3
2346 2817 2525 2882 nulla

463 2911 634 2978 enim
665 2933 770 2975 res
807 2920 1056 2975 tantum
1091 2910 1173 2973 ad
1209 2909 1543 2975 dicendum
1578 2910 1856 2996 proficit,
1894 2921 2199 2999 quantum
2235 2910 2521 2997 scriptio;

460 3004 831 3071 memoriam
867 3016 1078 3069 autem
1113 3003 1182 3067 in
1213 3014 1542 3090 posterum
1566 3003 1806 3091 ingenii
1840 3005 1942 3070 sui
1974 3027 2104 3073 non
2139 3004 2523 3083 desiderant,

464 3120 611 3164 cum
655 3121 726 3163 se
768 3108 997 3185 putant
1041 3097 1196 3162 satis
1243 3120 1549 3183 magnam
1593 3098 1859 3185 adeptos
1903 3122 2047 3165 esse
2092 3099 2341 3165 dicendi
2384 3098 2527 3186 glo-

460 3192 621 3257 riam
656 3212 923 3275 eamque
967 3190 1159 3255 etiam
1201 3190 1508 3256 maiorem
1553 3191 1763 3257 visum
1805 3192 1910 3271 iri,
1966 3193 2023 3258 si
2054 3194 2121 3257 in
2156 3193 2525 3259 existiman-

462 3286 622 3351 tium
675 3284 1003 3350 arbitrium
1065 3306 1184 3348 sua
1235 3283 1473 3369 scripta
1532 3307 1661 3351 non
1724 3286 2013 3352 venerint
2020 3312 2040 3365 3
2102 3288 2287 3365 alios,
2352 3286 2526 3371 quod

462 3378 690 3445 melius
723 3387 950 3465 putent
985 3375 1196 3443 dicere
1233 3400 1302 3443 se
1338 3400 1531 3465 posse
1560 3400 1751 3463 quam
1778 3380 2080 3459 scribere3
2116 3381 2288 3465 quod
2311 3379 2525 3467 perin-

465 3472 746 3559 geniosis
799 3470 1162 3537 hominibus
1213 3492 1423 3555 neque
1480 3472 1636 3539 satis
1690 3474 1892 3539 doctis
1944 3475 2318 3563 plerumque
2371 3496 2525 3540 con-

372 3594 426 3636 os
469 3567 687 3654 tingit,
719 3577 792 3632 ut
821 3565 951 3655 ipsi
985 3564 1263 3645 Galbae3
1315 3588 1507 3650 quem
1542 3567 1816 3634 fortasse
1852 3568 1949 3635 vis
1982 3591 2114 3635 non
2144 3568 2385 3656 ingenii
2419 3591 2525 3635 so-

464 3660 617 3739 lum,
654 3660 770 3727 sed
805 3660 996 3726 etiam
1029 3659 1225 3725 animi
1260 3671 1324 3726 et
1356 3662 1663 3728 naturalis
1700 3662 1957 3746 quidam
1992 3663 2172 3730 dolor
2206 3663 2525 3728 dicentem

463 3754 846 3821 incendebat
877 3754 1350 3839 efficiebatque,
1385 3766 1461 3819 ut
1494 3766 1559 3821 et
1590 3756 1852 3821 incitata
1884 3768 1950 3823 et
1982 3756 2196 3844 gravis
2232 3767 2298 3822 et
2329 3755 2525 3822 vehe-

465 3871 647 3915 mens
684 3858 856 3913 esset
889 3848 1118 3917 oratio:
1173 3849 1320 3915 dein
1365 3871 1513 3914 cum
1548 3850 1789 3917 otiosus
1838 3852 2052 3918 stilum
2102 3850 2525 3937 prehenderat

466 3951 802 4021 motusque
847 3941 1052 4007 omnis
1098 3942 1290 4007 animi
1343 3931 1667 4027 tamquam
1708 3955 1936 4010 ventus
1981 3944 2301 4011 hominem
2346 3943 2523 4007 defe-

470 4040 666 4105 cerat,
711 4030 1128 4099 flaccescebat
1162 4036 1391 4131 oratio3
1439 4036 1613 4119 quod
1646 4034 1769 4115 eis,
1816 4037 1923 4120 qui
1957 4037 2235 4103 limatius
2272 4034 2525 4101 dicendi
