2784 4575
481 280 607 345 170
1043 289 1120 344 M.
1159 289 1432 347 TULLII
1468 287 1869 346 CICERONIS

477 415 778 480 universa
825 435 895 478 re
949 412 1206 500 cognita
1295 413 1376 477 de
1432 412 1695 500 singulis
1756 412 1883 477 reis
1936 423 2001 477 et
2051 412 2419 478 criminibus
2473 425 2546 478 et

363 539 445 578 121
475 508 692 574 litibus
747 517 1021 573 statuere
1075 505 1341 593 possint.
1430 505 1595 571 hanc
1646 506 1729 571 ad
1780 508 2299 572 consuetudinem
2351 530 2545 572 exer-

479 601 790 668 citationis
827 624 973 679 vos‚
1031 600 1496 678 adulescentes,
1549 609 1651 664 est
1681 599 2043 666 cohortatus
2077 601 2401 666 Antonius
2440 612 2543 666 at-

479 719 604 781 que
655 719 694 761 a
745 694 1003 760 minutis
1058 694 1471 781 angustisque
1517 693 2091 760 concertationibus
2144 695 2225 760 ad
2276 717 2541 760 omnem

476 791 608 856 vim
658 790 1150 874 varietatemque
1201 810 1318 855 vos
1376 788 1729 854 disserendi
1782 789 2199 855 traducendos
2251 790 2535 876 putavit3

473 907 603 968 qua
633 906 704 949 re
747 906 878 949 non
919 893 1019 948 est
1059 903 1407 969 paucorum
1459 882 1816 948 libellorum
1856 882 1980 947 hoc
2020 905 2279 962 munus,
2332 893 2407 948 ut
2448 883 2535 962 ei,

471 977 588 1061 qui
641 976 1026 1063 scripserunt
1079 976 1160 1040 de
1211 975 1463 1041 dicendi
1513 975 1788 1054 ratione,
1850 976 2257 1055 arbitrantur,
2318 997 2533 1061 neque

474 1071 823 1136 Tusculani
869 1082 1058 1156 atque
1109 1069 1296 1136 huius
1352 1069 1795 1136 ambulationis
1850 1070 2385 1136 antemeridianae
2418 1083 2535 1136 aut

475 1177 732 1233 nostrae
765 1165 1234 1252 pomeridianae
1271 1163 1605 1242 sessionis3
1642 1187 1771 1230 non
1799 1164 1966 1229 enim
2002 1164 2208 1230 solum
2244 1165 2537 1230 acuenda

474 1260 658 1324 nobis
694 1279 900 1342 neque
933 1257 1342 1346 procudenda
1373 1258 1595 1343 lingua
1626 1269 1745 1336 est,
1782 1258 1899 1323 sed
1932 1259 2324 1324 onerandum
2358 1279 2536 1324 com-

469 1350 895 1460 plendumque
956 1361 1178 1461 pectus
1239 1351 1658 1416 maximarum
1716 1373 1928 1416 rerum
1988 1360 2056 1416 et
2111 1350 2531 1438 plurimarum

364 1443 438 1496 31
477 1445 817 1523 suavitate,
855 1445 1066 1531 copia,
1119 1444 1444 1510 varietate.
1530 1456 1751 1510 nostra
1782 1455 1885 1510 est
1916 1444 2087 1509 enim
2119 1479 2209 1493 --
2243 1444 2301 1510 si
2332 1445 2529 1510 modo

361 1516 442 1554 ¹²²
475 1561 592 1605 nos
630 1550 938 1616 oratores,
995 1537 1051 1603 si
1083 1538 1151 1602 in
1185 1539 1418 1602 civium
1452 1537 2043 1624 disceptationibus,
2090 1537 2145 1602 si
2176 1538 2246 1604 in
2276 1538 2531 1624 pericu-

474 1633 554 1698 lis
550 1682 585 1742 .'
641 1631 696 1698 si
729 1633 798 1698 in
832 1631 1387 1698 deliberationibus
1442 1631 1713 1718 publicis
1762 1631 2103 1696 adhibendi
2138 1642 2427 1697 auctores
2463 1643 2531 1696 et

470 1727 788 1814 principes
825 1747 1044 1792 sumus
1077 1761 1168 1774 --
1209 1736 1431 1792 nostra
1465 1737 1590 1803 est,
1643 1725 1931 1810 inquam,
1976 1724 2181 1790 omnis
2215 1725 2341 1792 ista
2372 1745 2525 1812 pru-

473 1821 723 1886 dentiae
759 1819 1204 1903 doctrinaeque
1254 1819 1609 1906 possessio,
1662 1817 1733 1882 in
1776 1839 1967 1902 quam
2008 1818 2293 1884 homines
2338 1819 2527 1903 quasi

467 1915 776 1980 caducam
811 1925 1000 1996 atque
1033 1934 1300 1992 vacuam
1333 1913 1729 1978 abundantes
1764 1915 1921 1992 otiu,
1958 1914 2143 1981 nobis
2178 1912 2516 1999 occupatis,

465 2005 909 2072 involaverunt
944 2015 1133 2089 atque
1169 2006 1360 2070 etiam
1396 2018 1507 2070 aut
1536 2005 1881 2072 inridentes
1918 2018 2251 2084 oratorem,
2300 2016 2373 2070 ut
2402 2005 2515 2070 ille

469 2102 538 2164 in
575 2099 820 2186 Gorgia
864 2097 1193 2176 Socrates,
1245 2097 1619 2164 cavillantur
1672 2111 1783 2165 aut
1835 2101 2073 2186 aliquid
2122 2102 2203 2167 de
2251 2098 2517 2166 oratoris

471 2203 606 2258 arte
650 2193 870 2280 paucis
911 2191 1310 2280 praecipiunt
1350 2193 1579 2260 libellis
1624 2215 1861 2278 eosque
1908 2195 2256 2262 rhetoricos
2296 2193 2521 2260 inscri-

467 2287 651 2364 bunt,
715 2286 900 2371 quasi
959 2308 1090 2352 non
1141 2285 1253 2351 illa
1307 2287 1433 2352 sint
1492 2287 1751 2374 propria
1806 2287 2159 2366 rhetorum,
2221 2309 2385 2373 quae
2436 2289 2517 2354 ab

469 2378 712 2445 eisdem
747 2380 830 2445 de
862 2380 1131 2459 iustitia,
1187 2382 1266 2446 de
1299 2380 1543 2460 officio,
1599 2384 1681 2447 de
1714 2382 2075 2449 civitatibus
2117 2382 2516 2447 instituendis

469 2484 535 2539 et
566 2474 894 2560 regendis,
931 2475 1010 2540 de
1047 2474 1220 2541 omni
1253 2474 1509 2541 vivendi
1548 2473 1849 2563 [denique
1882 2477 2074 2542 etiam
2112 2476 2191 2542 de
2225 2474 2512 2562 naturae]

353 2592 434 2635 123
467 2567 709 2634 ratione
745 2567 1068 2648 dicuntur3
1122 2591 1286 2654 quae
1321 2570 1621 2654 quoniam
1662 2569 1791 2635 iam
1842 2570 2095 2636 aliunde
2128 2593 2259 2635 non
2290 2592 2517 2657 possu-

467 2683 638 2740 mus,
695 2663 1003 2729 sumenda
1039 2674 1186 2729 sunt
1219 2664 1404 2729 nobis
1442 2664 1523 2728 ab
1560 2664 1651 2730 eis
1686 2664 1843 2751 ipsis
1856 2670 1887 2743 ,'
1921 2688 1961 2729 a
1994 2664 2222 2751 quibus
2258 2664 2517 2751 expilati

469 2777 685 2821 sumus
697 2780 715 2835 3
771 2751 922 2823 dum
967 2757 1156 2823 modo
1199 2755 1308 2821 illa
1343 2756 1428 2821 ad
1470 2757 1635 2823 hanc
1680 2758 1929 2824 civilem
1982 2757 2339 2836 scientiam,
2390 2778 2515 2842 quo

463 2849 783 2935 pertinent
833 2860 898 2915 et
947 2871 1139 2934 quam
1191 2849 1542 2928 intuentur,
1606 2852 2089 2929 transferamus,
2148 2872 2386 2936 neque,
2444 2860 2516 2914 ut

463 2949 611 3003 ante
665 2940 824 3020 dixi,
879 2964 1132 3008 omnem
1188 2952 1465 3007 teramus
1500 2943 1568 3009 in
1600 2944 1703 3009 his
1739 2944 2055 3009 discendis
2108 2944 2299 3011 rebus
2347 2952 2517 3010 aeta.—

463 3045 620 3112 tem3
677 3036 792 3100 sed
843 3056 988 3100 cum
1031 3034 1226 3101 fontis
1277 3037 1653 3115 viderimus,
1707 3058 1866 3119 quos
1910 3035 2035 3101 nisi
2078 3037 2190 3120 qui
2230 3035 2515 3103 celeriter

465 3128 777 3214 cognorit,
831 3150 1180 3213 numquam
1232 3141 1576 3217 cognoscet
1628 3129 1910 3205 omnine,
1974 3138 2135 3205 tum,
2191 3130 2516 3211 quotiens-

463 3240 732 3305 cu-mque
785 3242 944 3308 opus
1000 3222 1145 3302 erit,
1201 3244 1282 3289 ex
1335 3224 1427 3289 eis
1484 3230 1752 3299 tantum,
1806 3232 2113 3305 quantum
2161 3242 2265 3285 res
2316 3232 2511 3307 petet,

348 3336 430 3377 124
465 3313 854 3393 hauriemus3
891 3336 1039 3379 nam
1076 3338 1283 3401 neque
1319 3328 1451 3381 tam
1484 3326 1584 3381 est
1617 3314 1777 3381 aeris
1814 3314 1982 3381 acies
2018 3313 2086 3379 in
2121 3314 2361 3381 naturis
2398 3314 2515 3381 ho-

463 3408 702 3473 minum
737 3418 804 3473 et
834 3408 1134 3495 ingeniis,
1187 3420 1258 3475 ut
1289 3432 1393 3475 res
1430 3418 1639 3476 tantas
1674 3408 2010 3493 quisquam
2043 3409 2169 3476 nisi
2202 3419 2512 3475 monstra-

461 3512 560 3565 tas
597 3502 802 3588 possit
831 3502 1077 3582 videre,
1112 3524 1320 3588 neque
1355 3514 1533 3569 tanta
1567 3514 1779 3570 tamen
1812 3504 1881 3569 in
1911 3504 2105 3569 rebus
2140 3501 2507 3579 obscuritas,

459 3604 532 3658 ut
583 3616 692 3660 eas
742 3618 873 3662 non
928 3596 1183 3682 penitus
1237 3598 1367 3663 acri
1428 3598 1525 3663 vir
1582 3596 1841 3683 ingenio
1900 3606 2143 3675 cernat,
2207 3596 2263 3661 si
2320 3593 2505 3660 modo

463 3688 797 3775 aspexerit.
884 3688 953 3753 in
986 3689 1110 3754 hoc
1153 3689 1348 3776 igitur
1391 3701 1567 3755 tanto
1619 3700 1751 3753 tam
1798 3689 2235 3773 immensoque
2287 3706 2506 3773 campo

461 3800 606 3845 eum
655 3780 844 3847 liceat
894 3782 1127 3850 oratori
1177 3784 1399 3870 vagari
1450 3784 1647 3848 libere
1692 3794 1881 3869 atque
1930 3784 2311 3866 ubicumque
2362 3802 2507 3847 con-

461 3874 714 3953 stiterit,
770 3874 1113 3941 conrs‘stere
1147 3874 1231 3939 in-
1249 3898 1397 3953 suo,
1450 3876 1635 3941 facile
1672 3876 2035 3963 suppeditat
2074 3876 2279 3943 omnis
2316 3896 2507 3961 appa-

350 3991 428 4031 125
461 3976 636 4029 ratus
689 3970 1074 4053 ornatusque
1128 3966 1406 4046 dicendi3
1458 3992 1671 4035 rerum
1722 3970 1891 4037 euim
1938 3969 2127 4055 copia
2176 3968 2505 4035 verborum

463 4058 707 4142 copiam
757 4060 988 4145 gignit3
1050 4071 1142 4139 et,
1208 4062 1264 4127 si
1313 4073 1417 4129 est
1466 4062 1767 4131 honestas
1818 4064 1887 4129 in
1934 4063 2127 4129 rebus
2176 4063 2364 4150 ipsis,
2428 4062 2506 4127 de
