2784 4575
923 242 1240 301 ORATOR
1274 245 1342 300 49
1356 245 1521 302 —57.
2120 239 2251 309 289

65 413 88 451 :
187 381 404 460 potest
439 391 582 435 esse
618 377 750 433 tam
794 367 1154 434 diversum?
1205 379 1419 434 tamen
1456 379 1555 434 est
1586 367 1656 434 in
1696 380 1963 455 utroque
2017 373 2252 460 aliquid

65 508 96 548 z:
189 465 531 532 excellens.
619 461 948 528 elaborant
999 462 1104 528 alii
1154 462 1223 528 in
1273 462 1532 529 lenitate
1584 473 1649 530 et
1700 464 2145 548 aequabilitate
2188 483 2255 539 et

69 603 96 644 Σ
186 581 352 648 puro
388 555 569 643 quasi
606 556 883 642 quodam
917 566 982 622 et
1027 556 1296 622 candido
1350 579 1585 644 genere
1622 557 1901 639 dicendi3
1956 581 2105 628 eece
2140 562 2257 629 ali-

65 699 86 739 3
189 654 304 740 qui
359 652 696 719 duritatem
731 661 796 717 et
837 651 1240 718 severitatem
1293 652 1612 737 quandam
1655 653 1867 720 verbis
1915 667 1980 722 et
2021 657 2252 725 oratio-

65 795 87 834 :
184 749 290 814 nis
327 745 511 833 quasi
543 744 927 812 maestitiam
971 756 1324 831 sequuntur
1330 772 1352 825 3
1408 748 1702 832 quodque
1744 748 1937 835 paulo
1974 762 2121 818 ante
2158 752 2253 818 di-

65 889 92 930 2·
185 844 484 921 visimus,
520 853 594 908 ut
629 842 734 908 alii
770 865 1030 929 graves,
1069 841 1176 908 alii
1209 853 1464 922 tenues,
1510 844 1617 909 alii
1650 847 1983 932 temperati
2014 848 2253 916 vellent

65 965 90 1026 '.-·
184 938 410 1016 videri,
449 946 604 1022 quot
639 937 992 1003 orationum
1027 959 1270 1023 genera
1301 960 1445 1004 esse
1482 937 1775 1018 diximus,
1812 940 2075 1008 totidem
2109 965 2251 1010 ora-

65 1083 92 1120 „
189 1045 402 1098 torum
435 1031 853 1118 reperiuntur.

66 1181 90 1218 ·‚
307 1127 400 1192 Et
433 1126 733 1210 quoniam
769 1127 950 1212 coepi
982 1126 1112 1192 iam
1147 1128 1525 1194 cumulatius
1560 1129 1685 1196 hoc
1724 1151 1957 1196 munus
1994 1153 2246 1220 augere,
2280 1127 2352 1240 15¹4?

66 1253 86 1313 ἰ
186 1244 384 1306 quam
428 1245 468 1286 a
513 1230 574 1286 te
620 1220 1010 1306 postulatum
1054 1232 1274 1301 est,—-
1307 1223 1424 1287 tibi
1476 1223 1645 1288 enim
1695 1233 1939 1290 tantum
1985 1227 2065 1292 de
2108 1251 2251 1294 ora-

183 1317 378 1383 tionis
431 1338 664 1404 genere
717 1316 1043 1400 quaerenti
1091 1317 1393 1405 respondi
1454 1317 1644 1384 'etiam
1694 1319 1969 1386 breviter
2021 1322 2100 1387 de
2151 1323 2250 1390 in-

65 1469 72 1504 3
182 1411 502 1478 veniendo
553 1422 620 1478 et
671 1410 1058 1476 conlocando
1115 1447 1203 1460 —-—
1251 1434 1336 1477 ne
1385 1434 1557 1478 nunc
1607 1413 1864 1497 quidem
1916 1415 2123 1482 solum
2166 1417 2248 1484 de

66 1561 79 1580 ς
183 1505 489 1570 orationis
524 1505 716 1570 modo
755 1505 982 1582 dicam,
1021 1504 1138 1571 sed
1171 1505 1361 1570 etiam
1399 1506 1479 1571 de
1514 1507 1809 1574 actionis:
1844 1509 1935 1575 ita
1965 1521 2248 1597 praeter-

66 1659 74 1666 .
181 1598 386 1664 missa
426 1622 578 1686 pars
631 1599 809 1663 nulla
849 1599 997 1676 erit3
1055 1599 1566 1685 quandoquidem
1611 1601 1690 1666 de
1732 1604 2039 1670 memoria
2087 1605 2246 1670 nihil

65 1687 74 1695 ’
183 1704 287 1759 est
338 1694 461 1760 hoc
511 1693 655 1759 loco
711 1694 1076 1772 dicendum,
1133 1717 1294 1778 quae
1349 1696 1701 1761 communis
1756 1707 1857 1762 est
1906 1698 2247 1764 multarum

183 1787 434 1853 artium.
525 1810 650 1873 quo
687 1789 878 1854 modo
915 1799 1128 1853 autem
1174 1789 1446 1866 dicatur,
1499 1790 1569 1854 id
1603 1800 1705 1855 est
1734 1790 1802 1855 in
1845 1790 2121 1870 duobus,
2176 1793 2245 1858 in
2286 1819 2339 1861 55

183 1882 438 1966 agendo
473 1899 539 1947 et
581 1882 649 1946 in
692 1882 1066 1965 eloquendo.
1156 1895 1256 1948 est
1297 1883 1469 1948 enim
1512 1884 1677 1950 actio
1730 1885 1912 1969 quasi
1963 1887 2243 1973 corporis

180 1975 499 2058 quaedam
553 1974 941 2058 eloquentia,
1005 1997 1152 2039 cum
1205 1987 1455 2041 constet
1506 2000 1543 2042 e
1594 1999 1751 2043 voce
1806 1987 1995 2080 atque
2044 1993 2239 2046 motu.

178 2068 359 2134 vocis
394 2070 778 2135 mutationes
831 2069 1096 2136 totidem
1130 2081 1281 2136 sunt
1325 2081 1481 2154 quot
1532 2069 1912 2150 animorum,
1966 2074 2076 2157 qui
2108 2096 2245 2138 ma-

177 2162 352 2228 xime
397 2185 560 2240 voce
597 2176 1090 2231 commoventur.
1177 2164 1391 2274 itaque
1427 2165 1561 2243 ille,
1622 2161 1997 2254 [perfectus]
2056 2189 2247 2252 quem
2333 2217 2335 2224 .

176 2256 310 2321 iam
347 2256 588 2322 dudum
621 2269 840 2325 nostra
872 2258 1112 2325 indicat
1154 2259 1381 2338 oratio,
1436 2269 1778 2344 utcumque
1816 2283 1885 2327 se
1924 2261 2245 2327 adfectum

177 2349 384 2415 videri
419 2362 484 2415 et
519 2351 798 2415 animum
843 2352 1156 2417 audientis
1191 2353 1437 2419 moveri
1480 2354 1677 2431 volet,
1731 2354 1823 2419 ita
1856 2367 2098 2421 certum
2131 2378 2245 2421 vo—

179 2442 272 2507 cis
311 2443 676 2509 admovebit
709 2467 936 2509 sonum
943 2470 962 2523 3
1002 2446 1081 2511 de
1117 2468 1243 2529 quo
1271 2447 1457 2532 plura
1483 2447 1776 2526 dicerem,
1816 2449 1872 2513 si
1905 2449 2027 2515 hoc
2061 2471 2245 2534 prae-

181 2537 458 2622 cipiendi
514 2547 764 2624 tempus
808 2550 980 2603 esset
1026 2550 1136 2603 aut
1171 2540 1227 2605 si
1262 2550 1332 2603 tu
1366 2539 1492 2605 hoc
1544 2562 1909 2624 quaereres;
1966 2542 2242 2607 dicerem

181 2630 376 2695 etiam
411 2631 490 2695 de
527 2642 742 2716 gestu,
783 2653 928 2695 cum
963 2653 1088 2716 quo
1123 2632 1374 2697 iunctus
1412 2644 1512 2698 est
1544 2634 1755 2699 voltus
1764 2658 1784 2713 3
1842 2633 2071 2718 quibus
2107 2656 2243 2699 om-

178 2724 369 2791 nibus
405 2723 531 2788 dici
566 2724 676 2789 vix
715 2735 930 2811 potest
973 2735 1278 2808 quantum
1327 2726 1578 2791 intersit
1629 2749 1819 2810 quem
1867 2726 1950 2791 ad
1982 2728 2242 2793 modum

68 2822 70 2831 '
180 2829 396 2884 utatur
447 2829 660 2885 orator
668 2844 688 2899 3
760 2841 912 2884 nam
965 2830 1030 2883 et
1086 2818 1364 2885 infantes
1428 2819 1693 2885 actionis
1756 2820 2062 2908 dignitate
2114 2822 2244 2888 elo·
2285 2848 2337 2889 56

68 2986 71 2991 ,
183 2915 479 3000 quentiae
533 2937 726 3002 saepe
787 2916 1063 2981 fructum
1116 2914 1392 2980 tulerunt
1446 2925 1511 2980 et
1562 2914 1783 2980 diserti
1845 2914 2242 2982 deformitate

68 3012 72 3023 '
183 3010 417 3095 agendi
451 3010 635 3075 multi
667 3009 944 3075 infantes
981 3008 1186 3096 putati
1220 3020 1399 3089 sunt,
1441 3020 1517 3074 ut
1546 3009 1676 3075 iam
1710 3031 1841 3075 non
1876 3010 2013 3075 sine
2050 3030 2243 3075 causa

68 3176 73 3203 Ι,
177 3102 656 3170 Demosthenes
711 3103 1001 3169 tribuerit
1051 3114 1138 3187 et¹
1166 3103 1407 3191 primas
1450 3114 1515 3168 et
1558 3104 1871 3169 secundas
1916 3113 1982 3169 et
2025 3102 2241 3171 tertias

179 3197 442 3264 actioni:
520 3198 575 3263 si
611 3197 780 3264 enim
825 3198 1186 3282 eloquentia
1234 3197 1413 3285 nulla
1448 3197 1585 3263 sine
1627 3197 1775 3276 hac,
1828 3197 1988 3263 haec
2030 3209 2243 3263 autem

68 3272 70 3311 ³
183 3292 320 3357 sine
383 3291 744 3374 eloquentia
802 3302 980 3357 tanta
1030 3303 1156 3371 est,
1221 3302 1392 3358 certe
1452 3291 1794 3377 plurimum
1844 3291 1914 3355 in
1974 3289 2241 3355 dicendo

68 3458 73 3475 ,
180 3394 412 3469 Ρθῑθθῒ·
518 3384 690 3449 Volet
739 3384 949 3470 igitur⁴
995 3385 1132 3463 ille,
1194 3384 1304 3469 qui
1363 3385 1761 3470 eloquentiae
1819 3384 2242 3472 principatum

67 3486 72 3563 ζ
180 3488 376 3564 petet,
414 3487 478 3541 et
514 3487 810 3542 contenta
845 3499 1002 3543 voce
1039 3479 1332 3545 atrociter
1366 3480 1575 3545 dicere
1613 3490 1676 3545 et
1712 3478 2053 3545 summissa
2084 3477 2243 3565 leni-

68 3582 72 3593 '
183 3583 281 3635 ter
318 3582 382 3636 et
415 3569 716 3637 inclinata
758 3570 961 3636 videri
1003 3571 1232 3658 gravis.
1257 3582 1320 3637 et
1353 3571 1589 3638 inflexa
1621 3571 2029 3651 miserabilis3
2080 3571 2243 3636 mira
2280 3596 2339 3639 m

68 3742 71 3749 ,
186 3675 284 3730 est
319 3664 491 3729 enim
526 3664 840 3748 quaedam
871 3674 1102 3730 natura
1133 3665 1340 3744 vocis,
1389 3665 1569 3731 cuius
1612 3666 1868 3750 quidem
1906 3663 1999 3754 [e]
2040 3664 2241 3730 tribus

68 3772 71 3849 ζ
186 3759 441 3825 omnino
497 3758 702 3837 sonis,
763 3757 1026 3836 inflexo,
1090 3770 1304 3837 acuto,
1359 3758 1571 3847 gravi,
1634 3768 1811 3825 tanta
1862 3760 1946 3825 sit
1997 3769 2064 3824 et
2112 3769 2241 3823 tam

189 3853 402 3919 suavis
445 3852 718 3919 varietas
771 3852 1055 3939 perfecta
1101 3849 1196 3940 [in
1231 3852 1573 3942 cantibus}
1661 3864 1763 3920 est
1807 3864 2018 3920 autem
2052 3853 2242 3919 etiam
2273 3867 2344 3923 18

185 3947 254 4010 in
289 3946 554 4013 dicendo
599 3948 858 4031 quidam
901 3958 1124 4013 cantus
1169 3948 1524 4027 obscurior,
1575 3971 1707 4015 non
1748 3948 1852 4013 hic
1886 3970 1921 4014 e
1955 3947 2243 4034 Phrygia

187 4051 251 4104 et
305 4036 499 4105 Caria
547 4040 874 4108 rhetorum
926 4040 1216 4130 epilogus
1267 4065 1474 4129 paene
1527 4042 1883 4128 canticum,
1948 4042 2063 4109 sed
2112 4042 2238 4120 ille,

293 4139 513 4188 δίεεωηὲε
533 4141 613 4185 vol.
636 4140 692 4185 11.
1824 4149 1887 4199 19
