2784 4575
506 240 640 310 378
1133 249 1211 304 Μ.
1249 247 1526 306 TULLII
1559 245 1967 305 cromoms

506 377 609 444 vir
648 374 891 463 legavit
942 379 1277 460 argentum
1328 393 1546 450 omne,
1600 369 1773 455 quod
1823 393 2013 436 suum
2057 383 2258 450 esset,
2309 372 2584 453 ideireo,

510 493 674 556 quae
726 469 795 534 in
843 466 1205 536 nominibus
1250 466 1536 544 fuerunt,
1589 464 1806 551 legata
1857 475 2035 545 sunt,
2088 467 2362 534 multum
2403 469 2590 536 enim

510 565 725 632 differt
754 564 827 632 in
858 584 1088 630 arcane
1138 561 1422 650 positum
1455 561 1540 627 sit
1589 569 1927 648 argentum
1969 583 2056 629 un
2085 561 2156 628 in
2189 563 2427 630 tabulis
2467 566 2588 631 de-

432 687 482 728 1·1
506 661 751 727 beatur.
838 680 923 726 ex
978 657 1295 724 eontra-io
1348 667 1565 722 autem
1615 655 1738 722 siet
1785 679 1922 722 non
1971 655 2164 723 debet
2203 681 2284 724 eu
2321 659 2588 739 mulier,

508 755 611 821 eui
646 754 745 820 vir
773 754 1089 820 bonorum
1120 774 1383 820 suorum
1415 773 1607 817 usum
1637 752 1920 816 fructum
1949 751 2222 838 legavit,
2263 753 2446 819 eellis
2481 755 2586 820 vi·-

506 849 703 916 nariis
746 859 813 914 et
862 847 1113 914 oleariis
1164 846 1371 935 plenis
1423 845 1691 925 relictis,
1741 857 1972 933 putare
2021 847 2094 911 id
2131 847 2219 912 ad
2261 869 2334 913 se
2376 849 2585 934 perti-

505 965 689 1010 nere·
670 988 691 1022 ‚
724 965 883 1008 usus
920 941 1119 1020 enim,
1154 963 1287 1008 non
1320 941 1592 1018 abusus,
1641 939 1896 1026 legatus
1929 951 2058 1006 est·
2111 963 2192 1006 ea
2225 951 2376 1006 sunt
2403 941 2586 1008 inter

434 1031 473 1084 4
515 1059 587 1104 se
642 1035 977 1104 eontrariu.
1072 1037 1155 1101 ab
1208 1034 1554 1100 adiunctis.
1609 1033 1665 1100 si
1713 1057 1796 1099 ea
1843 1033 2070 1100 mulier
2121 1045 2582 1102 testamentum

428 1105 687 1210 afficit,
722 1153 886 1216 quae
922 1153 995 1196 se
1029 1129 1238 1218 eapite
1278 1149 1628 1213 numquam
1661 1127 1995 1206 deminuit,
2039 1151 2172 1194 non
2203 1129 2460 1196 videtur
2493 1153 2584 1198 ex

507 1225 719 1292 edicto
764 1222 1137 1312 [praetoris]
1194 1224 1550 1291 seeundum
1599 1245 1709 1288 eas
1747 1222 1996 1288 tabulas
2038 1223 2366 1310 possessio
2399 1224 2582 1304 ditm

507 1320 889 1406 adiungetur
924 1319 1123 1397 enim,
1176 1329 1251 1384 ut
1284 1317 1634 1384 secundum
1671 1337 2026 1395 servorum,
2073 1318 2428 1383 seeundum
2461 1342 2582 1385 ex-

510 1415 748 1492 sulum,
802 1413 1155 1480 seeundum
1205 1435 1549 1502 puerorum
1601 1411 1850 1478 tabulas
1902 1411 2226 1498 possessio
2277 1412 2582 1480 videatur

428 1531 481 1572 ιο
508 1531 593 1575 ex
624 1508 832 1574 edicto
874 1508 1031 1574 dari.
1128 1508 1211 1573 ab
1247 1506 1766 1573 antecedentibus
1827 1517 2040 1572 autem
2073 1517 2140 1572 et
2173 1528 2580 1592 consequen-

510 1604 681 1668 tibus
716 1613 781 1668 et
812 1602 1314 1690 repugnantibus
1350 1601 1476 1667 hoe
1515 1601 1736 1668 modo:
1789 1602 1872 1666 ab
1909 1601 2428 1668 mteeedenfibus
2441 1627 2462 1668 ε
2515 1603 2576 1669 si

506 1696 627 1762 viri
662 1697 849 1784 eulpa
880 1697 1123 1762 factum
1156 1706 1257 1762 est
1289 1694 1660 1773 divortium,
1713 1693 2094 1760 etsi-mulier
2143 1695 2440 1761 nuntium
2471 1719 2581 1763 re-

430 1814 485 1854 20
509 1791 709 1869 misit,
762 1803 977 1856 tamen
1013 1813 1131 1878 pro
1164 1789 1381 1856 liberis
1415 1811 1674 1854 manere
1723 1786 1882 1854 nihil
1913 1801 2183 1876 oportet.
2273 1815 2312 1856 a
2341 1812 2578 1857 eonse-

510 1884 877 1970 quentibus:
924 1885 980 1952 si
1010 1885 1269 1963 mulier,
1315 1905 1462 1949 eum
1495 1883 1726 1948 fuisset
1756 1895 1959 1970 nupta
1991 1905 2138 1950 eum
2167 1907 2276 1964 eo,
2311 1884 2576 1970 quicum

504 1979 844 2044 conubium
878 2001 1011 2046 non
1042 1990 1240 2057 esset,
1276 1978 1572 2042 nuntium
1603 1978 1874 2055 remisit,
1927 1977 2252 2062 quoniam,
2287 1979 2398 2063 qui
2427 1981 2574 2045 nati

508 2083 683 2150 sunt,
746 2082 995 2159 putrem
1042 2094 1177 2137 non
1230 2083 1607 2155 sequuntur,
1667 2093 1786 2158 pro
1835 2071 2052 2137 liberis
2101 2093 2345 2138 manere
2393 2073 2568 2136 nihi}

423 2189 476 2228 21
504 2177 771 2252 oportet.
860 2189 900 2232 a
939 2166 1472 2252 repugnantibus:
1511 2167 1566 2232 si
1599 2166 2056 2253 paterfamilias
2087 2165 2262 2231 uxori
2293 2165 2570 2230 aneilla„-

504 2282 647 2325 rum
697 2281 886 2327 usum
938 2260 1216 2329 fructum
1266 2258 1508 2347 legavit
1553 2283 1592 2325 a
1633 2259 1764 2326 filio
1805 2281 2013 2345 neque
2045 2283 2094 2326 a-
2123 2259 2400 2327 seeundo
2449 2259 2576 2329 he·-

501 2354 655 2419 rede
689 2354 947 2441 legavit,
982 2366 1233 2423 mortuo
1264 2354 1400 2421 filio
1431 2354 1660 2421 mulier
1683 2376 1876 2421 usum
1907 2355 2186 2421 &nomm
2215 2376 2347 2421 non
2381 2355 2574 2421 amit-

498 2448 605 2528 tit;
650 2450 821 2534 quod
854 2450 1025 2515 enim
1061 2448 1258 2516 semel
1292 2460 1674 2517 testamento
1725 2449 1916 2515 alicui
1951 2450 2173 2515 danim
2207 2461 2336 2528 est,
2380 2448 2450 2514 id
2483 2452 2574 2515 ab

501 2566 577 2609 eo
638 2544 867 2622 invito,
932 2544 1033 2609 oui
1085 2545 1303 2609 datum
1356 2554 1484 2622 est,
1548 2543 1785 2610 ausen-i
1839 2566 1970 2611 non
2018 2555 2258 2631 potest3
2319 2556 2572 2630 pugnat

420 2660 473 2702 22
500 2637 669 2703 enim
702 2648 877 2705 reete
910 2638 1199 2725 accipere
1239 2649 1309 2704 et
1338 2638 1611 2703 invitum
1641 2638 1932 2706 reddere.
2021 2639 2104 2703 ab
2139 2636 2570 2705 efficientibus

497 2730 691 2797 rebus
729 2732 851 2796 hoo
886 2733 1109 2798 modo:
1164 2732 1458 2799 omnibns
1511 2743 1614 2799 est
1645 2730 1744 2797 ius
1777 2731 2092 2819 parietem,
2139 2731 2452 2797 directum
2485 2732 2574 2797 ad

498 2826 808 2911 parietem
861 2848 1263 2893 eommunem
1298 2826 1644 2913 adiungere
1687 2827 1791 2891 vel
1841 2826 2120 2893 solidum
2151 2824 2258 2895 vel
2290 2825 2576 2893 fornica-

498 2932 662 2995 tum3
720 2919 835 2985 sed
870 2920 979 3004 qui
1012 2921 1080 2985 in
1114 2921 1357 3009 pariete
1390 2921 1712 2987 communi
1765 2919 2164 2987 demoliendo
2217 2919 2436 2986 damni
2467 2920 2570 2985 in-

498 3011 651 3077 fecti
684 3014 1073 3099 promiserit,
1127 3037 1259 3081 non
1294 3014 1554 3083 debebit
1583 3024 1939 3102 praestare,
1973 3014 2160 3099 quod·
2180 3014 2393 3083 fornix
2427 3015 2574 3081 vitii

496 3105 721 3171 feeerit
727 3132 747 3185 3
799 3131 931 3175 non
966 3108 1139 3191 enim
1172 3110 1309 3175 eius
1350 3105 1670 3195 [parietis]
1707 3108 1890 3187 vitio,
1924 3108 2033 3192 qui
2069 3108 2406 3175 demolitus
2443 3120 2572 3186 est,

496 3200 800 3265 damnum
835 3202 1075 3269 factum
1108 3214 1237 3281 est,
1278 3203 1393 3269 sed
1427 3203 1566 3269 eius
1601 3202 1816 3289 operis
1848 3202 2026 3281 vitio,
2060 3203 2232 3287 quod
2263 3202 2356 3269 ita
2389 3203 2574 3269 aedi-

417 3320 469 3361 23
494 3296 755 3363 ficetum
806 3309 935 3376 est,
988 3308 1063 3363 ut
1115 3297 1424 3384 sus-pendi
1453 3300 1602 3365 non'
1633 3296 1860 3385 possit.
1947 3298 2031 3363 ab
2065 3296 2311 3364 effectis
2361 3298 2568 3363 rebus

494 3390 617 3457 hoe
644 3392 871 3459 modo:
928 3412 1073 3457 eum
1105 3391 1333 3461 mulier
1382 3392 1521 3459 viro
1553 3392 1623 3457 in
1655 3414 1920 3457 manum
1947 3392 2270 3471 convenit,
2323 3390 2571 3467 omnia,

494 3506 659 3570 quae
690 3485 975 3552 mulieris
1026 3486 1317 3565 fuerunt,
1366 3485 1489 3553 viri
1519 3486 1684 3553 fiunt
1715 3486 1886 3553 dotis
1932 3486 2208 3553 nomine.
2267 3508 2354 3552 ex
2387 3507 2574 3551 eom-

490 3580 823 3667 paratione
883 3591 1095 3647 autem
1156 3580 1371 3649 omnia.
1431 3580 1674 3660 valent,
1737 3602 1904 3666 quse
1955 3592 2104 3647 sunt
2155 3578 2294 3647 eius
2353 3579 2574 3647 modi:

494 3676 667 3758 quod
696 3674 767 3741 in
797 3698 870 3743 re
902 3675 1142 3743 maiore
1176 3676 1374 3755 valet,
1419 3676 1630 3743 valeat
1659 3676 1730 3741 in
1761 3676 2036 3756 minore,
2071 3687 2172 3755 ut,
2207 3674 2266 3743 si
2297 3674 2367 3741 in
2399 3677 2574 3741 urbe

492 3768 653 3835 fines
706 3792 838 3836 non
877 3781 1212 3857 regantur,
1264 3793 1347 3837 ne
1401 3792 1568 3854 aqua
1619 3769 1874 3854 quidem
1922 3770 1994 3837 in
2035 3770 2194 3836 urbe
2247 3779 2570 3835 areentur.

492 3861 647 3927 item
698 3874 947 3929 eontra:
1009 3865 1182 3949 quod
1228 3863 1299 3929 in
1348 3865 1616 3931 minore-
1649 3864 1846 3944 valet,
1909 3864 2119 3931 valeat
2165 3862 2236 3929 in
2295 3863 2570 3930 maiore.

492 3952 641 4018 lieet
672 3956 845 4021 idem
888 3957 1250 4043 exemplum
1298 3969 1685 4025 convertere.
1773 3958 1954 4025 item=
2007 3959 2181 4044 quod
2211 3957 2280 4023 in
2311 3980 2382 4023 re
2417 3957 2572 4044 pari

494 4044 695 4119 valet,
746 4048 955 4115 valeat
1004 4050 1073 4113 in
1124 4050 1271 4128 hae,
1328 4072 1491 4135 quae
1542 4074 1659 4138 par
1711 4064 1838 4131 est3
1891 4065 1989 4119 utz
2045 4052 2347 4138 quonium
2398 4074 2576 4118 usus
