2784 4575
738 284 843 341 DE
880 282 1249 339 ORATORE
1286 284 1389 339 111.
1429 284 1734 339 121-129.
2141 273 2266 337 171

207 410 437 495 quibus
492 407 745 485 dicitur,
801 406 1052 473 exsistit
1106 402 1219 491 [ex
1267 404 1367 493 re]
1424 404 1727 471 naturalis
1765 406 2024 489 quidam
2059 408 2274 493 splen-

204 506 325 570 dor
366 504 434 569 in
470 502 699 569 verbis.
790 500 873 566 sit
914 501 1106 567 modo
1149 500 1237 578 is,
1292 500 1401 584 qui
1436 500 1601 565 dicet
1635 510 1746 567 aut
1780 500 2042 579 scribet,
2093 501 2275 567 insti-

208 608 382 662 tutus
427 595 771 661 liberaliter
816 594 1187 661 educatione
1224 592 1635 676 doctrinaque
1686 593 1914 680 puerili
1948 604 2013 659 et
2045 594 2275 680 flagret

209 689 423 757 studio
459 700 525 757 et
560 713 599 755 a
630 700 859 779 natura
902 687 1233 754 adiuvetur
1270 698 1334 753 et
1375 687 1444 751 in
1495 686 1934 753 universorum
1969 709 2276 774 generum

208 784 471 851 infinitis
509 784 1071 871 disceptationibus
1108 783 1488 849 exercitatus
1535 782 1972 849 ornatissimos
2009 783 2277 869 scripto-

210 902 315 945 res
352 890 761 963 oratoresque
797 878 881 945 ad
919 878 1435 966 cognoscendum
1479 877 1977 961 imitandumque
2021 877 2276 965 delege-

208 974 321 1051 rit,
373 994 456 1039 ne
496 973 603 1037 ille
638 972 811 1039 haud
843 993 1027 1050 sane,
1082 992 1273 1055 quem
1300 972 1390 1051 ‘ad
1434 972 1694 1035 modum
1746 970 1943 1036 verba
1977 980 2180 1037 struat
2211 983 2279 1037 et

210 1067 571 1143 inluminet,
628 1088 667 1131 a
700 1064 1021 1153 magistris
1056 1064 1197 1131 istis
1248 1064 1556 1149 requiret3
1609 1064 1700 1129 ita
1734 1062 1922 1130 facile
1964 1063 2030 1129 in
2065 1086 2276 1131 rerum

210 1160 602 1225 abundantia
634 1159 719 1223 ad
745 1158 1045 1225 orationis
1072 1168 1446 1224 ornamenta
1475 1157 1610 1223 sine
1638 1158 1818 1236 duce,
1855 1170 2082 1223 natura
2111 1158 2274 1245 ipsa,

210 1256 269 1321 si
302 1256 495 1321 modo
530 1266 655 1333 est,
690 1254 1107 1321 excitabitur?

332 1350 463 1415 Hic
499 1346 768 1415 Catulus
816 1348 914 1413 ‘di
945 1348 1385 1425 immortales,’
1439 1347 1643 1431 inquit
1688 1352 2026 1432 ‘quantam
2058 1370 2272 1415 rerum
2306 1348 2378 1403 32

212 1443 603 1520 varietatem,
642 1453 943 1551 quantam
977 1441 1127 1520 vim,
1164 1451 1470 1525 quantam
1505 1440 1772 1527 copiam,
1812 1439 2069 1520 Crasse,
2107 1463 2280 1509 com·

212 1537 441 1623 plexus
478 1558 549 1602 es
587 1536 967 1620 quantisque
1021 1558 1105 1601 ex
1138 1535 1452 1621 angustiis
1489 1545 1804 1599 oratorem
1856 1534 2128 1601 educere
2164 1558 2278 1602 au-

220 1653 331 1696 sus
366 1652 437 1697 es
474 1641 541 1695 et
580 1630 651 1696 in
682 1630 992 1695 maiorum
1040 1652 1299 1695 suorum
1337 1651 1540 1715 regno
1593 1628 1950 1695 conlocarel
2003 1652 2278 1715 namque

213 1725 357 1791 illos
398 1734 645 1789 veteres
684 1725 976 1791 doctores
1023 1734 1440 1807 auctoresque
1473 1721 1745 1788 dicendi
1793 1722 2036 1789 nullum
2071 1746 2276 1810 genus

214 1817 661 1905 disputationis
699 1841 739 1883 a
775 1840 845 1883 se
882 1818 1158 1883 alienum
1192 1828 1454 1904 putasse
1507 1816 1866 1903 accepimus
1903 1838 2278 1903 semperque

214 1934 361 1977 esse
394 1911 464 1975 in
498 1912 671 1978 omni
706 1911 1007 1977 orationis
1042 1911 1289 1977 ratione
1324 1920 1641 1988 versatos3
1695 1932 1778 1975 ex
1813 1910 2040 1993 quibus
2075 1910 2278 1977 Eleus

214 2006 523 2093 Hippias,
570 2027 716 2071 cum
752 2005 1126 2092 Olympiam
1158 2004 1444 2071 venisset
1478 2003 1755 2071 maxima
1785 2003 1898 2068 illa
1931 2003 2282 2089 quinquen-

216 2101 348 2165 nali
382 2101 747 2167 celebritate
781 2100 1103 2180 ludorum,
1158 2098 1466 2187 gloriatus
1511 2108 1611 2163 est
1663 2108 1888 2163 cuncta
1929 2120 2134 2184 paene
2171 2122 2282 2165 au·-

216 2194 428 2259 diente
485 2192 761 2259 Graecia
820 2193 979 2260 nihil
1039 2216 1184 2260 esse
1237 2192 1370 2257 ulla
1421 2192 1489 2256 in
1539 2202 1674 2257 arte
1722 2213 1936 2257 rerum
1999 2191 2280 2257 omnium

214 2287 390 2370 quod
422 2286 563 2374 ipse
596 2286 898 2367 nesciret;
942 2309 1065 2356 nec
1100 2289 1309 2354 solum
1342 2286 1462 2352 has
1499 2286 1681 2365 artis,
1719 2285 1950 2371 quibus
1985 2285 2280 2354 liberales

218 2379 541 2447 doctrinae
576 2391 765 2464 atque
798 2380 1115 2468 ingenuae
1150 2382 1638 2458 continerentur,
1675 2381 2107 2468 geometriam,
2143 2405 2283 2447 mu-

220 2474 437 2551 sicam,
462 2473 812 2538 litterarum
842 2475 1266 2561 cognitionem
1295 2486 1361 2539 et
1386 2479 1718 2560 poetarum
1746 2485 1934 2558 atque
1959 2475 2089 2552 illa,
2119 2496 2282 2558 quae

218 2569 301 2634 de
334 2567 577 2634 naturis
631 2589 873 2645 rerum,
928 2589 1093 2651 quae
1141 2569 1222 2635 de
1266 2567 1596 2633 hominum
1638 2567 1950 2646 moribus,
2003 2590 2167 2651 quae
2203 2567 2283 2632 de

218 2664 411 2728 rebus
445 2661 719 2748 publicis
759 2661 1144 2739 dicerentur,
1188 2662 1225 2696 ⁴*
1274 2661 1389 2726 sed
1425 2660 1710 2737 anulum,
1765 2681 1956 2744 quem
2000 2661 2282 2738 haberet,

219 2755 512 2844 pallium,
567 2776 707 2839 quo.
728 2753 1029 2832 amictus,
1084 2775 1327 2831 soccos,
1364 2754 1595 2838 quibus
1631 2753 1888 2818 indutus
1927 2765 2127 2833 esset,
2165 2776 2286 2820 sua

90 2923 101 2929 ‚
220 2872 415 2914 manu
448 2848 822 2916 confecisse.
912 2848 1156 2914 scilicet
1187 2847 1375 2912 nimis
1414 2847 1520 2912 hic
1555 2847 1810 2933 quidem
1845 2857 1954 2912 est
1985 2871 2282 2935 progres-

220 2967 363 3022 sus,
420 2945 535 3010 sed
578 2967 661 3012 ex
704 2967 781 3012 eo
814 2943 957 3031 ipso
1002 2952 1105 3010 est
1136 2942 1500 3008 coniectura
1543 2941 1778 3020 facilis,
1813 2954 2122 3026 quantum
2161 2942 2289 3008 sibi

220 3039 315 3104 illi
367 3050 648 3106 oratores
702 3039 785 3104 de
835 3037 1361 3126 praeclarissimis
1417 3036 1656 3102 artibus
1713 3036 2115 3123 appetierint,
2177 3035 2288 3120 qui

220 3156 305 3200 ne
340 3133 723 3201 sordidiores
760 3132 1017 3217 quidem
1048 3131 1463 3219 repudiarint.
1526 3130 1680 3215 quid
1715 3131 1794 3196 de
1819 3130 2096 3196 Prodico
2126 3127 2284 3206 Ceo,

220 3229 305 3292 (le
357 3227 839 3312 Thrasymacho
896 3225 1363 3306 Calchedonio‚
1427 3226 1508 3291 de
1554 3225 1914 3312 Protagora
1974 3223 2290 3290 Abderita

222 3323 483 3403 loquar?
536 3344 804 3406 quorum
846 3344 1013 3388 unus
1052 3322 1318 3406 quisque
1362 3318 1704 3406 plurimum
1738 3319 2127 3429 temporibus
2163 3318 2286 3384 illis

224 3415 419 3484 etiam
456 3415 539 3480 de
570 3427 797 3480 natura
849 3438 1063 3483 rerum
1097 3428 1161 3482 et
1196 3415 1496 3481 disseruit
1531 3423 1598 3481 et
1647 3413 1920 3501 scripsit.
2009 3412 2148 3500 ipse
2180 3411 2286 3478 ille

226 3507 585 3576 Leontinus
622 3506 933 3594 Gorgias,
990 3531 1113 3594 quo
1148 3520 1448 3596 patrone,
1488 3518 1568 3574 ut
1597 3508 1785 3573 Plato
1821 3506 2050 3586 voluit,
2084 3505 2290 3594 philo-

226 3601 434 3688 sopho
472 3601 803 3667 succubuit
836 3611 1077 3681 orator,
1131 3603 1241 3687 qui
1276 3613 1385 3669 aut
1427 3625 1556 3668 non
1591 3611 1691 3668 est
1731 3601 1936 3666 victus
1987 3621 2292 3684 umquam

226 3721 271 3762 a
306 3696 573 3764 Socrate
622 3717 830 3780 neque
882 3719 1091 3764 sermo
1136 3697 1244 3762 ille
1283 3696 1576 3764 Platonis
1627 3717 1818 3762 verus
1863 3706 1990 3774 est3
2044 3703 2179 3774 aut,
2233 3692 2294 3760 si

224 3800 331 3858 est
367 3789 631 3879 [victus]
646 3837 665 3869 ,
719 3790 1113 3874 eloquentior
1146 3790 1442 3857 videlicet
1473 3789 1595 3856 fuit
1628 3800 1692 3856 et
1735 3789 2024 3855 disertior
2060 3787 2292 3854 Socra·-

228 3897 326 3952 tes
364 3896 455 3962 et,
508 3895 587 3950 ut
614 3895 686 3950 tu
722 3883 1038 3971 appellas,
1092 3883 1409 3970 copiosior
1443 3894 1508 3950 et
1539 3882 1764 3950 melior
1808 3893 2019 3950 orator
2047 3917 2140 3930 --
2174 3881 2291 3947 sed

226 3978 333 4042 hic
367 3977 436 4044 in
476 3977 586 4043 illo
629 3979 771 4066 ipso
802 3977 1093 4046 Platonis
1147 3979 1309 4046 libro
1355 3979 1436 4044 de
1490 3977 1664 4044 omni
1701 3999 1802 4055 re,
1855 3996 2289 4062 quaecumque

224 4075 297 4140 in
332 4072 855 4160 disceptationem
906 4073 1475 4158 quaestionemque
1527 4082 1816 4150 vocetur,
1869 4094 1940 4138 se
1985 4070 2292 4158 copiosis-

2311 1420 2392 1462 126

2315 1938 2394 1979 127

2320 2873 2398 2914 128

2323 3435 2399 3478 129
