2784 4575
817 286 925 341 DE
962 280 1328 341 ORATORE
1362 283 1440 339 11.
1476 283 1785 338 302--311.
2204 270 2328 337 129

274 414 537 477 insanus
591 431 734 476 esse
786 408 1093 473 videatur.
1128 444 1216 455 —-
1247 406 1313 471 in
1364 405 1523 494 ipsis
1577 416 1788 471 autem
1839 407 2227 493 argumentis
2271 408 2328 473 si
2364 434 2442 475 sos

276 506 433 590 quid
480 504 770 591 posueris
826 513 937 568 aut
988 512 1203 588 aperte
1252 501 1488 566 falsum
1549 513 1660 567 aut
1709 501 1796 579 ei,
1865 502 2036 585 quod
2095 500 2328 566 dixeris

274 600 641 664 dicturusve
678 597 796 676 sis,
851 596 1233 662 contrarium
1268 606 1377 660 aut
1429 617 1663 681 genere
1707 595 1848 681 ipso
1902 606 2215 660 remotum
2247 596 2329 661 ab

272 700 402 759 u‘su
434 693 807 759 iudiciorum
842 713 918 757 ac
950 692 1121 770 foro,
1156 690 1398 755 nihilne
1432 690 1703 756 noceas?
1741 689 1892 775 quid
1909 689 2161 755 multa?
2196 712 2333 755 om-

276 789 377 853 nis
413 810 565 853 cura
596 810 741 854 mea
775 786 938 853 solet
969 786 1037 849 in
1072 785 1193 851 hoc
1227 784 1470 851 versari
1513 806 1764 871 semper
1797 820 1887 832 —-
1919 784 2127 849 dicam
2161 785 2333 849 enim

274 882 532 969 saepius
572 920 663 931 —
705 880 761 947 si
801 881 1072 968 possim,
1124 890 1196 944 ut
1238 880 1391 946 boni
1435 879 1708 944 efficiam
1753 878 1990 962 aliquid
2033 878 2329 955 dicend03

272 978 379 1043 sin
411 978 481 1041 id
510 977 748 1054 minus,
785 986 858 1039 ut
891 985 1061 1040 certe
1093 996 1176 1039 ne
1211 974 1365 1058 quid
1399 974 1571 1039 mali.

397 1072 625 1153 Itaque
658 1090 829 1134 nunc
861 1068 1013 1133 illuc
1046 1068 1268 1146 redeo,
1322 1066 1585 1146 Catule,
1636 1066 1705 1131 in
1740 1087 1864 1150 quo
1901 1077 1971 1131 tu
2003 1088 2108 1131 me
2141 1066 2330 1153 paulo
2367 1062 2445 1175 ἐξὲξ

278 1174 429 1229 ante
470 1163 809 1240 laudabas,
864 1162 948 1226 ad
1000 1160 1286 1226 ordinem
1338 1160 1963 1243 conlocationemque
2004 1182 2216 1225 rerum
2259 1180 2334 1223 ac

276 1258 591 1335 locorum3
645 1257 823 1321 cuius
858 1254 1020 1321 ratio
1056 1266 1155 1320 est
1190 1256 1425 1342 duplex
1435 1282 1454 1333 ;
1492 1256 1714 1332 altera,
1751 1276 1943 1339 quam
1979 1253 2186 1319 adfert
2217 1276 2334 1318 na-

275 1362 423 1417 tura
456 1373 815 1427 causarum,
868 1350 1092 1427 altera,
1147 1371 1307 1433 quae
1344 1359 1665 1414 oratorum
1696 1348 1927 1415 iudicio
1963 1359 2028 1413 et
2059 1349 2334 1436 pruden-

275 1444 369 1508 tia
404 1454 830 1530 comparatur:
866 1464 1017 1507 nam
1050 1452 1123 1505 ut
1150 1442 1387 1526 aliquid
1422 1452 1567 1507 ante
1601 1464 1738 1507 rem
1765 1442 2068 1519 dicamus,
2107 1442 2334 1507 deinde

278 1547 352 1601 ut
383 1559 522 1601 rem
558 1558 979 1622 exponamus,
1033 1545 1183 1621 post
1216 1546 1287 1599 ut
1324 1558 1466 1599 eam
1500 1536 1841 1621 probemus
1883 1536 2116 1601 nostris
2151 1558 2335 1622 prae-

278 1629 458 1695 sidiis
494 1629 939 1696 confirmandis
952 1677 971 1708 ,
1024 1628 1351 1693 contrariis
1390 1628 1772 1706 refutandis,
1817 1628 2046 1694 deinde
2079 1640 2152 1693 ut
2186 1650 2336 1693 con-

276 1722 610 1789 cludamus
649 1733 837 1807 atque
871 1722 963 1787 ita
995 1744 1392 1809 peroremus,
1457 1721 1580 1788 hoc
1631 1722 1884 1786 dicendi
1935 1733 2164 1787 natura
2195 1722 2337 1807 ipsa

276 1816 676 1903 praescribit3
729 1827 802 1881 ut
833 1838 985 1882 vero
1023 1826 1371 1882 statuamus
1409 1838 1512 1893 ea,
1569 1838 1732 1899 quae
1773 1813 1882 1901 [de
1924 1816 2236 1902 probandi
2270 1826 2334 1879 et
2369 1838 2449 1878 308

274 1910 550 1977 docendi
584 1909 805 1997 causa]
846 1910 1118 1976 dicenda
1150 1920 1318 1989 sunt,
1356 1932 1548 1994 quem
1583 1910 1666 1975 ad
1699 1910 1961 1976 modum
1995 1932 2335 1996 compona-

278 2026 450 2083 mus,
503 2005 574 2070 id
622 2015 723 2071 est
772 2004 877 2070 vel
928 2005 1205 2071 maxime
1256 2005 1584 2092 proprium
1633 2004 1898 2071 oratoris
1943 2004 2333 2092 prudentiae.

278 2099 480 2164 multa
512 2100 682 2164 enim
710 2110 1047 2164 occurrunt
1074 2112 1449 2185 argumenta
1456 2125 1475 2178 3
1511 2098 1730 2178 multa,
1768 2120 1930 2182 quae
1964 2099 2033 2162 in
2068 2098 2335 2164 dicendo

276 2193 612 2278 profutura
643 2192 977 2259 videantur
985 2220 1003 2273 3
1059 2194 1175 2259 sed
1210 2216 1431 2259 eorum
1465 2193 1697 2280 partim
1729 2192 1821 2257 ita
1853 2192 2020 2257 levia
2055 2202 2229 2270 sunt,
2265 2202 2338 2257 ut

278 2286 740 2352 contemnenda
766 2287 917 2366 sint3
952 2289 1201 2375 partim,
1238 2287 1489 2353 etiamsi
1524 2289 1678 2374 quid
1701 2286 1940 2354 habent
1971 2285 2335 2365 adiumenti,

278 2388 430 2444 sunt
462 2401 593 2444 non
625 2401 971 2464 numquam
1008 2382 1141 2447 eius
1177 2382 1371 2460 modi,
1407 2392 1480 2446 ut
1511 2382 1665 2448 insit
1697 2383 1765 2446 in
1800 2381 1892 2448 eis
1930 2381 2168 2464 aliquid
2201 2380 2338 2444 vitii

279 2494 487 2556 neque
522 2473 680 2537 tanti
715 2473 798 2538 sit
830 2474 1007 2552 illud,
1044 2476 1217 2558 quod
1248 2476 1558 2562 prodesse
1593 2476 1898 2553 videatur,
1936 2485 2008 2538 ut
2040 2495 2188 2538 cum
2223 2473 2337 2536 ali-

280 2587 407 2649 quo
468 2565 638 2630 malo
698 2566 1146 2652 coniungatur;
1208 2589 1372 2651 quae
1427 2577 1640 2632 autem
1699 2568 1878 2632 utilia
1939 2577 2088 2632 sunt
2147 2576 2336 2648 atque
2369 2589 2446 2630 ³09

278 2660 489 2736 firma,
544 2658 601 2722 si
636 2681 713 2723 ea
747 2669 988 2737 tamen,
1042 2670 1116 2724 ut
1150 2683 1343 2746 saepe
1375 2661 1477 2738 fit,
1535 2659 1721 2724 valde
1763 2659 1966 2724 multa
2007 2668 2184 2736 sunt,
2239 2680 2334 2735 ea,

276 2774 443 2836 quae
481 2774 563 2816 ex
597 2752 691 2817 eis
728 2763 840 2817 aut
871 2752 1199 2819 levissima
1249 2763 1399 2819 sunt
1433 2764 1543 2818 aut
1578 2753 1717 2818 aliis
1754 2753 2148 2838 gravioribus
2185 2773 2337 2817 con-

278 2845 539 2924 similia,
594 2847 841 2913 secerni
891 2846 1161 2913 arbitrcr
1211 2857 1504 2933 oportere
1557 2857 1744 2930 atque
1789 2869 1871 2911 ex
1913 2846 2194 2912 oratione
2235 2867 2336 2910 re-

277 2939 549 3004 moveri:
604 2939 898 3024 equidem
932 2962 1080 3006 cum
1113 2939 1364 3026 conligo
1403 2950 1777 3028 argumenta
1811 2960 2172 3017 causarum,
2207 2961 2337 3004 non

278 3047 412 3097 tam
466 3055 545 3098 ea
592 3057 925 3100 numerare
978 3034 1153 3102 soleo
1207 3055 1401 3118 quam
1451 3034 1838 3121 expendere3
1904 3044 1969 3098 et
2019 3033 2334 3118 quoniam,
2371 3029 2449 3141 {17⁰

280 3127 453 3211 quod
490 3149 680 3214 saepe
713 3128 843 3194 iam
880 3128 1041 3207 dixi,
1096 3127 1297 3194 tribus
1349 3129 1541 3194 rebus
1596 3127 1883 3194 homines
1921 3127 2004 3192 ad
2052 3137 2338 3192 nostram

280 3223 660 3286 sententiam
692 3223 1127 3308 perducimus,
1182 3233 1291 3289 aut
1326 3223 1612 3289 docendo
1649 3232 1759 3287 aut
1801 3221 2192 3288 conciliando
2229 3231 2336 3284 aut

279 3315 738 3398 permovendo,
790 3339 919 3381 una
953 3340 1034 3382 ex
1070 3316 1271 3382 tribus
1306 3317 1410 3382 his
1460 3318 1650 3383 rebus
1685 3339 1789 3382 res
1823 3337 1976 3403 prae
2019 3315 2203 3380 nobis
2239 3324 2339 3380 est

280 3407 572 3485 ferenda,
626 3419 697 3473 ut
728 3409 886 3474 nihil
932 3411 1104 3475 aliud
1136 3411 1263 3476 nisi
1314 3412 1543 3476 docere
1578 3410 1742 3478 velle
1784 3410 2111 3476 videamur
2118 3435 2138 3489 3
2188 3409 2337 3474 reli-

276 3520 446 3582 quae
482 3499 674 3579 duae,
712 3500 899 3567 sicuti
934 3504 1195 3590 sanguis
1230 3505 1300 3568 in
1333 3505 1732 3592 corporibus,
1787 3504 1880 3570 sic
1911 3505 2058 3569 illae
2091 3504 2160 3568 in
2193 3524 2338 3590 per-

279 3593 489 3680 petuis
545 3594 933 3662 orationibus
979 3597 1163 3663 fusae
1198 3620 1343 3664 esse
1386 3600 1736 3678 debebunt3
1795 3595 1974 3685 [nam
2009 3609 2073 3662 et
2104 3596 2337 3684 princi-

276 3687 390 3774 pia
440 3697 507 3753 et
558 3699 805 3755 ceterae
856 3701 1072 3778 partes
1125 3691 1458 3771 orationis,
1523 3693 1605 3758 de
1655 3691 1884 3777 quibus
1948 3693 2139 3779 paulo
2188 3700 2339 3778 post

277 3804 487 3868 pauca
528 3783 840 3864 dicemus,
895 3785 1130 3852 habere
1182 3787 1347 3852 hanc
1380 3787 1512 3852 vim
1552 3809 1787 3874 magno
1840 3807 2030 3872 opere
2083 3784 2333 3860 debent,

280 3885 352 3938 ut
386 3877 469 3940 ad
504 3899 722 3943 eorum
758 3879 1016 3959 mentis,
1073 3881 1245 3968 apud
1276 3903 1437 3966 quos
1493 3891 1742 3968 agetur,
1796 3878 2144 3945 movendas
2193 3901 2339 3965 per-

281 3990 539 4034 manare
572 3971 871 4062 possint.]
964 3973 1080 4040 sed
1121 3973 1221 4040 his
1272 3974 1559 4062 partibus
1613 3974 1912 4041 orationis
1966 3995 2157 4059 quae,
2213 3971 2335 4038 etsi
2369 3997 2447 4038 311

276 4061 438 4126 nihil
473 4063 721 4150 ,docent
776 4065 1335 4156 [argumentando]
1350 4117 1367 4148 ‚
1427 4066 1926 4156 [persuadendo]
1982 4079 2195 4134 tamen
2241 4063 2337 4154 [et

382 4165 606 4210 Ciceronis
624 4169 711 4210 vol.
734 4167 792 4212 11.
1951 4173 1980 4222 9
