2784 4575
457 246 582 312 166
1065 254 1145 309 Μ.
1184 253 1459 311 TULLII
1496 251 1896 310 CICERONIS

451 391 664 446 tamen
697 378 808 444 illa
839 377 908 444 in
943 377 1210 444 dicendo
1263 375 1591 442 admiratio
1628 398 1704 442 ac
1750 399 1997 443 summa
2037 375 2177 442 laus
2212 377 2511 445 umbram

451 473 728 558 aliquam
763 483 827 539 et
860 494 1213 551 recessum,
1267 493 1394 556 quo
1439 471 1643 560 magis
1685 471 1780 551 id,
1805 470 1977 556 quod
2000 470 2121 536 erit
2169 469 2513 536 inlumina-

339 595 417 637 102
451 579 612 647 tum,
675 578 926 636 exstare
977 577 1170 652 atque
1230 566 1507 633 eminere
1558 565 1865 632 videatur.
1970 585 2321 650 numquam
2373 566 2512 654 agit

448 664 618 729 hunc
651 685 908 728 versum
937 661 1214 728 Roscius
1251 683 1330 728 eo
1363 674 1579 748 gestu,
1616 682 1741 745 quo
1776 670 2013 746 potest:

441 825 446 829 .
532 781 682 824 nam
719 756 972 844 sapiens
1001 755 1218 822 virtuti
1251 755 1559 822 honorem
1592 755 1965 841 praemium,
2001 753 2175 820 haud
2197 754 2508 841 praedam

1456 849 1643 936 petit:

449 945 564 1012 sed
600 943 792 1013 abicit
825 966 1115 1031 prorsus,
1150 953 1223 1008 ut
1256 942 1326 1008 in
1357 943 1677 1030 proximo:

531 1049 632 1104 set
665 1037 817 1123 quid
851 1039 1074 1104 video?
1109 1037 1278 1105 ferro
1313 1047 1570 1124 saeptus
1607 1035 1895 1124 possidet
1928 1036 2099 1100 sedis
2136 1057 2371 1112 sacras,

443 1133 708 1210 incidat,
745 1132 1036 1220 aspiciat,
1075 1131 1443 1209 admiretur,
1482 1141 1823 1217 stupescat.
1912 1130 2094 1214 quid,
2130 1128 2237 1194 ille
2274 1128 2435 1196 alter

532 1226 685 1311 quid
717 1236 934 1312 petam
964 1222 1282 1312 praesidi?

443 1340 638 1402 quam
680 1318 932 1397 leniter,
980 1340 1172 1403 quam
1215 1317 1507 1396 remisse,
1554 1339 1747 1404 quam
1789 1340 1917 1382 non
1962 1314 2249 1382 actuose!
2302 1315 2503 1382 instat

445 1435 616 1476 emm

529 1527 570 1571 o
604 1515 811 1591 pater,
857 1529 896 1571 o
929 1504 1161 1592 patria,
1197 1528 1238 1572 o
1269 1505 1513 1572 Priami
1548 1503 1805 1572 domus!

441 1599 510 1664 in
543 1621 671 1684 quo
706 1609 883 1666 tanta
933 1600 1316 1666 commoveri
1351 1599 1516 1666 actio
1552 1623 1680 1666 non
1730 1608 1977 1685 posset,
2034 1597 2090 1663 si
2132 1607 2307 1664 esset
2350 1619 2501 1672 con-

445 1704 698 1781 sumpta
753 1695 1075 1782 superiore
1127 1707 1304 1762 motu
1349 1707 1415 1760 et
1458 1695 1787 1760 exhausta.
1874 1713 2081 1777 neque
2132 1691 2200 1757 id
2253 1703 2495 1758 actores

441 1787 617 1874 prius
659 1789 963 1855 'viderunt
1013 1811 1205 1873 quam
1255 1789 1380 1876 ipsi
1423 1795 1677 1876 poetae,
1730 1809 1922 1872 quam
1966 1786 2237 1870 denique
2270 1784 2363 1850 illi
2405 1797 2497 1851 et-

441 1880 600 1962 iam,
655 1883 766 1967 qui
800 1883 1089 1950 fecerunt
1119 1883 1374 1961 modos,
1432 1906 1472 1947 a
1505 1882 1734 1967 quibus
1768 1881 2055 1966 utrisque
2090 1879 2495 1946 summittitur

443 1974 708 2060 aliquid,
763 1977 1009 2041 deinde.
1045 1985 1341 2061 augetur,
1396 1985 1804 2053 extenuatur,
1866 1974 2146 2052 inflatur,
2198 1970 2486 2050 variatur,

330 2092 406 2133 103
443 2068 866 2154 distinguitur.
952 2068 1044 2134 ita
1077 2069 1160 2134 sit
1193 2068 1378 2134 nobis
1414 2067 1608 2156 igitur
1642 2078 1901 2135 ornatus
1938 2079 2001 2134 et
2036 2066 2249 2133 suavis
2281 2077 2492 2133 orator

439 2195 527 2208 —-—
559 2182 678 2226 nec
713 2172 926 2226 tamen
957 2171 1171 2248 potest
1203 2161 1384 2228 aliter
1419 2184 1564 2228 esse
1596 2198 1686 2210 --
1748 2173 1821 2228 ut
1856 2162 2233 2228 suavitatem
2265 2161 2495 2228 habeat

441 2264 758 2325 austeram
794 2266 860 2321 et
893 2255 1188 2335 solidam,
1239 2279 1372 2323 non
1406 2256 1657 2324 dulcem
1692 2267 1880 2342 atque
1915 2257 2260 2325 decoctam.
2346 2279 2497 2321 nam

438 2347 586 2434 ipsa
634 2349 716 2415 ad
767 2351 1120 2417 ornandum
1169 2362 1538 2438 praecepta,
1602 2374 1765 2437 quae
1816 2351 2075 2431 dantur,
2136 2350 2273 2417 eius
2325 2349 2495 2420 modi

441 2452 616 2521 sunt,
669 2452 742 2509 ut
775 2467 853 2509 ea
896 2444 1184 2529 quamvis
1236 2445 1682 2513 vitiosissimus
1736 2456 1947 2511 orator
1988 2444 2307 2532 explicare
2348 2467 2495 2531 pos-

441 2535 550 2614 sit3
605 2558 732 2621 qua
763 2560 864 2616 re,
916 2548 989 2603 ut
1033 2549 1179 2604 ante
1222 2539 1382 2617 dixi,
1436 2540 1711 2626 primum
1748 2539 1910 2605 silva
1952 2560 2167 2604 rerum
2209 2540 2309 2627 [ac
2354 2560 2495 2603 sen-

440 2628 806 2717 tentiarum]
843 2633 1272 2718 comparanda
1305 2645 1423 2712 est,
1460 2655 1587 2719 qua
1622 2634 1701 2699 de
1744 2643 1924 2719 parte
1960 2631 2119 2697 dixit
2144 2632 2492 2710 Antonius3

439 2724 598 2789 haec
634 2724 968 2791 formanda
999 2726 1109 2791 filo
1142 2726 1285 2812 ipso
1321 2736 1384 2793 et
1420 2750 1653 2813 genere
1686 2726 2019 2804 orationis,
2064 2724 2495 2791 inluminanda

327 2842 406 2885 104
439 2817 678 2895 verbis,
715 2819 1020 2885 varianda
1055 2820 1403 2886 sententiis.
1493 2844 1743 2887 summa
1776 2830 1989 2885 autem
2020 2820 2160 2885 laus
2198 2818 2495 2903 eloquen-

438 2911 563 2976 tiae
599 2922 699 2975 est
733 2914 1115 2999 amplificare
1148 2937 1286 2979 rem
1329 2916 1642 2995 ornando,
1696 2916 1870 2999 quod
1912 2913 2083 2979 valet
2124 2934 2253 2979 non
2290 2913 2495 2979 solnm

439 3004 522 3071 ad
572 3008 936 3092 augendum
989 3007 1226 3091 aliquid
1269 3019 1336 3075 et
1385 3008 1735 3075 tollendum
1787 3008 1973 3075 altius
2028 3007 2326 3085 dicendo,
2380 3008 2495 3073 sed

332 3112 402 3167 27
437 3098 630 3165 etiam
665 3101 748 3168 ad
781 3101 1250 3170 extenuandum
1285 3114 1477 3187 atque
1522 3101 1939 3169 abiciendum.
2000 3102 2067 3170 id
2102 3100 2494 3169 desideratur

439 3192 730 3259 omnibus
765 3194 860 3261 eis
893 3194 961 3259 in
993 3194 1180 3273 locis,
1235 3217 1396 3281 quos
1432 3196 1516 3264 ad
1548 3196 1741 3261 fidem
1784 3195 2085 3269 orationis
2138 3194 2493 3263 faciendam

439 3286 724 3354 adhiberi
787 3286 948 3353 dixit
995 3289 1347 3365 Antonius,
1410 3289 1514 3355 vel
1573 3304 1719 3355 'cum
1782 3290 2193 3376 explanamus
2256 3288 2495 3371 aliquid

326 3404 404 3446 105
437 3380 542 3445 vel
577 3402 720 3447 cum
755 3381 1161 3451 conciliamus
1199 3384 1442 3451 animos
1479 3384 1581 3451 vel
1614 3406 1765 3449 cum
1798 3384 2186 3451 concitamus
2199 3430 2217 3462 ,
2274 3384 2391 3449 sed
2422 3384 2491 3449 in

437 3473 590 3553 hoc',
628 3475 798 3559 quod
830 3487 1220 3561 postremum
1255 3476 1407 3555 dixi,
1445 3478 1849 3565 amplificatio
1882 3488 2095 3569 potest
2127 3478 2487 3565 plurimum,

435 3591 637 3653 eaque
671 3593 803 3638 una
833 3571 974 3639 laus
1011 3570 1278 3639 oratoris
1313 3584 1415 3639 est
1452 3569 1573 3661 [et]
1610 3572 1867 3660 propria
1916 3573 2212 3641 maxime.
2300 3572 2491 3637 etiam

435 3662 637 3730 maior
669 3675 771 3731 est
793 3664 902 3733 illa
935 3666 1298 3733 exercitatio
1333 3688 1525 3749 quam
1558 3678 1841 3733 extremo
1878 3678 2173 3734 sermone
2192 3665 2491 3731 instruxit

327 3774 332 3780 '
433 3756 786 3837 Antonius,
821 3759 1026 3845 primo
1059 3759 1384 3839 reiciebat,
1438 3761 1741 3827 laudandi
1773 3773 1840 3828 et
1872 3761 2293 3848 vituperandi,
2331 3759 2488 3825 nihil

433 3862 536 3915 est
569 3852 738 3917 enim
775 3853 857 3917 ad
907 3855 1419 3943 exaggerandam
1464 3865 1529 3921 et
1580 3856 2087 3943 amplificandam
2135 3853 2487 3921 orationem

429 3943 1004 4025 adcommodatius,
1066 3970 1260 4031 quam
1307 3959 1645 4033 utrumque
1704 3949 1931 4015 horum
1990 3946 2485 4015 cumulatissime

325 4057 404 4098 106
435 4034 645 4100 facere
689 4060 900 4121 posse.
1007 4052 1470 4125 consequent-ur
1522 4043 1712 4109 etiam
1755 4042 1848 4109 illi
1906 4040 2058 4119 loci,
2112 4042 2221 4126 qui
2264 4062 2486 4124 quam-

2732 316 2734 416 w

2734 804 2737 896 l

2734 1007 2736 1018 4

2688 4193 2743 4467 ,ζμ-ἐ
2676 4086 2696 4111 ”
