2784 4575
488 277 595 336 Dn
630 273 1393 335 PARTIT.ORATOR1A
1427 273 1651 332 mAL.
1673 277 1987 334 130—136.
2135 257 2276 334 373

194 411 353 494 pare
406 425 551 468 cum
606 385 842 466 ceteris
898 385 1147 486 scriptis
1210 398 1338 470 vel
1366 385 1635 466 aliorum
1685 401 1789 466 vel
1837 401 2142 482 maxime,
2209 405 2264 470 si

194 499 494 590 poterit,
511 497 826 574 eiusdem3
882 515 1199 580 quamque
1252 485 1585 585 defendet
1603 494 1772 582 ipse,
1827 517 1974 561 eam
2019 518 2155 563 rem
2199 511 2268 564 et

196 592 580 680 sententiam
633 589 925 678 quemvis
974 589 1352 676 prudentem
1403 579 1484 654 81
1509 588 1752 654 iustum
1801 589 2152 671 hominem,
2209 593 2265 658 si

195 671 519 774 integrum
545 685 819 762 daretur,
858 683 1247 774 scripturum
1276 682 1498 763 fuisse,
1535 683 1654 749 sed
1675 684 1959 774 planius3
1997 705 2265 772 eamque
2291 713 2366 752 133

194 782 598 861 sententiam,
636 799 831 873 quam
864 779 1207 865 significari
1238 797 1459 866 posse
1471 779 1656 858 dicet,
1693 779 1852 848 nihil
1885 780 2122 848 habere
2156 793 2268 849 8111

196 873 509 986 captioni-s
546 886 669 940 aut
689 873 854 952 viffii3
892 872 1273 938 contrariam
1308 883 1521 938 autem
1557 873 1614 938 si
1645 873 1955 960 probarit,
1992 875 2128 942 fore
2138 924 2158 955 ,
2193 889 2266 942 ut

194 969 397 1034 multa
424 969 672 1046 vitiosa,
711 966 972 1046 stulta,’
952 967 1189 1051 iniqua,
1220 966 1536 1034 contraria
1561 977 2044 1052 consequantur.
2119 990 2263 1060 cum

188 1072 412 1128 autem
447 1061 623 1127 aliud
656 1061 937 1148 sensisse
981 1061 1278 1150 scriptor
1300 1061 1552 1128 videtur
1586 1071 1652 1128 et
1685 1061 1882 1128 aliud
1911 1063 2262 1152 scripsisse,

190 1155 309 1241 qui
335 1155 571 1242 scripto
598 1155 850 1235 nitetur,
875 1159 1045 1235 eum,
1070 1176 1143 1222 re
1167 1155 1482 1244 exposita,
1509 1156 1876 1246 recitatione
1901 1157 1997 1222 uti
2003 1169 2266 1268 ‘oporte-

192 1251 319 1330 bit,
355 1249 604 1316 deinde
637 1249 876 1317 instare
912 1250 1307 1338 adversario,
1342 1251 1600 1330 iterare,
1635 1265 1960 1332 renovare,
1999 1253 2266 1321 interro-

193 1367 369 1432 gare,
406 1365 561 1410 num
592 1355 701 1411 aut
736 1345 1042 1439 scriptum
1066 1356 1258 1431 neget
1292 1355 1402 1410 aut
1429 1355 1648 1411 contra
1672 1345 1912 1412 factum
1935 1347 2262 1428 infitietur-3
2355 1361 2362 1372 ’

194 1448 345 1526 post
395 1425 701 1504 iudicem
723 1438 809 1504 ad·
856 1438 989 1517 yim
1041 1437 1259 1525 scripti
1308 1450 1515 1504 vocet.
1621 1439 1742 1505 hac
1793 1441 2264 1510 confirmatione
2292 1467 2370 1508 ιιι

196 1553 355 1597 usus
410 1532 749 1620 amplificet
796 1549 961 1598 rem
1006 1531 1173 1619 lege·
1214 1531 1536 1597 laudanda
1599 1533 2050 1620 audaciamque
2115 1556 2264 1602 con·-

194 1626 363 1690 futet
412 1625 581 1704 eius,
634 1625 745 1712 qui
776 1615 927 1691 curn
955 1625 1173 1712 palam
1228 1636 1451 1698 contra
1482 1617 1705 1692 fecerit
1736 1627 1928 1712 idque
1971 1626 2262 1706 fateatur,

195 1717 364 1785 adsit
398 1728 612 1792 tamen
650 1719 1017 1804 factumque
1072 1719 1404 1799 defendat3
1459 1719 1690 1785 deinde
1734 1720 2010 1787 infirmet
2039 1715 2262 1786 defen·-

194 1835 469 1891 sionem,
523 1829 670 1879 cum
709 1813 1113 1880 adversarius
1152 1805 1355 1900 [aliud
1390 1806 1670 1880 voluisse
1679 1811 1731 1904 ,]
1777 1815 1949 1880 aliud
1984 1814 2262 1884 sensisse

197 1905 598 1996 scriptorem,
654 1907 827 1974 aliud
860 1907 1197 2001 scripsisse
1239 1908 1447 1987 dicat,
1499 1931 1630 1974 non
1665 1929 1812 1974 esse
1855 1907 2187 1974 ferendum
2226 1933 2266 1973 a

195 2022 517 2087 quoquam
572 2003 787 2114 potius
840 1993 1081 2070 latoris·
1116 2023 1376 2068 sensum
1429 2025 1625 2100 quarn·
1667 2026 1708 2068 a
1745 2003 1890 2092 lege
1942 2003 2262 2091 explicari.

195 2116 309 2162 cur
338 2097 433 2162 118
450 2097 819 2188 scripserit,
858 2097 914 2162 si
946 2097 1038 2162 ita
1068 2116 1201 2164 non
1236 2097 1544 2163 senserit?
1595 2118 1736 2176 cur,
1773 2118 1919 2164 cum
1954 2119 2065 2176 88,
2103 2119 2266 2183 quae

192 2189 387 2278 plane
429 2191 667 2277 scripta
699 2191 831 2257 sint
863 2191 1245 2278 neglexerit,
1312 2211 1476 2277 quae
1511 2211 1828 2278 nusquam
1870 2191 2105 2280 scripta
2139 2190 2268 2258 sint

192 2283 515 2372 proferat}>
569 2305 683 2351 eur
715 2285 1247 2373 prudentissimos
1295 2285 1363 2351 in
1402 2286 1738 2354 scribendo
1771 2287 1942 2355 viros
1980 2283 2265 2353 summae

196 2376 499 2443 stultitiae
534 2389 717 2465 putet
750 2396 897 2445 esse
931 2380 1367 2445 damnandos?
1421 2380 1573 2465 quid
1606 2380 1963 2467 impedierit
1996 2381 2266 2467 scripto-

194 2494 332 2537 rem
384 2494 511 2557 quo
562 2472 775 2563 minus
820 2474 1143 2563 exciperet
1182 2474 1369 2553 illud,
1425 2475 1598 2559 quod
1640 2470 2068 2552 aduersarius,
2105 2484 2268 2537 tam-

198 2586 389 2652 quam
442 2566 499 2632 si
550 2578 889 2655 exceptum
938 2579 1139 2648 esset,
1192 2568 1285 2634 ita
1336 2590 1408 2635 se
1461 2568 1631 2635 dicat
1681 2568 2006 2635 secutum?
2055 2577 2266 2633 utetur
2293 2592 2370 2635 12⁵

198 2659 508 2748 exemplis
546 2660 668 2740 eis,
721 2662 955 2747 quibus
1008 2663 1179 2729 idem
1216 2664 1530 2750 scriptor,
1571 2674 1709 2741 aut,
1763 2663 1820 2728 si
1851 2662 1921 2727 id
1962 2684 2092 2728 non
2125 2672 2267 2749 pot-

196 2754 345 2833 erit,
382 2752 611 2839 quibus
648 2756 784 2834 alii,
838 2756 1012 2841 quod
1046 2754 1491 2844 excipiendum
1524 2756 1834 2844 putarint,
1881 2755 2263 2867 exceperint.

194 2849 569 2959 quaerenda
596 2850 790 2916 8118111
840 2851 1005 2918 ratio
1059 2862 1186 2931 est,
1240 2852 1301 2917 si
1334 2871 1464 2937 qua
1511 2848 1744 2939 poterit
1785 2850 2082 2930 inveniri,
2139 2872 2265 2937 qua

194 2965 268 3009 re
300 2964 431 3009 non
465 2942 550 3009 sit
601 2954 968 3037 exceptum:
1024 2956 1134 3010 aut
1184 2944 1406 3030 iniqua
1455 2946 1564 3011 lex
1597 2956 1710 3011 aut
1757 2945 1998 3011 inutilis
2051 2944 2266 3009 futura

196 3036 443 3102 dicetur
476 3048 587 3103 aut
618 3038 747 3104 alia
780 3059 979 3105 causa
1012 3040 1522 3133 obtemperandi,
1561 3038 1685 3105 alia
1719 3038 2096 3127 abrogandi,
2135 3038 2266 3103 dis·-

198 3130 433 3198 sentire
486 3132 838 3199 adversarii
898 3154 1122 3201 vocem
1175 3146 1367 3220 atque
1420 3128 1604 3223 legis.
1711 3134 1960 3202 deinde
1999 3132 2267 3221 amplifi-

193 3226 387 3291 candi
421 3218 617 3293 causa
652 3228 732 3294 de
765 3229 1224 3295 conservandis
1277 3228 1560 3317 legibue,
1615 3229 1696 3295 de
1734 3226 2020 3317 periculo
2053 3249 2266 3293 rerum

198 3318 601 3405 publicarum
664 3332 856 3405 atque
914 3320 1307 3409 privatarum
1378 3344 1524 3389 cum
1585 3322 1764 3389 aliis
1785 3323 1942 3389 locis
2005 3333 2142 3388 tum
2197 3322 2266 3385 111

196 3413 555 3501 perorando
612 3415 895 3481 maxime
946 3418 1225 3503 graviter
1277 3419 1400 3483 erit
1457 3418 2022 3503 vehementerque
2053 3417 2266 3483 dioen-

74 3582 79 3587 ,
196 3506 370 3571 dum.
424 3506 532 3571 ille
560 3517 792 3587 autem,
830 3509 941 3593 qui
968 3532 1039 3575 se
1068 3506 1383 3595 sententia
1409 3512 1572 3599 legis
1601 3522 1667 3578 et
1691 3512 2016 3581 voluntate
2043 3510 2263 3577 defen·
2297 3507 2367 3563 39

194 3598 335 3677 det,
390 3599 459 3664 in
494 3601 761 3668 consilio
796 3613 989 3688 atque
1018 3604 1089 3669 in
1122 3615 1339 3701 mente
1376 3606 1732 3693 scriptoris,
1783 3626 1916 3673 non
1947 3606 2021 3671 in
2050 3582 2320 3672 verbis¹
2299 3579 2380 3620 ¹⁸⁶

199 3714 275 3759 ac
308 3692 533 3760 litteris
568 3694 702 3765 vim
733 3695 898 3785 legis
931 3698 1208 3785 positam
1242 3720 1385 3765 esse
1425 3698 1742 3780 defendet,
1781 3701 2072 3785 quodque
2107 3698 2266 3764 nihil

195 3789 518 3877 ‘exceperit
552 3788 619 3855 in
653 3790 817 3879 lege,
854 3792 1155 3872 laudabit,
1192 3816 1275 3859 ne
1302 3793 1690 3860 deverticula
1721 3796 2000 3882 peccatis
2039 3794 2264 3860 daren-

198 3893 301 3946 tur
336 3893 526 3969 atque
560 3896 635 3950 ut
665 3906 750 3951 ex
783 3888 955 3954 facto
990 3887 1295 3973 cuiusque
1330 3888 1527 3955 iudex
1559 3888 1723 3975 legis
1756 3900 2036 3955 mentem
2068 3887 2263 3953 inter-

196 3987 568 4061 pretaretur.
677 3980 904 4047 deinde
957 3980 1077 4047 erit
1136 3983 1443 4048 utendum
1505 3984 1841 4070 exemplis,
1904 3982 1971 4049 in
2029 3983 2258 4067 quibus

192 4070 403 4137 omnis
442 4071 725 4157 aequitas
760 4076 1192 4163 perturbetur,
1249 4076 1305 4143 si
1340 4078 1552 4145 verbis
1589 4079 1806 4165 legum
1843 4100 1918 4145 ac
1951 4100 2081 4145 non
2115 4098 2264 4145 sen-
