2784 4575
1007 275 1120 316 PER
1153 273 1347 317 ANNOS
1381 272 1655 318 mens'm.
2224 272 2438 322 XXXV

257 440 338 477 Ξ

339 438 355 474 i
413 435 514 473 Ante

256 484 360 523 uc.
413 482 454 519 c.
467 483 514 520 ιε.
2322 483 2405 522 eie.

256 550 362 607 ⁰110
428 552 500 607 44
569 568 674 621 sup
716 549 866 605 liciis
882 548 1067 607 afficit.
1115 546 1179 603 G.
1200 546 1489 617 Octavius,
1524 548 1693 603 heres
1712 547 1993 618 Caesaris,
2022 547 2075 605 A
2119 550 2261 605 ollo-
2332 550 2401 605 63

565 618 664 673 nia
737 618 984 689 capolim
1007 617 1166 673 venit
1179 617 1338 673 XIV.
1353 617 1491 672 Kal.
1508 614 1709 697 Maias.
1776 617 2057 697 Kalendis
2114 619 2261 673 uniis

564 694 862 743 senatores
883 703 1007 741 cum
1025 686 1086 743 in
1105 690 1326 767 senatu,
1353 691 1423 739 ut
1434 684 1719 741 Antonius
1738 686 2021 767 edixerat,
2056 687 2263 765 adesse

565 756 1136 881 {3352315533532}
1149 752 2263 904 ῗῖἓὲοῗῗὲοᾝεᾙξῗέωῗὲῗῗέἓωὲἕ

565 894 641 951 Et
670 910 797 947 cum
814 891 1054 947 haberet
1069 890 1158 945 ius
1178 891 1485 963 legationis
1502 891 1719 945 liberae
1733 930 1749 959 ,
1788 839 2084 948 confflum
2112 892 2267 962 cepit

563 962 624 1015 in
661 960 965 1017 Graeciam
999 958 1419 1031 proficiscendi.
1491 958 1696 1029 Itaque
1731 958 1865 1014 XII.
1898 960 2032 1015 Kal.
2070 958 2265 1015 Sextii.

563 1029 732 1085 Velia
758 1026 1141 1099 proficiscens
1171 1027 1295 1099 (ubi
1320 1027 1381 1081 in
1408 1027 1537 1095 ipsa
1561 1027 1691 1081 navi
1772 1027 1927 1083 tione
1958 1029 2157 1098 Topica
2190 1029 2267 1083 ad

567 1097 898 1152 Trebatium
935 1095 1183 1169 scripsit)
1211 1095 1499 1166 Rhegium
1523 1101 1583 1149 et
1605 1094 1700 1150 Ka
1727 1138 1737 1147 .
1768 1096 1917 1151 Sext.
1950 1095 2265 1167 Syracusas

565 1165 736 1221 venit.
789 1164 934 1221 Inde
952 1172 1184 1234 postero
1205 1164 1296 1221 die
1314 1180 1461 1219 nave
1482 1179 1796 1219 conscensa
1816 1164 2001 1220 ventis
2020 1164 2267 1219 reiectus

563 1234 638 1287 ad
681 1234 1098 1315 Leucopetram
1139 1232 1586 1313 promontorium
1628 1232 1754 1303 agri
1812 1231 2087 1305 Rhegini,
2143 1248 2267 1288 cum

561 1300 2267 1451 sstffiaesszfflssssfftlzssffis.&affitzssffieflssgfi

562 1436 960 1493 interfectores
987 1436 1228 1493 Romam
1261 1438 1541 1506 redirent,
1574 1435 1913 1493 Ciceronem
1946 1454 2080 1493 vero
2118 1439 2264 1493 desi-

565 1506 750 1559 derari
770 1511 856 1573 et,
893 1505 1048 1583 quoti
1066 1506 1206 1559 urbe
1227 1506 1487 1573 abesset,
1526 1505 1786 1561 accusari
1802 1504 2105 1572 dixissent,
2175 1522 2263 1561 ro-

563 1572 830 1627 fectionis
851 1572 1088 1626 consilio
1107 1570 1334 1627 abiecto
1354 1572 1594 1627 Romam
1610 1589 1715 1641 pro
1760 1579 1885 1627 erat
1900 1580 1963 1628 et
1975 1574 2121 1643 prid.
2190 1575 2265 1628 al.

567 1639 722 1710 Sept.
758 1640 818 1694 in
853 1640 1052 1694 urbem
1085 1640 1256 1694 venit.
1325 1639 1613 1694 Antonius
1758 1680 1771 1693 .
1808 1638 1962 1710 Sept.
2004 1649 2266 1697 senatum

565 1707 766 1763 habuit
795 1709 866 1765 de
901 1706 1417 1787 supplicationibus
1444 1706 1678 1763 Caesari
1715 1708 2106 1763 decernendis.
2177 1706 2264 1762 Ci-

567 1792 698 1832 cero
719 1776 778 1830 in
799 1781 1058 1831 senatum
1079 1792 1196 1830 non
1215 1781 1397 1845 vemt,
1434 1775 1683 1831 fortasse
1708 1782 1969 1831 metuens
1994 1778 2070 1831 ab
2089 1776 2263 1831 Anto·

565 1846 660 1901 nio
688 1844 950 1912 insidias,
988 1844 1143 1899 misit
1165 1852 1356 1899 tamen
1383 1844 1459 1899 ad
1476 1842 1813 1913 Antonium,
1850 1844 1949 1915 qui
1978 1844 2032 1899 ei
2051 1845 2267 1899 diceret

543 1930 627 1969 -se
673 1928 742 1967 ex
784 1912 878 1969 via
919 1913 1208 1983 languere.
1278 1911 1563 1967 Antonius
1598 1912 1659 1966 in
1694 1918 1897 1967 senatu
1932 1912 2099 1981 dixit,
2152 1912 2264 1969 nisi

565 1981 813 2051 veniret,
850 1980 1050 2039 fabros
1079 1996 1140 2037 se
1167 1978 1469 2035 missurum
1486 1988 1547 2037 et
1573 1980 1799 2035 domum
1828 1981 1948 2035 eius
1984 1981 2263 2036 disturba-

567 2056 766 2105 turum.
841 2048 1124 2105 Postridie
1143 2047 1397 2104 Antonio
1425 2049 1663 2105 absente
1690 2047 1891 2104 Cicero
1920 2050 1979 2103 in
2008 2056 2265 2105 senatum

564 2118 721 2173 venit
771 2117 1086 2189 habuitque
1133 2117 1477 2186 orationem,
1538 2134 1685 2199 quae
1730 2118 1938 2198 dicitur
1971 2118 2266 2198 Philippica

559 2188 750 2257 prima.
823 2184 912 2241 Ob
941 2202 1112 2257 quam
1135 2183 1422 2241 Antonius
1448 2186 1535 2240 ira
1559 2202 1829 2241 incensus
1854 2186 2178 2241 immicitias
2211 2186 2263 2241 ei

567 2252 865 2311 denuntiat
883 2270 1124 2327 eumque
1143 2270 1194 2310 a.
1213 2254 1443 2310 d.XIII.
1461 2255 1593 2310 Kal.
1614 2253 1739 2311 Oct.
1760 2255 1818 2310 in
1838 2260 2041 2311 senatu
2060 2254 2264 2312 adesse
2370 2300 2374 2305 .

563 2323 743 2379 iubet.
798 2323 932 2394 Ipse
949 2324 1172 2380 interea
1229 2340 1290 2380 er
1306 2323 1480 2380 XVII
1499 2324 1623 2378 dies
1641 2323 1702 2380 in
1722 2323 2025 2379 Tiburtino
2044 2322 2139 2378 Sci
2180 2323 2262 2377 io-

564 2391 652 2446 nis
680 2393 1053 2472 declamitans
1077 2341 1384 2472 meifitatus
1414 2399 1507 2446 est
1530 2391 1874 2461 orationem,
1912 2409 2083 2463 quam
2100 2341 2264 2472 ffiil.

563 2460 696 2516 Kal.
717 2459 843 2515 Oct.
861 2478 922 2514 in
939 2461 1084 2516 aede
1103 2458 1457 2520 Concordiae
1476 2466 1675 2516 contra
1692 2458 2021 2516 Ciceronem
2040 2461 2261 2514 habuit.

567 2528 766 2584 Cicero
784 2529 845 2583 in
865 2535 1068 2584 senatu
1087 2546 1204 2584 non
1221 2527 1411 2596 affuit,
1448 2535 1603 2584 metu
1621 2528 1952 2582 insidiarum
1968 2529 2045 2582 ab
2066 2527 2263 2582 amicis

375 2667 386 2698 ι
564 2596 899 2666 prohibitus.
959 2595 1198 2676 Antonii
1213 2611 1351 2651 vero
1371 2597 1619 2675 orationi
1634 2595 1906 2716 ⁰12f9⁸¹²st
1921 2597 2263 2675 Philippicam

373 2701 386 2826 1
563 2665 890 2808 &imit
905 2663 2261 2811 {thif‘ffliffo‘iffizmizzsfftff'xffiffi

565 2797 879 2854 habuisset.
942 2797 1224 2854 Exti-emis
1243 2814 1455 2852 mensis
1476 2796 1749 2855 Octobris
1769 2798 1972 2853 diebus
1990 2804 2052 2853 et
2068 2815 2263 2853 mense

565 2865 880 2922 Novembri
897 2864 1098 2922 Cicero
1123 2866 1505 2922 Puteolanum
1532 2883 1697 2922 suum
1734 2872 2069 2937 ceterasque
2095 2867 2263 2921 villas

567 2935 692 2992 obit
709 2933 1000 3006 librosque
1020 2938 1082 2990 ds
1103 2935 1293 3007 officiis
1309 2931 1551 3016 perficit.
1594 2934 1830 2990 Interim
1838 2935 2123 2990 Antonius
2133 2935 2263 2991 VII.

563 3003 651 3058 Id.
676 3002 1057 3084 Oct..obviam
1083 3003 1187 3058 ivit
1213 3003 1270 3085 le
1318 3003 1539 3086 ,onibus
1561 3008 1838 3086 guattuor
1864 3003 2265 3085 eMacedonia

563 3073 1084 3222 ssffssss⁰t³ssz²3⁹sfiffi
1115 3087 1284 3222 *1532
1305 3072 2003 3221 aeiz‘fiziisffia,
2024 3071 2263 3195 tisis:

569 3226 712 3264 saris
728 3207 1046 3265 hereditate
1066 3210 1226 3266 adita
1249 3209 1667 3277 nominabatur,
1706 3210 1908 3264 Caesar
1928 3211 2263 3274 Octavianus,

567 3282 868 3334 veteranos
894 3275 1156 3335 Caesaris
1193 3276 1403 3334 excivit
1436 3277 1629 3333 multis
1672 3294 1745 3332 ue
1780 3277 1909 3332 aliis
1945 3278 2263 3334 accedenti-

567 3348 676 3401 bus
701 3345 912 3401 iustum
941 3346 1248 3402 exercitum
1275 3345 1574 3402 contraxit.
1692 3346 1827 3400 aulo
1856 3352 1992 3416 post
2005 3345 2264 3416 legiones

567 3415 776 3469 Martia
803 3421 862 3470 et
889 3420 1094 3496 quarta
1110 3412 1424 3470 Antonium
1448 3414 1805 3494 reliquerunt
1830 3421 1890 3470 et
1906 3415 1985 3470 ad
2002 3413 2263 3495 Octavia-

566 3499 702 3536 num
744 3489 958 3538 transie
1065 3489 1106 3538 t.
1177 3482 1304 3548 Quo
1345 3488 1551 3538 nuntio
1595 3483 1772 3538 allato
1806 3481 2093 3538 Antonius
2137 3499 2263 3536 cum

571 3556 830 3606 senatum
864 3551 925 3606 in
1000 3551 1298 3622 apitolium
1333 3567 1384 3605 a.
1423 3551 1477 3606 d.
1510 3550 1613 3608 IV.
1639 3551 1772 3606 Kal.
1800 3551 1941 3606 Dec.
1978 3555 2261 3618 vocasset,

569 3618 738 3698 valde
805 3619 1060 3674 erculsus
1087 3619 1388 3675 confestim
1415 3625 1675 3676 senatum
1703 3619 1917 3674 dimisit
1942 3625 2000 3674 et
2026 3617 2261 3688 paluda-

569 3691 662 3740 tus
681 3704 740 3741 in
816 3687 1005 3742 alliam
1025 3687 1341 3744 citeriorem
1361 3687 1627 3744 decessit.
1682 3687 1826 3742 Dec.
1843 3687 2054 3742 Brutus
2074 3691 2263 3741 autem

571 3755 817 3812 edictum
834 3756 1160 3826 proposuit,
1191 3772 1305 3828 quo
1327 3772 1390 3812 se
1408 3755 1759 3827 provinciam
1779 3755 2026 3811 Galliam
2045 3753 2102 3808 in
2122 3751 2177 3806 S.
2195 3753 2261 3806 P.

571 3824 640 3888 Q.
659 3825 728 3878 R.
745 3829 1032 3894 potestate
1049 3829 1401 3881 retenturum
1416 3823 1813 3894 pollicebatur.
1868 3819 2067 3876 Cicero
2085 3822 2156 3877 V.
2176 3821 2261 3875 Id.

569 3893 709 3949 Dec.
730 3893 806 3948 ad
823 3893 1020 3948 urbem
1038 3893 1233 3963 rediit,
1271 3909 1399 3948 cum
1422 3893 1558 3948 novi
1583 3891 1793 3948 tribuni
1810 3889 1974 3946 XIII.
1992 3890 2123 3946 Kal.
2141 3889 2261 3944 Ian.

571 3968 830 4018 senatum
875 3968 1314 4028 convocassent,
1365 3963 1492 4032 ipse
1540 3958 1873 4018 sententiam
1914 3963 2153 4030 rogatus
2195 3975 2265 4014 ea

2020 4155 2093 4198 ο*
