2784 4575
953 267 1270 328 BBUTUS
1305 267 1615 324 142—151.
2176 254 2309 322 229

245 396 324 460 in
369 395 680 472 ornand0‚
733 393 802 458 in
845 392 1192 458 refellendo
1233 391 1441 478 magis
1495 388 1889 456 existimator
1938 391 2312 460 metuendus

255 502 454 574 quam
519 488 926 554 admirandus
979 497 1212 552 orator.
1291 507 1519 551 verum
1562 484 1646 549 ad
1672 481 1991 551 Crassum
2040 497 2317 553 reverta·
2347 487 2419 542 40

245 583 441 650 ¹mur?
528 595 665 648 tum
695 582 938 646 Brutus
990 579 1144 645 ‘etsi
1187 578 1371 645 satis'
1424 578 1631 662 inquit
1680 576 1867 642 ‘mihi
1910 577 2177 644 videbar
2204 579 2318 646 lia-
2352 557 2427 599 ¹⁴⁷

239 678 428 744 ’bere'
449 677 773 764 cognitum
803 673 1204 740 Scaevolam
1232 696 1314 738 ex
1348 672 1443 738 eis
1494 672 1717 750 rebus,
1768 693 1929 755 quas
1983 673 2319 740 audiebam

241 791 455 858 ‘saepe
501 793 583 836 ex
626 766 705 836 C.
739 767 1014 846 Rutilio,
1067 789 1194 852 quo
1237 767 1535 832 utebatur
1584 765 2089 853 perfamiliariter
2123 764 2321 834 Scae-

261 863 428 942 vola,
481 874 556 928 ut
611 863 810 940 nosti,
863 873 1077 928 tamen
1107 861 1236 926 ista
1267 860 1427 926 mihi
1459 861 1594 926 eius
1637 859 1900 926 dicendi
1952 871 2127 926 tanta
2176 861 2317 928 laus

256 969 414 1024 nota
446 980 577 1024 non
611 968 774 1023 erat:
827 955 1042 1040 itaque
1086 956 1229 1042 cepi
1279 954 1671 1042 voluptatem
1718 963 1851 1020 tam
1902 966 2194 1019 ornatum
2224 955 2322 1020 vi-

253 1073 403 1116 rum
448 1063 704 1134 tamque
749 1051 1066 1122 excellens
1118 1049 1449 1134 ingenium
1494 1048 1697 1114 fuisse
1740 1048 1809 1116 in
1851 1058 2071 1112 nostra
2099 1069 2169 1113 re
2203 1071 2323 1135 pu-

255 1143 466 1209 bliea?
573 1144 679 1208 hio
731 1165 852 1229 ego
905 1141 1120 1219 ‘noli,’
1174 1142 1437 1226 inquam
1488 1141 1744 1219 ‘Brute‚
1804 1140 2167 1207 existimare
2219 1141 2318 1208 his

257 1237 510 1303 duobus
567 1236 904 1321 quiequam
955 1235 1158 1301 fixisse
1200 1235 1270 1300 in
1299 1237 1533 1300 nostra
1569 1233 1827 1304 civitate
1875 1235 2318 1320 praestantius.

235 1353 411 1396 nam
451 1331 530 1396 ut'
562 1329 756 1416 paulo
801 1339 946 1394 ante
989 1327 1123 1394 dixi
1175 1328 1609 1394 consultorum
1660 1324 1931 1394 alterum
1981 1327 2322 1394 disertissi-

255 1445 465 1500 mum,
519 1423 898 1488 disertorum
939 1421 1208 1486 alterum
1253 1419 1793 1486 consultissimum
1834 1419 2063 1498 fuisse,
2118 1421 2213 1484 sio
2252 1420 2323 1485 in

254 1515 516 1598 reliquis
551 1517 744 1582 rebus
776 1515 870 1580 ita
904 1515 1244 1580 dissimiles
1290 1525 1479 1580 erant
1502 1513 1667 1578 inter
1709 1535 1883 1591 sese,
1939 1514 2215 1591 statuere
2248 1525 2323 1579 ut

2354 1169 2432 1209 148

241 1621 476 1674 ⁴tamen
507 1631 639 1674 non
669 1630 897 1695 posses
910 1657 929 1686 ,
967 1608 1170 1674 utrius
1199 1617 1270 1672 -te
1301 1607 1527 1672 malles
1564 1605 1950 1672 similiorem.
2040 1604 2321 1673 Crassus
2382 1635 2387 1642 ·

251 1710 398 1766 erat
433 1701 819 1788 elegantium
847 1701 1258 1788 parcissimus
1271 1749 1292 1780 ,
1347 1699 1663 1766 Scaevola
1684 1721 2031 1786 paroorum
2065 1699 2322 1784 elegan-

235 1795 574 1873 ·tissimus;
629 1793 906 1861 Crassus
941 1794 1008 1859 in
1043 1817 1292 1860 summa
1327 1792 1623 1858 comitate
1674 1792 1951 1858 habebat
1993 1792 2187 1856 etiam
2221 1789 2322 1856 se-

237 1888 543 1954 -veritatis
583 1888 780 1966 satis,
826 1886 1174 1954 Scaevolae
1216 1886 1419 1952 multa
1449 1887 1519 1950 in
1554 1885 1889 1951 severitate
1931 1907 2083 1952 non
2105 1886 2322 1951 deerat

257 1997 478 2047 tamen
531 1982 817 2048 comitas.
899 1981 1053 2046 lieet
1104 1980 1318 2046 omnia
1367 1979 1493 2044 hoe
1542 1980 1733 2044 modo
1744 2003 1763 2056 ;
1818 1979 1935 2044 sed
1973 2001 2199 2044 vereor
2236 2001 2320 2043 ne

210 2138 218 2144 .
257 2075 418 2162 fingi
471 2075 806 2142 videantur
855 2074 1041 2152 haee,
1093 2085 1166 2138 ut
1209 2073 1499 2137 dieantur
1543 2095 1586 2136 a
1624 2094 1729 2138 me
1772 2072 2050 2155 quodam
2098 2071 2291 2145 modo
2298 2096 2319 2150 3

236 2190 364 2234 -res
400 2177 613 2234 tamen
649 2168 741 2234 sio
759 2189 848 2233 -se
881 2167 1093 2232 habet.
1182 2188 1328 2230 eum
1362 2165 1567 2230 omnis
1604 2165 1806 2244 virtus
1844 2165 1945 2242 sit,
1980 2175 2055 2228 ut
2085 2175 2317 2242 vestra,

2355 2007 2431 2046 149

235 2261 490 2339 Brute,
529 2271 727 2327 ‘vetus
771 2260 1126 2326 Academia
1169 2259 1356 2338 dixit,
1408 2257 1843 2339 mediocritas,
1895 2268 2161 2343 uterque
2202 2258 2319 2325 ho·
2388 2287 2393 2295 ·

241 2376 405 2419 *rum
437 2354 718 2419 medium
753 2354 1053 2437 quiddam
1085 2354 1343 2420 volebat
1375 2354 1588 2437 sequi:
1644 2353 1760 2419 sed
1792 2354 1883 2418 ita
1918 2354 2212 2433 cadebat,
2250 2362 2323 2416 ut

261 2447 424 2512 alter
456 2467 538 2511 ex
573 2446 829 2511 alterius
871 2446 1060 2513 laude
1110 2458 1386 2533 partem,
1439 2458 1705 2529 uterque
1758 2458 1969 2511 autem
2006 2466 2189 2510 suam
2224 2456 2321 2509 to-

260 2550 395 2604 tam
445 2539 747 2627 haberet?
833 2550 973 2604 tum
1019 2540 1262 2604 Brutus
1317 2544 1493 2603 ‘cum
1546 2560 1629 2602 ex
1672 2548 1782 2602 tua
1832 2538 2115 2605 oratione
2164 2536 2321 2601 mihi

262 2632 507 2699 videor’
561 2632 766 2715 inquit
817 2633 1008 2698 ‘bene
1045 2630 1356 2698 Crassum
1398 2642 1465 2695 et
1500 2628 1879 2696 Scaevolam
1922 2628 2319 2717 cognovisse,

237 2738 400 2791 -tum
453 2726 538 2791 de·
586 2737 650 2793 te
695 2736 760 2792 et
811 2726 890 2791 de
937 2724 1079 2791 Ser.
1125 2722 1412 2812 Sulpicio
1466 2724 1753 2810 cogitans
1805 2745 1950 2790 esse
2003 2717 2321 2808 quandam

243 2820 446 2885 vobis
483 2840 632 2884 eum
661 2820 786 2884 illis
833 2818 1306 2885 similitudinem
1355 2818 1607 2884 iudico!
1696 2817 2026 2901 ‘quonam’
2061 2818 2323 2902 inquam

259 2913 459 2978 ‘istue
507 2912 764 2980 modOP’
821 2912 1000 2997 ‘quia
1049 2912 1206 2977 mihi
1257 2922 1322 2977 et
1353 2922 1426 2977 tu
1476 2910 1738 2977 videris’
1791 2910 1998 2995 inquit
2048 2916 2323 2978 ‘tantum

259 3006 420 3071 iuris
455 3006 657 3072 civilis
705 3006 866 3073 seire
919 3006 1230 3085 voluisse,
1281 3015 1591 3089 quantum
1632 3004 1788 3071 satis
1834 3010 2015 3085 'esset
2066 3004 2319 3081 oratori,

236 3112 329 3167 ,et
363 3098 628 3167 Servius
665 3101 1061 3186 eloquentiae
1095 3112 1342 3167 tantum
1377 3100 1841 3187 adsumpsisse,
1896 3110 1968 3163 ut
1998 3099 2099 3165 ius
2135 3098 2319 3164 eivile

257 3194 450 3261 facile
482 3205 704 3284 posset
738 3195 929 3274 tueri3
985 3198 1350 3279 aetatesque
1393 3206 1675 3275 vestrae,
1726 3204 1799 3259 ut
1830 3194 2109 3271 illorum,
2160 3192 2319 3259 nihil

256 3298 374 3353 aut
405 3310 538 3355 non
569 3288 706 3355 fere
739 3288 1010 3354 multum
1045 3288 1384 3373 differunt?
1474 3299 1539 3353 et
1566 3288 1715 3375 ego'
1750 3287 2025 3353 ‘de'me’
2060 3287 2320 3371 inquam

259 3380 504 3445 ‘dicere
547 3382 706 3445 nihil
745 3393 852 3447 est
898 3404 1192 3461 neeesse3
1247 3384 1326 3447 de
1365 3380 1591 3448 Servio
1646 3392 1858 3448 autem
1900 3392 1965 3447 et
2008 3391 2079 3445 tu
2119 3380 2320 3467 probe

247 3472 426 3537 dieis
458 3484 526 3538 et
558 3496 679 3559 ego
731 3473 967 3552 dicam,
1019 3476 1196 3560 quod
1245 3475 1479 3541 sentiet
1529 3498 1661 3541 non
1695 3475 1866 3541 enim
1907 3474 2096 3541 facile
2119 3494 2322 3559 quem

259 3565 533 3631 dixerim
583 3566 730 3653 plus
783 3566 977 3632 studii
1027 3590 1218 3652 quam
1269 3568 1451 3633 illum
1501 3580 1567 3633 et
1618 3568 1702 3633 ad
1742 3568 2079 3635 'dicendum
2130 3578 2197 3633 et
2238 3567 2323 3645 ad

247 3659 469 3725 omnis
506 3660 817 3726 bonarum
848 3682 1061 3743 rerum
1089 3660 1479 3749 ‘disciplinas
1526 3662 1891 3726 adhibuisse
1898 3687 1918 3740 3
1966 3684 2121 3726 nam
2154 3670 2222 3726 et
2250 3660 2322 3725 in

2356 2564 2435 2603 15⁰

2354 3283 2422 3335 41

2355 3354 2437 3394 151.

241 3754 470 3819 ‘isdem
521 3753 1074 3821 exercitationibus
1127 3755 1383 3821 ineunte
1437 3763 1641 3820 aetate
1693 3754 1951 3820 fuimus.
1980 3765 2048 3820 et
2076 3754 2321 3841 ‘postea
2384 3806 2395 3813 .

261 3870 392 3913 una
423 3848 618 3913 etiam
649 3848 956 3916 Rhodum
987 3849 1095 3916 ille
1128 3850 1453 3937 profectus
1506 3860 1635 3928 est,
1658 3872 1665 3877 ·
1692 3846 1846 3936 [quo
1880 3850 2103 3916 melior
2146 3860 2319 3915 esset

255 3952 329 4005 et
373 3940 674 4029 doctior3]
731 3954 823 4021 et,
875 3943 1024 4008 inde
1063 3954 1139 4008 ut
1179 3944 1396 4021 rediit,
1448 3942 1697 4009 videtur
1740 3942 1902 4008 mihi
1935 3942 2003 4007 in
2038 3940 2319 4009 secunda
2392 4002 2394 4004 ,

237 4045 397 4102 ,arte
431 4036 672 4123 primus
710 4060 854 4104 esse
903 4038 1204 4105 maluisse
1249 4058 1441 4123 quam
1474 4037 1542 4102 in
1575 4037 1779 4125 prima
1824 4037 2166 4115 secundus,
2222 4044 2318 4101 at-
