2784 4575
515 272 632 336 112
1111 284 1189 355 Me
1229 282 1504 341 TULLn
1540 282 1944 340 CICERONIS

507 408 677 492 quud
711 407 949 473 factum
980 416 1227 472 rectum
1264 416 1376 470 aut
1408 407 1563 470 utile
1598 406 2015 486 contenditur,
2055 408 2226 490 quod
2260 421 2333 474 ut
2365 411 2568 492 fieret,

507 504 685 580 illud,
725 502 895 585 quod
930 501 1240 588 arguitur,
1279 501 1507 565 dicitur
1543 522 1686 565 esse
1723 501 2151 566 commissum.

411 628 459 668 15
623 596 701 660 In
745 606 971 679 quarta
1024 594 1499 672 constitutione,
1556 616 1747 679 quam
1790 595 2227 661 translativam
2278 600 2569 664 nomina-

503 716 671 768 mus,
728 690 863 755 eius
901 687 1366 755 constitutionis
1404 698 1503 752 est
1537 689 1993 767 controversia,
2049 711 2194 754 cum
2230 702 2340 756 aut
2374 714 2567 777 quem

503 796 611 848 mit
655 783 910 868 quicum
955 794 1064 848 aut
1107 804 1232 867 quo
1286 782 1477 847 modo
1522 792 1633 846 aut
1676 783 1847 868 apud
1899 806 2057 867 quos
2106 795 2215 850 aut
2257 808 2383 870 quo
2425 787 2564 854 iure

504 892 611 944 aut
655 900 779 963 quo
822 889 1109 963 tempore
1163 899 1354 963 agere
1408 887 1723 963 oporteat,
1780 879 2101 962 quaeritur
2144 891 2255 947 aut
2305 882 2562 948 omnino

505 973 740 1056 aliquid
774 973 853 1038 de
891 971 1380 1039 commutatione
1427 981 1536 1036 aut
1568 971 1988 1038 infirmatione
2025 973 2290 1039 actionis
2330 976 2558 1063 agitur.

507 1072 687 1132 huius
735 1065 1199 1143 constitutionis
1235 1066 1673 1152 Hermagoras
1716 1065 2009 1132 inventor
2052 1089 2195 1132 esse
2239 1068 2563 1134 existima-

503 1176 599 1224 tur
615 1212 631 1240 ,
691 1183 823 1226 non
874 1182 1001 1244 quo
1054 1182 1186 1225 non
1235 1159 1341 1223 usi
1393 1159 1525 1223 sint
1575 1182 1653 1224 ea
1713 1171 1960 1226 veteres
2024 1172 2305 1227 oratores
2369 1185 2561 1250 saepe

503 1256 708 1332 nmlti,
747 1255 862 1319 sed
895 1253 1045 1337 quia
1076 1276 1207 1320 non
1241 1253 1821 1318 animadverterunt
1855 1255 2006 1320 artis
2045 1255 2382 1342 scriptores
2420 1280 2562 1322 eam
2627 1261 2632 1267 ’

507 1349 858 1436 superiores
909 1369 1030 1412 nec
1080 1347 1461 1421 rettulerunt
1510 1347 1577 1413 in
1629 1370 1962 1413 numerum
2014 1351 2559 1430 constitutionum;

503 1456 647 1528 pust
681 1453 892 1508 autem
929 1443 1011 1506 ab
1044 1441 1168 1507 hoc
1200 1441 1528 1506 inventam
1562 1441 1741 1506 multi
1776 1442 2343 1528 reprehenderunt,
2398 1467 2559 1530 quos

503 1564 631 1604 nun
690 1548 820 1602 tam
877 1536 1302 1623 imprudentia
1352 1535 1491 1600 falli
1551 1547 1848 1622 putamus
1900 1574 1988 1584 —
2038 1560 2141 1602 res
2197 1539 2365 1604 enim
2415 1563 2561 1626 per-

503 1632 720 1716 spisua
763 1642 864 1697 est
895 1667 1008 1708 —,
1047 1653 1238 1715 quam
1269 1629 1511 1694 invidia
1543 1642 1744 1714 atque
1789 1632 2240 1697 obtrectatione
2285 1634 2562 1716 quadam

499 1726 808 1812 impediri.

400 1836 463 1888 ii}
615 1824 706 1886 Et
740 1819 1219 1884 constitutiones
1259 1818 1516 1902 quidem
1551 1828 1616 1883 et
1650 1840 1868 1884 earum
1898 1819 2097 1905 partis
2127 1792 2556 1906 exposuimus,

503 1913 790 1999 mempla
842 1922 1054 1977 autem
1098 1911 1405 1995 cuiusque
1449 1912 1701 1998 generis
1747 1924 1883 1977 tum
1926 1915 2316 1980 commodius
2362 1937 2557 2001 expo-
2638 1943 2643 1946 ·

503 2008 680 2072 situi-i
713 2006 1029 2082 videmur,
1076 2026 1224 2069 cum
1264 2005 1333 2069 in
1374 2027 1574 2071 unum
1618 2006 1915 2090 quodque
1958 2028 2176 2074 eorum
2222 2031 2557 2094 argumen-

507 2116 595 2164 tu]
599 2123 708 2164 um
742 2097 990 2184 copiam
1034 2099 1355 2177 dabimus,
1410 2122 1561 2163 nam
1606 2101 2088 2187 argumentandi
2127 2101 2289 2167 ratio
2335 2102 2555 2166 diluci-

503 2196 635 2256 dior
663 2192 799 2270 erit,
837 2213 982 2256 cum
1017 2203 1082 2258 et
1117 2193 1198 2256 ad
1234 2215 1437 2295 genus
1477 2205 1541 2258 et
1576 2194 1659 2259 ad
1692 2195 2053 2281 exemplum
2082 2217 2313 2260 causae
2343 2197 2554 2261 statim

499 2313 579 2377 pr·
571 2286 728 2353 terit
763 2287 1248 2353 adcommodari.

403 2417 451 2453 Π
623 2381 1092 2449 Constitutione
1163 2404 1394 2448 causae
1462 2395 1715 2470 reperta
1785 2384 1997 2450 statim
2066 2385 2278 2471 placet
2347 2386 2555 2453 consi-

499 2481 745 2555 slsrare,
799 2486 1012 2541 utrum
1048 2498 1243 2542 causa
1279 2478 1361 2543 sit
1407 2478 1678 2564 simplex
1723 2502 1804 2545 an
1846 2479 2088 2558 iuncta3
2142 2489 2208 2545 et
2242 2479 2296 2544 si
2338 2480 2555 2545 iuncta

499 2573 640 2649 εει-ἰῇ,
693 2581 907 2635 utrum
953 2570 1036 2635 sit
1079 2594 1160 2635 ex
1212 2571 1501 2657 pluribus
1557 2573 2031 2657 quaestionibus
2078 2572 2294 2638 iuncta
2346 2597 2429 2638 an
2471 2597 2555 2639 ex

499 2669 706 2749 siliqua
740 2666 1228 2753 comparatione.
1320 2668 1591 2755 simplex
1627 2679 1753 2746 est,
1790 2690 1952 2753 quae
1990 2667 2345 2737 absolutam
2378 2668 2445 2732 in
2482 2692 2553 2733 se

499 2765 774 2826 suutinet
805 2784 1000 2827 unam
1044 2761 1509 2844 quaestionem,
1564 2761 1686 2828 hoc
1729 2763 1947 2829 modo:
2004 2760 2381 2828 ‘Corinthiis
2416 2762 2555 2828 bel-

495 2861 627 2921 lum
675 2855 1026 2922 indicamus
1091 2877 1173 2919 an
1223 2855 1417 2921 non?'
1481 2857 1816 2921 coniuncta
1876 2878 1958 2921 ex
2007 2857 2293 2943 pluribus
2358 2879 2553 2940 quae-

495 2948 832 3026 stionibus,
885 2948 953 3013 in
996 2968 1122 3031 qua
1162 2947 1347 3034 plura
1400 2960 1812 3031 quaeruntur,
1868 2950 1989 3015 hoc
2039 2961 2256 3037 pacto:
2313 2956 2554 3015 ‘utrum

493 3041 827 3127 Karthago
873 3042 1156 3105 diruatur
1201 3065 1284 3105 an
1315 3042 1963 3131 Karthaginiensibus
2011 3046 2313 3110 reddatur
2356 3069 2437 3111 an
2472 3068 2551 3111 eo

495 3135 740 3201 {misnia
775 3135 1158 3199 deducatur!
1241 3158 1319 3200 ex
1357 3138 1844 3222 comparatione,
1881 3138 1949 3202 in
1983 3162 2109 3223 qua
2141 3163 2257 3226 per
2292 3150 2552 3205 conten-

499 3233 659 3293 tione
667 3252 747 3306 m,
783 3238 994 3292 utrum
1017 3228 1228 3315 potius
1252 3227 1392 3316 [aut
1427 3232 1579 3315 quid
1605 3233 2007 3319 potissimum
2043 3233 2174 3321 sit],
2208 3234 2546 3318 quaeritur,

499 3329 575 3385 :ul
619 3325 787 3387 hunc
828 3324 1115 3389 modum:
1172 3329 1412 3389 ‘utrum
1456 3327 1769 3392 exercitus
1813 3328 1880 3391 in
1912 3327 2363 3393 Macedoniam
2398 3350 2549 3410 con-

499 3437 587 3481 tra
623 3417 991 3504 Philippum
1025 3418 1326 3499 mittatur,
1364 3420 1472 3503 qui
1510 3422 1697 3486 sociis
1737 3420 1819 3486 sit
1854 3421 2106 3500 auxilio,
2145 3446 2227 3487 an
2261 3432 2549 3488 teneatur

491 3517 551 3577 in
599 3511 813 3589 Italia,
865 3523 938 3577 ut
981 3535 1172 3598 quam
1223 3515 1538 3581 maximae
1592 3526 1811 3581 contra
1851 3516 2281 3581 Hannibalem
2327 3516 2546 3601 copiae

495 3609 655 3673 siut?
729 3607 956 3672 deinde
993 3608 1523 3674 considerandum
1557 3620 1675 3687 est,
1710 3610 1779 3673 in
1812 3610 2054 3675 ratione
2091 3634 2173 3675 an
2206 3610 2274 3674 in
2310 3610 2545 3694 scripto

495 3705 572 3766 sit
627 3702 1081 3777 controversia,
1135 3726 1285 3768 nam
1339 3703 1556 3790 scripti
1610 3706 2038 3771 controversia
2080 3716 2181 3772 est
2223 3728 2329 3783 ea,
2383 3725 2547 3787 quae

395 3813 455 3861 13
495 3825 571 3861 ei:
611 3798 964 3884 scriptionis
1001 3820 1234 3885 genere
1269 3798 1577 3876 nascitur3
1635 3798 1768 3863 eius
1806 3810 2019 3865 autem
2061 3822 2325 3885 genera,
2382 3820 2545 3881 quae

495 3902 782 3977 separata
819 3903 966 3957 sunt
1000 3916 1039 3956 a
1073 3891 1654 3970 constitutionibus,
1692 3894 1967 3979 quinque
2002 3906 2179 3960 sunt:
2224 3917 2374 3958 nam
2408 3905 2547 3958 tum

499 3985 686 4049 verba
735 3984 878 4070 ipsa
927 3986 1220 4049 videntur
1264 4007 1408 4049 cum
1462 3988 1774 4053 sententia
1827 3988 2149 4075 scriptoris
2203 3986 2542 4063 dissidere3

499 4089 627 4141 [um
671 4078 829 4142 inter
867 4101 935 4143 se
983 4078 1144 4143 duae
1197 4077 1374 4164 leges
1424 4091 1531 4145 aut
1580 4081 1793 4167 plures
1840 4084 2240 4171 discrepare}
2285 4093 2419 4146 tum
2453 4079 2543 4158 id,
