2784 4575
865 255 973 310 DE
1011 251 1376 310 ORATORE
1413 255 1459 310 1.
1496 255 1805 311 232-239.
2278 245 2361 311 51

305 381 610 448 didisses.
703 378 818 445 sed
853 399 974 464 ego
1017 399 1100 443 ne
1146 397 1289 441 cum
1333 376 1461 442 ista
1511 377 1766 462 quidem
1802 389 1933 445 arte
1982 370 2230 466 pugno}
2284 382 2367 448 sit

305 496 471 542 sane
526 483 730 549 tanta,
785 482 1087 555 quantam
1138 481 1210 536 tu
1255 469 1435 536 illam
1486 493 1629 537 esse
1672 472 1771 537 vis
1813 509 1905 521 —-
1946 474 2179 538 etenim
2232 476 2367 540 sine

305 567 746 636 controversia
780 576 847 632 et
877 588 1112 676 magna
1145 575 1246 632 est
1281 576 1346 630 et
1376 565 1506 630 late
1531 576 1709 653 patet
1742 578 1807 632 et
1842 557 1924 632 ad
1955 569 2189 634 multos
2223 592 2368 678 per-

227 742 236 748 ,
305 665 472 730 tinet
506 673 571 728 et
606 681 854 727 summo
889 659 958 724 in
992 661 1231 726 honore
1285 681 1535 745 semper
1568 659 1689 725 fuit
1723 671 1789 724 et
1830 661 2162 727 clarissimi
2196 663 2365 728 cives

311 757 379 823 ei
414 756 619 822 studio
656 753 849 822 etiam
883 753 1072 819 hodie
1106 764 1412 840 praesunt
1443 789 1533 802 ·—
1569 753 1684 820 sed
1717 754 1890 835 vide,
1946 753 2211 836 Crasse,
2262 749 2365 836 n‘e,

312 853 468 916 dum
500 873 668 917 novo
705 860 770 916 et
806 849 1011 915 alieno
1040 859 1265 915 ornatu
1291 849 1451 915 velis
1486 871 1710 916 ornare
1745 849 1898 916 iuris
1936 851 2137 918 civilis
2166 852 2368 918 scien-

310 945 497 1024 tiam,
555 966 671 1010 suo
706 965 960 1028 quoque
1007 965 1148 1008 eam
1202 962 1508 1009 concesso
1544 953 1609 1008 et
1644 945 1872 1010 tradito
1910 945 2143 1032 spolies
2180 957 2367 1032 atque

314 1039 631 1104 denudes:
682 1061 862 1115 nam,
917 1036 974 1102 si
1006 1036 1098 1102 ita
1150 1036 1421 1113 diceres,
1476 1037 1585 1120 qui
1617 1037 1772 1102 iuris
1817 1041 2140 1106 consultus
2176 1035 2364 1120 esset,

319 1155 466 1198 esse
501 1153 642 1198 eum
678 1141 1023 1208 oratorem,
1075 1130 1351 1213 itemque
1387 1129 1497 1214 qui
1530 1141 1703 1196 esset
1735 1143 1971 1211 orator,
2024 1133 2176 1200 iuris
2214 1157 2367 1201 eun-

313 1227 464 1291 dem
499 1247 640 1291 esse
693 1223 1084 1301 consultum,
1137 1221 1497 1312 praeclaras
1550 1223 1709 1289 duas
1746 1225 1896 1290 artis
1950 1227 2363 1294 constitueres

317 1331 506 1408 atque
539 1319 704 1385 inter
749 1341 818 1384 se
862 1317 1036 1405 paris
1097 1329 1161 1382 et
1205 1319 1491 1383 eiusdem
1536 1317 1739 1385 socias
1794 1319 2114 1410 dignitatis
2124 1347 2143 1400 3
2194 1344 2365 1389 nunc

315 1435 467 1480 vero
501 1411 655 1479 iuris
710 1414 1071 1479 consultum
1125 1413 1262 1479 sine
1297 1413 1420 1479 hac
1453 1413 1836 1498 eloquentia,
1891 1413 1969 1482 de
2006 1439 2131 1502 qua
2174 1437 2367 1501 quae-

309 1510 537 1586 rimus,
609 1509 828 1574 fateris
890 1530 1034 1573 esse
1101 1529 1294 1595 posse
1357 1508 1683 1593 fuisseque
1749 1510 2055 1597 plurimos
2064 1536 2083 1589 3
2157 1522 2367 1599 orato-

309 1627 449 1669 rem
481 1625 713 1688 negas,
747 1601 872 1667 nisi
903 1601 1080 1668 illam
1115 1600 1443 1667 scientiam
1479 1603 1926 1690 adsumpserit,
1964 1627 2108 1671 esse
2140 1627 2361 1692 posse:

310 1698 406 1763 ita
449 1705 550 1762 est
597 1694 713 1759 tibi
764 1694 918 1760 iuris
971 1693 1296 1761 consultus
1348 1695 1488 1782 ipse
1540 1719 1655 1782 per
1700 1719 1769 1763 se
1812 1696 1969 1761 nihil
2010 1697 2135 1777 nisi
2186 1698 2364 1784 legu-

311 1789 478 1854 leius
533 1787 788 1872 quidam
839 1800 1058 1855 cautus
1113 1798 1179 1855 et
1229 1799 1449 1855 acutus
1464 1839 1482 1867 ,
1536 1812 1765 1877 praeco
1819 1789 2162 1869 actionum,
2217 1812 2365 1856 can-

311 1891 414 1948 tor
447 1881 890 1961 formularum,
946 1903 1178 1971 auceps
1218 1882 1631 1968 syllabarum3
1688 1885 1801 1950 sed
1836 1884 1983 1968 quia
2018 1907 2207 1971 saepe
2241 1884 2365 1950 uti-

309 1988 413 2042 tur
463 1986 674 2042 orator
726 1976 1012 2042 subsidio
1063 1976 1217 2042 iuris
1271 1977 1339 2041 in
1393 1977 1631 2055 causis,
1683 1977 1917 2042 idcirco
1969 1977 2159 2044 istam
2208 1977 2362 2042 iuris

313 2069 638 2135 scientiam
689 2069 1086 2153 eloquentiae
1139 2081 1461 2154 tamquam
1514 2070 1871 2136 ancillulam
1921 2071 2365 2156 pedisequam-

309 2189 432 2252 que
472 2166 829 2232 adiunxisti.

437 2257 650 2348 Quod
676 2282 828 2326 vero
880 2259 1337 2348 impudentiam
1388 2259 1731 2327 admiratus
1768 2283 1837 2326 es
1884 2283 2103 2327 eorum
2151 2259 2364 2349 patro-

312 2374 569 2431 norum,
605 2352 714 2437 qui
748 2364 884 2431 aut,
941 2376 1086 2419 cum
1118 2378 1319 2440 parva
1349 2354 1695 2433 nescirent,
1728 2378 1965 2445 magna
1997 2356 2365 2441 profiteren-

309 2458 416 2512 tur
450 2456 560 2512 aut
593 2468 696 2524 ea,
753 2468 910 2531 quae
962 2449 1243 2513 maxima
1295 2459 1515 2514 essent
1544 2450 1613 2513 in
1653 2449 1789 2513 iure
1843 2448 2040 2525 civili,
2094 2458 2363 2512 tractare

311 2541 616 2606 auderent
647 2540 716 2604 in
753 2541 992 2620 causis,
1047 2563 1192 2606 611111
1228 2564 1306 2607 ea
1336 2541 1656 2607 nescirent
1698 2561 2167 2625 numquamque
2204 2539 2364 2603 didi-

311 2633 567 2713 cissent,
601 2634 930 2719 utriusque
965 2636 1058 2701 rei
1091 2634 1296 2700 facilis
1326 2646 1426 2700 est
1452 2646 1516 2699 et
1539 2644 1832 2720 prompta
1866 2627 2180 2698 defensio:
2217 2654 2365 2696 nam

307 2750 513 2813 neque
547 2728 706 2793 illud
741 2738 842 2793 est
889 2728 1274 2805 mirandum,
1328 2728 1465 2811 qui,
1524 2727 1749 2812 quibus
1806 2725 2015 2791 verbis
2054 2723 2363 2811 coemptio

305 2824 450 2902 fiat,
491 2824 762 2901 nesciat,
817 2825 1090 2889 eundem
1145 2823 1280 2888 eius
1327 2822 1636 2899 mulieris,
1694 2842 1854 2907 quae
1906 2818 2365 2905 coemptionem

311 2916 561 2993 fecerit,
598 2937 854 2981 causam
887 2940 1081 3003 posse
1117 2916 1489 2995 defendere3
1540 2937 1689 2993 nec,
1727 2913 1783 2980 si
1816 2913 1996 2999 parvi
2028 2912 2265 2997 navigii
2302 2922 2365 2977 et

309 3007 528 3095 magni
582 3010 802 3075 eadem
853 3022 955 3076 est
1005 3011 1074 3076 in
1124 3011 1537 3121 gubernando
1596 3008 1886 3085 scientia,
1947 3006 2181 3072 idcirco
2234 3005 2361 3089 qui,

313 3102 538 3187 quibus
576 3104 788 3170 verbis
823 3104 1112 3169 heretum
1145 3104 1296 3169 cieri
1331 3113 1645 3190 oporteat,
1697 3101 1967 3179 nesciat,
2018 3100 2188 3165 idem
2222 3098 2365 3163 her-

311 3197 648 3263 ciscundae
684 3198 961 3263 familiae
998 3220 1257 3263 causam
1293 3220 1483 3287 agere
1518 3220 1648 3263 non
1681 3196 1904 3283 possit.
1982 3214 2158 3272 nam,
2196 3192 2365 3277 quod

310 3290 620 3355 maximas
665 3292 1136 3361 centumviralis
1192 3313 1419 3357 causas
1474 3292 1543 3355 in
1576 3291 1713 3355 iure
1754 3290 1995 3376 positas
2028 3283 2361 3376 protulisti,

313 3401 476 3467 quae
525 3384 784 3450 tandem
835 3402 1052 3450 earum
1089 3382 1342 3471 [causa]
1380 3386 1532 3462 fuit,
1586 3406 1750 3469 quae
1797 3385 1878 3448 ab
1928 3382 2183 3448 homine
2235 3380 2365 3443 elo-

309 3475 529 3560 quenti
561 3475 714 3543 iuris
755 3477 1048 3564 imperito
1091 3500 1221 3543 non
1267 3478 1666 3543 ornatissime
1700 3476 1977 3563 potuerit
2010 3472 2175 3537 dici?
2225 3471 2363 3554 qui-

306 3571 430 3635 bus
466 3570 784 3655 quidem
762 3594 832 3635 111
876 3572 1087 3637 causis
1141 3571 1468 3649 omnibus,
1524 3571 1690 3636 sicut
1720 3570 1789 3633 in
1829 3568 1973 3653 ipsa
2004 3565 2123 3630 Μ’.
2162 3562 2360 3642 Curii,

307 3686 472 3749 quae
515 3665 632 3729 abs
679 3676 742 3730 te
793 3688 997 3751 nuper
1048 3676 1149 3731 est
1190 3664 1387 3743 dicta,
1442 3675 1507 3729 et
1548 3664 1614 3728 in
1658 3661 1737 3728 O.
1772 3658 2035 3725 Η6611111
2076 3656 2361 3723 Mancini

309 3758 743 3824 controversia
777 3770 968 3843 atque
1001 3758 1068 3824 in
1103 3780 1180 3825 eo
1213 3777 1443 3869 puero,
1498 3757 1617 3867 qui
1642 3778 1724 3821 ex
1768 3754 1965 3818 altera
2006 3762 2191 3817 natus
2228 3762 2363 3816 erat

307 3872 534 3928 uxore,
587 3874 719 3917 non
750 3853 1020 3918 remisso
1057 3850 1276 3917 nuntio
1313 3849 1648 3939 superiori,
1700 3847 1822 3912 fuit
1853 3847 2016 3911 inter
2057 3842 2362 3953 peritissi-

305 3965 451 4009 mos
504 3944 792 4012 homines
848 3969 1097 4012 summa
1147 3946 1228 4009 de
1279 3946 1418 4011 iure
1476 3942 1819 4009 dissensio:
1873 3960 2105 4023 quaero
2146 3938 2358 4024 igitur,

307 4036 466 4121 quid
501 4038 812 4105 adiuverit
847 4051 1162 4107 oratorem
1193 4039 1265 4104 in
1297 4039 1400 4104 his
1437 4036 1647 4103 causis
1682 4033 1835 4099 iuris
1874 4032 2161 4109 scientia,
2216 4050 2357 4094 cum

1956 4135 2025 4185 4·

2398 410 2477 452 835

2397 2247 2465 2303 56

2398 2322 2474 2362 23¹1

2396 3206 2475 3246 238

2392 3957 2468 3997 239
