2784 4575
465 181 616 248 256·
1086 191 1164 246 M.
1203 189 1477 246 'runnu
1512 151 1909 244 excauoms

465 316 734 384 oratoris
767 315 977 392 vides,
1022 310 1405 378 locutionem
1440 310 1837 376 emendatam
1870 319 1939 376 et
1969 309 2304 390 Latinam,
2342 313 2539 382 <mins

462 432 662 498 penes
699 429 857 493 quos
893 407 1032 472 laus
1070 405 1276 471 adhuc
1303 404 1442 482 fuit,
1480 427 1607 470 non
1633 403 1753 469 fuit
1775 403 2037 469 rationis
2066 416 2177 470 aut
2202 406 2535 485 scientiae,

467 503 584 570 sed
635 501 819 587 quasi
868 502 1076 567 bonae
1130 497 1634 565 consuetudinis.
1696 497 1879 564 mitto
1932 494 2011 563 C.
2064 498 2392 578 Laelium,
2444 501 2533 568 P.

469 597 862 707 Scipionem.
909 593 1132 660 aetatis
1166 593 1336 658 illius
1370 591 1497 656 ista
1531 591 1663 656 fuit
1682 591 1823 656 laus
1867 601 2192 676 tamquam
2223 591 2537 660 innocen-

465 690 592 756 tiae
640 690 731 756 sic
765 689 1000 756 Latine
1032 686 1360 771 loquendi3
1413 707 1533 752 nec
1566 685 1849 750 omnium
1898 696 2140 765 tamem
2196 709 2351 753 nam
2382 687 2537 754 illo-

464 805 608 850 rum
643 782 923 866 aequalis
961 778 1314 847 Caecilium
1357 789 1425 844 et
1454 779 1809 844 Pacuvium
1848 779 2015 845 male
2056 778 2302 846 locutos
2348 781 2537 847 vide-

465 899 608 942 mus
619 901 644 955 3.
693 875 809 941 sed
851 895 1072 942 omnes
1126 883 1260 937 tum
1313 872 1477 950 fere,
1532 872 1641 955 qui
1680 893 1803 938 nec
1854 883 2034 938 extra
2083 875 2308 939 urbem
2358 873 2542 940 hanc·

466 971 758 1036 vixerant
789 989 910 1033 nec
943 989 1054 1032 eos
1092 965 1300 1050 aliqua
1332 965 1657 1032 barbaries
1694 965 2043 1032 domestica
2071 965 2533 1046 infamaverat,

465 1074 640 1130 recte
691 1063 1132 1146 loquebantur.
1219 1057 1336 1124 sed
1378 1058 1544 1123 hanc
1589 1069 1757 1124 certe
1807 1081 1944 1125 rem
1998 1058 2373 1126 deteriorem
2414 1084 2533 1127 ve-

470 1168 673 1222 tustas
717 1154 870 1220 fecit
923 1164 989 1219 et
1019 1153 1264 1218 Romae
1309 1162 1374 1218 et
1416 1151 1503 1216 in.
1521 1149 1820 1218 Graecia:
1874 1153 2315 1218 confluxerunt
2356 1155 2533 1220 enim

471 1262 536 1318 et
566 1249 860 1315 Athenas
897 1259 962 1312 et
994 1247 1064 1311 in
1108 1245 1271 1311 hanc
1313 1247 1539 1311 urbem
1584 1246 1767 1311 multi
1818 1246 2142 1331 inquinate
2193 1247 2529 1332 loquentes

459 1357 553 1409 ‘ex
599 1341 864 1408 diversis
910 1339 1095 1419 locis3
1151 1360 1276 1423 quo
1317 1340 1525 1426 magis
1570 1341 2021 1426 expurgandus
2066 1350 2165 1407 est
2208 1363 2417 1407 sermo
2460 1353 2531 1408 et

473 1435 834 1502 adhibenda
899 1445 1222 1518 tamquam
1289 1433 1560 1498 obrussa
1617 1433 1807 1512 ratio,
1880 1454 2043 1518 quae
2102 1435 2336 1500 mutari
2395 1458 2529 1501 non

470 1540 710 1618 potest,
772 1549 893 1594 nec
955 1528 1260 1594 utendum
1308 1526 1691 1614 pravissima
1749 1527 2221 1594 consuetudinis
2280 1528 2527 1616 regula„

359 1649 437 1690 259
473 1624 552 1689 T.
596 1621 1051 1699 Flamininum,
1106 1621 1215 1704 qui
1259 1642 1403 1685 cum
1448 1619 1533 1702 Q.
1567 1620 1837 1686 Metello
1879 1622 2104 1689 consul
2144 1622 2294 1700 fuit,
2347 1623 2528 1710 pueri

471 1716 743 1782 vidimus
753 1743 772 1795 3
837 1716 1311 1782 existimabatur
1361 1716 1525 1780 bene
1576 1714 1809 1780 Latine
1864 1717 2061 1802 loqui,
2117 1717 2232 1781 sed
2281 1716 2527 1782 litteras

427 1886 432 1893 ¹
471 1810 825 1888 nesciebat3
883 1807 1151 1875 Catulus
1187 1818 1324 1873 erat
1353 1808 1463 1874 ille
1498 1808 1754 1892 quidem
1796 1808 2055 1874 minime
2088 1808 2408 1888 indoctus,
2452 1823 2527 1875 ut

479 1927 518 1968 a
551 1915 612 1968 te
647 1904 840 1992 paulo
876 1912 975 1967 est
1009 1913 1155 1966 ante
1191 1901 1459 1979 dictum,
1514 1903 1629 1968 sed
1665 1913 1879 1968 tamen
1924 1903 2203 1969 suavitas
2246 1904 2420 1969 vocis
2458 1916 2527 1970 et

471 1997 633 2060 lenis
697 1995 1037 2082 appellatio
1097 1993 1447 2060 litterarum
1497 1995 1663 2062 bene
1723 1997 2025 2080 loquendi
2080 1997 2316 2061 famam
2368 2017 2526 2062 con-

398 2113 403 2120 ·
475 2089 739 2164 fecerat3
789 2085 1007 2164 Cotta,
1061 2086 1168 2170 qui
1205 2108 1275 2152 se
1310 2087 1497 2152 valde
1534 2087 1871 2154 dilatandis
1906 2088 2125 2156 litteris
2162 2112 2201 2154 a
2235 2089 2529 2154 similitu-

472 2180 619 2246 dine
667 2178 954 2245 Graeoae
1005 2180 1339 2246 locutionis
1396 2181 1792 2249 abstraxerat
1844 2184 2233 2267 sonabatque
2278 2194 2525 2250 contra-

469 2275 636 2340 rium
670 2272 934 2353 Catulo,
982 2275 1354 2361 subagreste
1391 2276 1693 2360 quiddam
1725 2277 2041 2364 planeque
2078 2277 2523 2357 subrusticum,

472 2369 597 2435 alia
631 2370 888 2455 quidem
924 2369 1106 2454 quasi
1139 2370 1376 2435 inculta
1411 2381 1476 2435 et
1518 2371 1797 2438 silvestri
1830 2372 1937 2437 via
1970 2372 2053 2438 ad
2090 2372 2357 2439 eandem
2388 2372 2527 2437 lau-

471 2464 617 2531 dem
650 2476 1054 2552 pervenerat3
1101 2462 1378 2531 Sisenna
1414 2477 1624 2531 autem
1660 2467 1844 2551 quasi
1886 2468 2255 2533 emendator
2288 2490 2527 2534 sermo-

468 2558 569 2624 nis
615 2559 828 2624 usitati
881 2580 1026 2623 cum
1071 2581 1214 2625 esse
1267 2560 1485 2638 vellet,
1538 2582 1620 2627 ne
1657 2583 1696 2625 a
1732 2559 1809 2628 C.
1844 2560 2049 2627 Rusio
2101 2561 2356 2647 quidem
2392 2559 2527 2648 [ac-

471 2650 788 2739 cusatore]
856 2652 1158 2720 deterreri
1218 2654 1427 2741 potuit
1488 2676 1613 2739 quo
1665 2655 1875 2721 minus
1932 2656 2251 2722 inusitatis
2313 2656 2525 2722 verbis

357 2768 436 2810 260
471 2747 789 2812 uteretur?
878 2748 1210 2831 ‘quidnam
1251 2748 1419 2814 istuc
1462 2750 1623 2814 est?’
1677 2748 1881 2839 inquit
1912 2750 2154 2817 Brutus
2210 2758 2349 2817 ‘aut
2382 2749 2525 2835 quis

470 2847 570 2903 est
603 2838 723 2904 iste
760 2837 838 2905 C.
873 2838 1184 2907 Rusius?’
1223 2850 1288 2906 et
1318 2841 1426 2907 illc
1464 2842 1613 2909 ‘fuit
1647 2845 2007 2909 accusator’
2047 2845 2253 2929 inquit
2288 2851 2523 2920 ‘vetus‚

471 2952 598 3015 quo
651 2944 990 3000 accusante
1043 2932 1121 3000 C.
1179 2935 1569 3001 Hirtuleium
1624 2933 1900 3001 Sisenna
1958 2936 2310 3001 defendens
2364 2936 2525 3001 dixit

367 3038 436 3092 75
471 3026 782 3109 quaedam
833 3028 970 3093 eius
985 3028 1382 3147 sputatilica
1437 3050 1580 3093 esse
1632 3028 1921 3104 crimina·
1975 3038 2110 3091 tum
2155 3026 2233 3093 C.
2278 3027 2523 3091 Rusius

471 3118 1001 3197 ‘circumvenior,’
1055 3120 1772 3203 inquit‘iudices,n1si
1806 3118 2188 3185 subvenitis·
2245 3116 2525 3184 Sisenna

470 3211 622 3295 quid
658 3212 826 3278 dicat
859 3212 1102 3289 nesci03
1155 3220 1368 3277 metuo
1424 3168 1717 3279 insidias·
1774 3211 2161 3298 sputatilica,·
2214 3211 2368 3297 quid
2422 3226 2523 3279 est

468 3304 628 3371 hoc?
680 3316 866 3393 sputa
909 3304 1064 3388 quid
1099 3303 1184 3369 sit
1227 3324 1358 3370 8010
1368 3352 1388 3383 ,
1442 3304 1615 3371 tilica
1664 3305 1921 3373 nescio?
2010 3305 2274 3373 maximi
2320 3306 2521 3373 risus.

469 3400 586 3464 sed
618 3400 726 3465 ille
769 3412 982 3465 tamen
1025 3396 1356 3464 familiaris
1407 3420 1589 3465 meus
1631 3410 1805 3467 recte
1855 3398 2031 3485 loqui
2070 3401 2337 3487 putabat
2377 3421 2521 3466 esse

363 3519 443 3559 εει
469 3493 766 3559 inusitate
817 3491 1019 3578 loqui3
1085 3490 1332 3559 Caesar
1383 3505 1596 3561 autem
1645 3495 1958 3562 rationem
2011 3494 2319 3561 adhibens
2372 3514 2523 3560 con-

471 3588 868 3653 suetudinem
929 3588 1224 3654 vitiosam
1277 3600 1342 3654 et
1393 3601 1754 3677 corruptam
1812 3612 1977 3677 pura
2038 3600 2103 3655 et
2160 3589 2522 3673 incorrupta

471 3682 928 3748 consuetudine
981 3683 1305 3760 emendat3
1359 3683 1575 3769 itaque
1616 3705 1762 3749 cum
1807 3684 1890 3749 ad
1931 3682 2101 3749 hanc
2140 3680 2519 3769 elegantiam

469 3773 814 3843 verborum
832 3776 1230 3855 Latinorum,
1264 3796 1448 3860 quae,
1486 3777 1676 3844 etiam
1712 3778 1767 3843 si
1801 3789 2013 3844 orator
2042 3798 2173 3843 non
2208 3775 2296 3841 sis
2331 3785 2398 3841 et
2430 3774 2519 3839 sis

467 3867 786 3953 ingenuus
821 3869 976 3933 civis
1012 3870 1370 3946 Romanus,
1408 3880 1619 3937 tamen
1654 3869 2019 3936 necessaria
2052 3880 2180 3948 est,
2234 3866 2520 3954 adiungit

470 3958 580 4021 illa
615 3959 888 4024 oratoria
923 3974 1296 4027 ornamenta
1338 3962 1617 4045 dicendi,
1674 3961 1867 4051 [tum]
1906 3962 2157 4029 videtur
2198 3972 2519 4047 tamquam

2722 1267 2733 1519 4
