2784 4575
80 565 83 572 “
82 517 87 534 “
82 451 92 502 ““”“
84 411 101 432 Ἰ
84 277 107 392 ’γι-Ἱ-
106 224 115 233 ι

38 3152 44 3165 “
45 3114 52 3123 -
39 3032 42 3035 ⁴
38 2786 78 3013 ἦτὶι-ςοςττκ
38 2644 64 2755 (ις-ι’..

481 264 570 330 52
977 276 1403 337 CORNIFICII
1437 277 2059 340 RHETORICORUM

478 401 690 468 minus
725 399 966 487 ingenii
1000 401 1268 480 habent,
1307 403 1669 468 adiumento
1705 403 1973 469 velimus
2011 426 2174 469 esse.
2262 427 2433 470 nunc
2468 407 2551 476 de

483 495 824 560 artificiosa
870 498 1181 561 memoria
1229 496 1578 581 loquemur.
1668 507 1918 563 constat
1967 497 2159 584 igitur
2213 498 2555 566 artificiosa

481 589 788 656 memoria
839 611 921 655 ex
961 588 1121 654 locis
1168 600 1233 655 et
1273 589 1655 675 imaginibus
1665 615 1687 656 ,ε
1738 590 1913 657 locos
1969 591 2362 678 appellamus
2416 615 2551 671 eos,

483 685 592 768 qui
625 683 920 761 breviter,
956 683 1259 769 perfecte,
1296 683 1597 769 insignite
1635 695 1745 749 aut
1776 695 2004 750 natura
2032 696 2141 750 aut
2171 709 2367 751 manu
2402 697 2557 752 sunt

485 778 789 854 absoluti,
843 788 916 842 ut
959 799 1073 841 eos
1110 777 1297 842 facile
1339 777 1615 842 naturali
1658 778 1965 844 memoria
2014 780 2557 866 comprehendere

484 883 551 938 et
595 871 888 959 amplecti
942 892 1281 955 queamus,
1335 882 1409 936 ut
1453 872 1660 951 aedis,
1713 873 2293 952 intercolumnium,
2348 897 2559 962 angu-

481 966 644 1045 lum,
699 963 1008 1030 fornicem
1059 974 1124 1028 et
1177 965 1303 1029 alia
1353 986 1518 1049 quae
1569 965 1669 1030 his
1725 966 1957 1031 similia
2008 978 2183 1044 sunt3
2236 967 2555 1056 imagines

485 1071 632 1126 sunt
657 1060 901 1124 formae
929 1058 1242 1141 quaedam
1270 1069 1336 1122 et
1360 1069 1549 1125 notae
1584 1070 1650 1124 et
1684 1059 2021 1126 simulacra
2046 1061 2183 1126 eius
2209 1061 2321 1140 rei,
2361 1083 2555 1147 quam

480 1151 847 1218 meminisse
903 1151 1228 1230 volumus,
1287 1153 1462 1236 quod
1514 1175 1717 1240 genus
1774 1154 1946 1237 equi,
1999 1154 2248 1232 leones,
2304 1155 2555 1239 aquilae

421 1271 424 1274 ⁴
485 1243 782 1332 [quorum
825 1246 1199 1311 memoriam
1235 1245 1290 1310 si
1323 1245 1613 1312 volemus
1638 1247 1921 1326 habere,
1974 1248 2286 1336 imagines
2333 1271 2553 1314 eorum

259 1433 262 1436 ⁴
385 1461 440 1504 so

479 1339 636 1405 locis
673 1339 866 1406 certis
903 1340 1234 1406 conlocare
1269 1362 1387 1406 nos
1426 1339 1793 1428 oportebit].

600 1434 788 1502 Nunc
825 1433 1005 1498 cuius
1041 1435 1215 1500 modi
1248 1434 1425 1500 locos
1469 1435 1753 1501 invenire
1790 1446 1855 1500 et
1890 1458 2014 1520 quo
2049 1447 2239 1522 pacto
2272 1437 2556 1523 reperire

481 1541 548 1595 et
596 1530 664 1594 in
715 1529 874 1595 locis
925 1529 1239 1616 imagines
1301 1530 1685 1596 constituere
1737 1541 2054 1617 oporteat,
2117 1532 2552 1598 ostendemusss

219 1647 224 1656 .
309 1591 326 1644 f
377 1637 446 1694 17
483 1647 674 1709 quem
719 1624 803 1688 ad
850 1625 1112 1690 modum
1163 1625 1358 1711 igitur
1404 1625 1514 1709 qui
1562 1625 1806 1690 litteras
1862 1625 2095 1703 sciunt,
2146 1636 2420 1712 possunt
2460 1626 2552 1704 id,

483 1719 656 1803 quod
690 1718 996 1784 dictatum
1032 1729 1156 1796 est,
1196 1719 1472 1785 scribere
1509 1729 1575 1784 et
1607 1719 1893 1797 recitare,
1930 1719 2103 1802 quod
2140 1721 2553 1806 scripserunt,

479 1813 634 1878 item
671 1814 780 1897 qui
813 1811 1214 1877 mnemonica
1247 1812 1620 1891 didicerunt,
1657 1823 1947 1899 possunt,
1986 1813 2159 1896 quod
2195 1813 2549 1892 audierunt,

367 1917 370 1922 '
479 1907 550 1972 in
582 1907 738 1972 locis
774 1907 1107 1972 conlocare
1141 1917 1207 1970 et
1240 1928 1323 1970 ex
1356 1906 1457 1971 his
1502 1905 1864 1972 memoriter
1910 1906 2337 1992 pronuntiare.
2426 1907 2552 1972 loci

401 2023 404 2026 ⁴
481 2021 663 2064 cerae
717 2009 828 2064 aut
879 1999 1134 2064 chartae
1171 1999 1474 2065 simillimi
1526 2010 1701 2077 sunt,
1754 1998 2065 2085 imagines
2112 1999 2365 2077 litteris,
2420 2000 2553 2065 dis-

479 2093 710 2180 positio
766 2103 832 2158 et
882 2092 1232 2165 conlocatio
1284 2093 1636 2180 imaginum
1680 2091 2056 2180 scripturae,
2120 2092 2553 2179 pronuntiatio

479 2185 762 2274 lectioni:
801 2197 1048 2274 oportet
1075 2186 1288 2279 igitur,
1327 2187 1383 2252 si
1411 2187 1703 2251 volumus
1738 2185 1941 2251 multa
1964 2186 2348 2264 meminisse,
2383 2187 2552 2250 mul-

481 2269 580 2348 tos
615 2281 791 2347 locos
827 2281 1012 2348 nobis
1051 2304 1440 2369 comparare,
1477 2292 1550 2346 ut
1581 2281 1649 2346 in
1682 2280 1899 2346 multis
1925 2279 2083 2347 locis
2119 2281 2409 2348 multas
2389 2304 2551 2347 ima-

479 2374 662 2463 gines
727 2376 1058 2443 conlocare
1119 2376 1470 2461 possimus·
1452 2424 1471 2454 ,
1542 2375 1696 2440 item
1752 2384 2049 2462 putamus
2112 2386 2401 2461 oportere
2465 2399 2548 2440 ex

479 2471 700 2535 ordine
713 2462 853 2537 hos
888 2471 1063 2536 locos
1101 2471 1355 2548 habere,
1391 2492 1475 2535 ne
1512 2471 1763 2554 quando
1797 2470 2273 2557 perturbatione
2310 2470 2549 2535 ordinis

478 2564 926 2674 impediamur,
971 2586 1096 2649 quo
1135 2564 1334 2629 setius
1372 2588 1412 2628 a
1447 2572 1640 2648 quoto
1686 2586 1937 2649 quoque
1976 2564 2117 2630 loco
2152 2562 2400 2641 libebit,
2444 2565 2549 2629 vel

403 2698 406 2701 ·
481 2660 564 2725 ab
599 2659 922 2745 superiore
957 2657 1061 2722 vel
1097 2658 1179 2722 ab
1213 2657 1511 2722 inferiore
1546 2668 1747 2743 parte,
1783 2658 2094 2745 imagines
2132 2658 2313 2742 sequi
2348 2667 2413 2722 et
2447 2680 2546 2735 ea,

291 3308 440 3385 ’81

294 2732 296 2735 ‚
377 2766 449 2822 18
483 2774 645 2837 quae
687 2753 987 2818 mandata
1030 2752 1186 2817 locis
1241 2762 1453 2830 erunt,
1502 2752 1689 2817 edere
1723 2752 2063 2838 possimus.
2154 2775 2305 2817 nam
2339 2762 2439 2830 ut,
2489 2752 2547 2815 si

478 2848 546 2911 in
580 2847 800 2912 ordine
839 2845 1062 2911 stantis
1099 2856 1286 2911 notos
1322 2844 1667 2931 compluris
1702 2845 2047 2911 viderimus
2060 2894 2078 2923 ,
2126 2846 2285 2911 nihil
2328 2854 2548 2911 nostra

477 2940 752 3017 intersit,
799 2950 1013 3004 utrum
1049 2941 1130 3005 ab
1167 2962 1415 3006 summo
1454 2962 1537 3004 an
1571 2940 1654 3004 ab
1688 2940 1815 3005 imo
1853 2963 1935 3004 an
1970 2963 2009 3004 a
2040 2940 2251 3005 medio
2285 2938 2547 3005 nomina

479 3054 699 3099 eorum
743 3033 952 3099 dicere
994 3033 1404 3121 incipiamus,
1449 3033 1603 3097 item
1636 3033 1705 3097 in
1746 3032 1905 3098 locis
1950 3055 2032 3098 ex
2074 3033 2293 3098 ordine
2330 3033 2548 3098 conlo-

93 3124 144 3157 ’·
207 3124 210 3127 ’
317 3164 320 3167 -
375 3206 378 3209 ἦ
479 3128 636 3191 catis
691 3128 968 3206 eveniet,
1021 3138 1094 3192 ut
1143 3128 1212 3192 in
1264 3126 1612 3212 quamlibet
1663 3137 1911 3212 partem
1956 3151 1995 3191 a
2046 3137 2238 3211 ‘lU0t0
2292 3148 2543 3210 quoque

479 3220 620 3286 loco
671 3220 918 3299 libebit,
972 3221 1355 3309 imaginibus
1412 3220 1777 3286 commoniti
1830 3220 2038 3286 dicere
2089 3219 2409 3305 possimus
2455 3220 2545 3299 id,

481 3314 654 3398 quod
703 3314 860 3381 locis
913 3315 1446 3381 mandaverimus.
1536 3337 1662 3399 qua
1701 3336 1773 3379 re
1815 3314 2025 3400 placet
2077 3325 2142 3380 et
2192 3336 2272 3379 ex
2327 3313 2551 3379 ordine

477 3406 654 3475 locos
692 3429 1086 3495 comparare,
1123 3419 1188 3474 et
1219 3410 1427 3487 locos,
1466 3430 1626 3493 quos
1664 3407 2148 3495 sumpserimus,
2186 3407 2445 3495 egregia
2478 3430 2549 3473 re

481 3500 810 3569 commode
861 3513 1082 3569 notare
1137 3502 1484 3590 oportebit,
1546 3513 1620 3567 ut
1668 3512 1976 3589 perpetuo
2036 3502 2221 3567 nobis
2282 3502 2544 3567 haerere

477 3596 755 3683 possint3
791 3618 942 3661 nam
975 3596 1318 3683 imagines,
1357 3596 1544 3662 sicuti
1577 3595 1851 3675 litterae,
1890 3597 2206 3673 delentur,
2240 3596 2352 3660 ubi
2385 3594 2545 3658 nihil

479 3690 742 3769 utimur3
804 3690 955 3767 1001,
1011 3701 1334 3775 tamquam
1387 3712 1561 3768 cera,
1615 3713 1941 3757 remanere
1996 3678 2256 3766 debent3
2312 3699 2402 3765 et,
2459 3710 2542 3752 ne

480 3785 698 3850 forte
679 3808 747 3849 m
788 3807 1052 3851 numero
1096 3786 1381 3851 locorum
1416 3786 1552 3851 fani
1595 3786 1946 3872 possimus,
2001 3784 2291 3868 quintum
2326 3803 2543 3865 quem-

481 3900 604 3963 que
637 3879 849 3965 placet
880 3878 1114 3958 notari,
1162 3880 1334 3964 quod
1368 3902 1573 3965 genus
1586 3928 1605 3957 ,
1654 3880 1710 3945 si
1742 3880 1811 3943 in
1845 3878 2065 3963 quinto
2108 3878 2248 3942 loco
2282 3896 2543 3940 manum

481 3992 740 4037 auream
773 3974 1206 4052 conlocemus,
1241 3974 1309 4039 in
1345 3974 1593 4039 decimo
1630 3973 1906 4057 aliquem
1938 3982 2186 4049 notum,
2224 3970 2326 4035 cui
2358 3992 2541 4056 prae-

475 4084 714 4131 nomen
765 4066 850 4131 sit
899 4067 1170 4135 Decimo
1181 4094 1200 4148 3
1265 4068 1495 4134 deinde
1547 4067 1735 4133 facile
1789 4066 1906 4132 erit
1958 4064 2257 4150 deinceps
2320 4062 2541 4131 similis
