2784 4575
913 242 1232 301 ORATOR
1264 241 1505 300 58—67.
2110 232 2247 300 291

187 383 402 438 tamen
443 370 671 437 horum
723 368 923 434 oratio
967 362 1173 454 neque
1215 389 1448 433 nervos
1499 387 1707 452 neque
1744 366 1997 433 aculeos
2030 366 2245 436 orato-

179 467 311 532 rios
355 487 432 530 ac
473 463 745 530 forensis
797 463 1008 528 habet.
1093 463 1439 548 loquuntur
1490 482 1637 527 cum
1688 461 1919 540 doctis,
1973 484 2239 547 quorum
2282 495 2339 535 ω

181 560 408 626 sedare
445 557 689 626 animos
723 555 969 622 malunt
1003 578 1193 642 quam
1245 556 1509 622 incitare
1516 581 1535 635 3
1594 551 1718 642 [sic
1752 556 1833 621 de
1865 555 2058 621 rebus
2100 557 2238 644 pla-

177 653 342 720 catis
379 674 456 719 ac
487 651 746 717 minime
781 649 1192 740 turbulentis]
1227 650 1498 717 docendi
1532 671 1755 728 causa,
1789 672 1920 739 non
1954 649 2246 737 capiendi

185 744 586 834 [loquuntur]
601 795 620 824 ,
672 756 745 811 ut
778 745 846 810 in
879 767 956 812 eo
999 745 1172 832 ipso,
1227 745 1400 831 quod
1443 743 1925 810 delectationem
1968 745 2249 828 aliquam

179 841 454 907 dicendo
508 848 932 926 aucupentur,
984 839 1130 927 plus
1182 861 1314 904 non
1363 837 1555 904 nullis
1599 832 1818 922 quams
1843 860 2108 906 necesse
2162 839 2247 904 sit

180 934 393 1000 faeere
445 933 806 999 videantur:
861 954 1014 1019 ergo
1059 933 1142 998 ab
1192 933 1316 998 hoc
1364 955 1601 1020 genere
1650 955 1781 998 non
1832 933 2088 998 difficile
2144 945 2247 1000 est

182 1028 352 1092 hane
385 1027 829 1112 eloquentiam,
867 1026 947 1091 de
983 1048 1111 1111 qua
1143 1047 1315 1091 nunc
1347 1028 1577 1114 agitur,
1614 1025 1963 1093 secernere.
2032 1027 2243 1093 mollis
2286 1051 2343 1092 ει

179 1133 287 1188 est
321 1121 491 1187 enim
525 1120 728 1186 oratio
770 1120 1296 1208 philosophorum
1331 1133 1397 1187 et
1430 1121 1783 1187 umbratilis
1826 1142 1947 1188 nec
1991 1132 2247 1187 senten-

165 1214 290 1279 -tiis
325 1237 446 1280 nec
482 1214 692 1280 verbis
737 1214 1046 1280 instructa
1086 1214 1499 1302 popularibus
1535 1236 1655 1281 nec
1688 1215 1902 1281 vineta
1941 1215 2245 1294 numeris,

184 1308 303 1372 sed
356 1308 563 1374 soluta
611 1306 903 1386 liberius3
966 1308 1125 1374 nihil
1173 1309 1405 1374 iratum
1456 1308 1677 1388 habet,
1730 1309 1887 1374 nihil
1938 1309 2248 1388 invidum,

183 1402 344 1467 nihil
379 1413 588 1481 atrox,
631 1402 790 1468 nihil
823 1402 1216 1481 miserabile,
1268 1403 1428 1468 nihil
1464 1413 1742 1468 astutum
1750 1428 1771 1482 3
1815 1415 2019 1482 casta,
2064 1425 2247 1470 vere-

180 1495 420 1574 cunda,
457 1496 640 1582 virgo
673 1497 1039 1582 incorrupta
1072 1498 1346 1582 quodam
1381 1498 1573 1563 modo
1582 1523 1601 1576 3
1637 1498 1849 1582 itaque
1886 1520 2094 1563 sermo
2128 1519 2247 1585 po-

183 1588 312 1654 tius
348 1611 538 1674 quam
573 1589 773 1656 oratio
810 1589 1064 1657 dicitur:
1120 1611 1504 1674 quamquam
1548 1591 1717 1656 enim
1751 1591 1957 1657 omnis
2010 1592 2245 1656 locutio

183 1681 386 1748 oratio
415 1695 532 1761 est,
551 1694 766 1749 tamen
790 1683 980 1748 unius
1006 1686 1273 1752 oratoris
1302 1685 1537 1750 locutio
1565 1685 1689 1751 hoc
1712 1685 1967 1773 proprio
1996 1684 2249 1771 signata

185 1776 440 1842 nomine
475 1788 595 1843 est.
683 1777 1139 1866 sophistarum,
1195 1779 1276 1844 de
1318 1779 1549 1863 quibus
1596 1801 1790 1866 supra
1824 1778 1984 1857 dixi,
2034 1778 2241 1866 magis
2286 1799 2343 1840 65

183 1870 636 1956 distinguenda
687 1871 1032 1937 similitudo
1086 1872 1362 1950 videtur,
1419 1871 1527 1957 qui
1571 1894 1791 1938 omnes
1838 1873 2099 1938 eosdem
2132 1895 2249 1938 vo-

187 1961 324 2030 lunt
357 1965 576 2042 flores,
613 1985 772 2048 quos
811 1964 1071 2053 adhibet
1105 1977 1318 2033 orator
1349 1966 1418 2030 in
1456 1966 1696 2044 causis,
1748 1965 2045 2052 persequi
2054 1991 2075 2044 3
2130 1965 2247 2031 sed

185 2055 308 2122 hoc
343 2056 671 2135 differunt,
727 2058 925 2140 quod,
979 2079 1126 2123 cum
1161 2059 1244 2124 sit
1277 2059 1370 2125 eis
1407 2059 1803 2146 propositum
1837 2082 1967 2126 non
1998 2069 2249 2146 pertur-

188 2151 339 2216 bare
397 2152 673 2230 animos,
743 2150 859 2216 sed
917 2152 1171 2239 placare
1229 2153 1445 2240 potius
1499 2175 1619 2218 nec
1672 2164 1804 2216 tam
1860 2152 2245 2239 persuadere

184 2268 380 2329 quam
413 2247 756 2325 delectare,
811 2258 876 2313 et
891 2259 896 2266 '
911 2247 1188 2334 apertius
1232 2249 1302 2313 id
1335 2247 1579 2314 faciunt
1623 2269 1812 2333 quam
1846 2269 1965 2313 nos
2011 2257 2077 2313 et
2110 2267 2249 2313 cre-

186 2338 362 2404 brius
373 2386 392 2417 ,
447 2339 788 2405 concinnas
841 2342 1048 2425 magis
1095 2343 1443 2407 sententias
1488 2342 1839 2425 exquirunt·
1872 2362 2065 2425 quam
2096 2362 2249 2427 pro-

185 2431 444 2509 babilis,
499 2456 542 2497 a
587 2454 658 2497 re
712 2455 903 2518 saepe
954 2434 1316 2511 discedunt,
1369 2435 1664 2499 intexunt
1713 2434 1996 2511 fabulas,
2050 2433 2251 2498 verba

182 2524 466 2613 apertius
529 2524 918 2590 transferunt
978 2548 1178 2610 eaque
1241 2526 1332 2590 ita
1392 2526 1767 2613 disponunt,
1836 2538 1911 2591 ut
1968 2526 2243 2613 pictores

187 2620 559 2685 varietatem
593 2619 903 2696 colorum,
939 2620 1119 2706 paria
1151 2620 1411 2706 paribus
1446 2620 1749 2697 referunt,
1788 2621 2059 2685 adversa
2092 2640 2246 2685 con-

185 2712 425 2792 trariis,
479 2712 982 2799 saepissimeque
1021 2713 1307 2778 similiter
1358 2725 1643 2778 extrema
1686 2712 2012 2777 definiunt.
2098 2712 2247 2777 huic
2280 2708 2351 2821 2⁶2

183 2808 408 2895 generi
444 2806 709 2873 historia
741 2805 1008 2871 finitima
1042 2818 1168 2884 est,
1221 2807 1290 2871 in
1324 2829 1453 2892 qua
1487 2816 1552 2872 et
1595 2816 1885 2871 narratur
1928 2817 2146 2871 ornate
2182 2816 2249 2871 et

186 2900 366 2987 regio
413 2922 604 2988 saepe
651 2910 760 2965 aut
800 2921 1022 2987 pugna
1073 2900 1475 2979 describitur3
1528 2900 2014 2985 interponuntur
2056 2900 2249 2965 etiam

184 2996 516 3061 contiones
562 3004 628 3060 et
677 2995 1096 3074 hortationes,
1153 2994 1269 3060 sed
1308 2995 1376 3059 in
1419 2995 1519 3060 his
1576 3004 1777 3058 tracta
1828 2994 2142 3078 quaedam
2184 3004 2252 3058 et

186 3090 394 3155 fluens
429 3088 773 3176 expetitur,
829 3112 960 3155 non
993 3088 1152 3153 haec
1205 3098 1495 3154 contorta
1530 3098 1595 3153 et
1629 3085 1790 3151 acris
1838 3088 2057 3153 oratio.
2093 3085 2131 3120 ⁴*
2166 3086 2251 3151 ab

189 3183 290 3249 his
343 3206 473 3249 non
535 3185 734 3249 multo
799 3204 984 3249 secus
1046 3205 1240 3268 quam
1292 3206 1331 3249 a
1381 3182 1591 3270 poetis
1649 3181 1811 3246 haec
1871 3180 2249 3266 eloquentia,

186 3298 384 3358 quam
418 3275 798 3359 quaerimus,
837 3277 1198 3343 sevocanda
1222 3287 1350 3356 est3
1394 3299 1546 3341 nam
1580 3275 1773 3341 etiam
1794 3280 2027 3361 poetae
2058 3296 2255 3358 quae-

187 3369 466 3433 stionem
501 3368 871 3447 attulerunt,
924 3370 1228 3454 quidnam
1273 3380 1448 3436 esset
1477 3369 1665 3447 illud,
1719 3391 1845 3453 quo
1877 3368 2002 3454 ipsi
2036 3368 2257 3433 differ-

189 3471 336 3527 rent
386 3461 470 3524 ab
521 3460 904 3539 oratoribus3
966 3484 1230 3527 numero
1290 3462 1569 3528 maxime
1629 3461 2007 3527 videbantur
2064 3471 2257 3527 antea

184 3564 258 3619 et
292 3576 511 3631 versu3
565 3574 736 3617 nunc
787 3553 960 3640 apud
1009 3566 1290 3621 oratores
1342 3556 1471 3620 iam
1523 3556 1663 3641 ipse
1711 3578 2012 3622 numerus
2046 3554 2255 3620 incre-

189 3647 357 3715 buit:
437 3646 738 3733 quicquid
787 3659 889 3714 est
939 3648 1137 3727 enim,
1192 3650 1365 3733 quod
1416 3650 1538 3715 sub
1589 3648 1836 3713 aurium
1883 3671 2251 3714 mensuram
2292 3675 2348 3717 ce

187 3743 471 3829 aliquam
505 3742 717 3820 eadat,
772 3741 1022 3807 etiamsi
1055 3744 1239 3809 abest
1273 3767 1313 3809 a
1345 3765 1658 3809 versu—
1689 3766 1839 3807 nam
1871 3743 1940 3808 id
1993 3743 2251 3828 quidem

187 3836 496 3902 orationis
550 3847 652 3901 est
701 3835 925 3901 vitium
975 3872 1068 3887 ·-
1115 3860 1419 3903 numerus
1484 3848 1774 3915 vocatur,
1836 3836 1946 3922 qui
2001 3835 2249 3903 Graece

191 3926 458 4016 ῥυθμὸς
492 3930 742 3998 dicitur.
812 3930 1026 4015 itaque
1061 3932 1247 3997 video
1282 3932 1492 3998 visum
1526 3954 1671 3998 esse
1695 3954 1827 3997 non
1850 3930 2062 4009 nullis,
2096 3930 2253 3995 Pla·-

188 4023 362 4089 tonis
396 4034 465 4090 et
496 4023 854 4092 Democriti
885 4025 1298 4106 locutionem,
1333 4025 1459 4093 etsi
1492 4026 1659 4093 absit
1692 4049 1733 4093 a
1764 4048 1975 4105 versu,
2012 4035 2257 4103 tamen,

1805 4132 1867 4181 19
1881 4128 1907 4157 '
