<?xml version="1.0" encoding="UTF-8"?>
<!DOCTYPE html PUBLIC "-//W3C//DTD XHTML 1.0 Transitional//EN"
    "http://www.w3.org/TR/xhtml1/DTD/xhtml1-transitional.dtd">
<html xmlns="http://www.w3.org/1999/xhtml" xml:lang="en" lang="en">
 <head>
  <title>
</title>
<meta http-equiv="Content-Type" content="text/html;charset=utf-8" />
  <meta name='ocr-system' content='tesseract 3.04.00' />
  <meta name='ocr-capabilities' content='ocr_page ocr_carea ocr_par ocr_line ocrx_word'/>
</head>
<body>
  <div class='ocr_page' id='page_1' title='image "./mtulliiciceroni11unkngoog_0193.png"; bbox 0 0 2784 4575; ppageno 0'>
   <div class='ocr_carea' id='block_1_1' title="bbox 729 237 2241 312">
    <p class='ocr_par' dir='ltr' id='par_1_1' title="bbox 729 237 2241 312">
     <span class='ocr_line' id='line_1_1' title="bbox 729 237 2241 312; baseline -0.001 -9"><span class='ocrx_word' id='word_1_1' title='bbox 729 249 836 304; x_wconf 89' lang='lat' dir='ltr'><strong>DE</strong></span> <span class='ocrx_word' id='word_1_2' title='bbox 871 247 1354 312; x_wconf 76' lang='lat' dir='ltr'><strong>INVENTIONE</strong></span> <span class='ocrx_word' id='word_1_3' title='bbox 1390 250 1439 305; x_wconf 91' lang='lat'><strong>1.</strong></span> <span class='ocrx_word' id='word_1_4' title='bbox 1474 250 1710 306; x_wconf 77' lang='lat'><strong>78-82.</strong></span> <span class='ocrx_word' id='word_1_5' title='bbox 2118 237 2241 302; x_wconf 87' lang='grc'><strong>141</strong></span> 
     </span>
    </p>
   </div>
   <div class='ocr_carea' id='block_1_2' title="bbox 191 367 2357 2629">
    <p class='ocr_par' dir='ltr' id='par_1_2' title="bbox 191 367 2252 2629">
     <span class='ocr_line' id='line_1_2' title="bbox 203 367 2243 457; baseline 0 -19"><span class='ocrx_word' id='word_1_6' title='bbox 203 383 268 438; x_wconf 88' lang='lat' dir='ltr'><strong>ut</strong></span> <span class='ocrx_word' id='word_1_7' title='bbox 309 373 364 438; x_wconf 88' lang='lat' dir='ltr'><strong>si</strong></span> <span class='ocrx_word' id='word_1_8' title='bbox 407 372 661 457; x_wconf 82' lang='lat' dir='ltr'><strong>aliquis,</strong></span> <span class='ocrx_word' id='word_1_9' title='bbox 716 393 904 457; x_wconf 86' lang='lat' dir='ltr'><strong>quem</strong></span> <span class='ocrx_word' id='word_1_10' title='bbox 946 382 1195 439; x_wconf 84' lang='lat' dir='ltr'><strong>constet</strong></span> <span class='ocrx_word' id='word_1_11' title='bbox 1237 395 1380 438; x_wconf 86' lang='lat' dir='ltr'><strong>esse</strong></span> <span class='ocrx_word' id='word_1_12' title='bbox 1426 387 1726 450; x_wconf 78' lang='lat' dir='ltr'><strong>avarum,</strong></span> <span class='ocrx_word' id='word_1_13' title='bbox 1768 373 1937 438; x_wconf 89' lang='lat' dir='ltr'><strong>dicat</strong></span> <span class='ocrx_word' id='word_1_14' title='bbox 1981 367 2243 438; x_wconf 82' lang='lat' dir='ltr'><strong>alicuius</strong></span> 
     </span>
     <span class='ocr_line' id='line_1_3' title="bbox 204 465 2242 553; baseline -0 -19"><span class='ocrx_word' id='word_1_15' title='bbox 204 468 526 534; x_wconf 83' lang='lat' dir='ltr'><strong>mediocris</strong></span> <span class='ocrx_word' id='word_1_16' title='bbox 563 467 758 534; x_wconf 87' lang='lat' dir='ltr'><strong>officii</strong></span> <span class='ocrx_word' id='word_1_17' title='bbox 792 487 988 532; x_wconf 86' lang='lat' dir='ltr'><strong>causa</strong></span> <span class='ocrx_word' id='word_1_18' title='bbox 1023 489 1092 532; x_wconf 87' lang='lat' dir='ltr'><strong>se</strong></span> <span class='ocrx_word' id='word_1_19' title='bbox 1127 465 1471 532; x_wconf 80' lang='lat' dir='ltr'><strong>maximam</strong></span> <span class='ocrx_word' id='word_1_20' title='bbox 1495 465 1833 553; x_wconf 86' lang='lat' dir='ltr'><strong>pecuniam</strong></span> <span class='ocrx_word' id='word_1_21' title='bbox 1854 466 2242 553; x_wconf 81' lang='lat' dir='ltr'><strong>neglexisse3</strong></span> 
     </span>
     <span class='ocr_line' id='line_1_4' title="bbox 206 559 2245 645; baseline -0.001 -19"><span class='ocrx_word' id='word_1_22' title='bbox 206 572 306 627; x_wconf 85' lang='lat' dir='ltr'><strong>aut</strong></span> <span class='ocrx_word' id='word_1_23' title='bbox 339 561 420 639; x_wconf 84' lang='lat' dir='ltr'><strong>si,</strong></span> <span class='ocrx_word' id='word_1_24' title='bbox 467 561 637 645; x_wconf 89' lang='lat' dir='ltr'><strong>quod</strong></span> <span class='ocrx_word' id='word_1_25' title='bbox 670 561 738 626; x_wconf 89' lang='lat' dir='ltr'><strong>in</strong></span> <span class='ocrx_word' id='word_1_26' title='bbox 780 561 1162 645; x_wconf 80' lang='lat' dir='ltr'><strong>quibusdam</strong></span> <span class='ocrx_word' id='word_1_27' title='bbox 1202 562 1398 626; x_wconf 85' lang='lat' dir='ltr'><strong>rebus</strong></span> <span class='ocrx_word' id='word_1_28' title='bbox 1442 571 1553 626; x_wconf 86' lang='lat' dir='ltr'><strong>aut</strong></span> <span class='ocrx_word' id='word_1_29' title='bbox 1594 559 1953 626; x_wconf 88' lang='lat' dir='ltr'><strong>hominibus</strong></span> <span class='ocrx_word' id='word_1_30' title='bbox 2000 559 2245 638; x_wconf 87' lang='lat' dir='ltr'><strong>accidit,</strong></span> 
     </span>
     <span class='ocr_line' id='line_1_5' title="bbox 202 654 2245 742; baseline -0.001 -22"><span class='ocrx_word' id='word_1_31' title='bbox 202 657 266 720; x_wconf 91' lang='lat' dir='ltr'><strong>id</strong></span> <span class='ocrx_word' id='word_1_32' title='bbox 297 656 584 722; x_wconf 88' lang='lat' dir='ltr'><strong>omnibus</strong></span> <span class='ocrx_word' id='word_1_33' title='bbox 622 654 850 721; x_wconf 88' lang='lat' dir='ltr'><strong>dicitur</strong></span> <span class='ocrx_word' id='word_1_34' title='bbox 883 677 1006 720; x_wconf 86' lang='lat' dir='ltr'><strong>usu</strong></span> <span class='ocrx_word' id='word_1_35' title='bbox 1039 654 1284 734; x_wconf 82' lang='lat' dir='ltr'><strong>venire,</strong></span> <span class='ocrx_word' id='word_1_36' title='bbox 1339 654 1462 722; x_wconf 84' lang='lat' dir='ltr'><strong>hoc</strong></span> <span class='ocrx_word' id='word_1_37' title='bbox 1492 665 1709 742; x_wconf 82' lang='lat' dir='ltr'><strong>pacto:</strong></span> <span class='ocrx_word' id='word_1_38' title='bbox 1764 655 1903 738; x_wconf 86' lang='lat' dir='ltr'><strong>‘qui</strong></span> <span class='ocrx_word' id='word_1_39' title='bbox 1935 674 2245 740; x_wconf 70' lang='lat' dir='ltr'><strong>pauperes</strong></span> 
     </span>
     <span class='ocr_line' id='line_1_6' title="bbox 205 745 2249 836; baseline -0.001 -20"><span class='ocrx_word' id='word_1_40' title='bbox 205 762 368 830; x_wconf 82' lang='lat' dir='ltr'><strong>sunt,</strong></span> <span class='ocrx_word' id='word_1_41' title='bbox 424 751 516 830; x_wconf 82' lang='lat' dir='ltr'><strong>eis</strong></span> <span class='ocrx_word' id='word_1_42' title='bbox 563 749 879 834; x_wconf 77' lang='lat' dir='ltr'>antiquior</span> <span class='ocrx_word' id='word_1_43' title='bbox 921 749 1131 814; x_wconf 88' lang='lat' dir='ltr'><strong>officio</strong></span> <span class='ocrx_word' id='word_1_44' title='bbox 1174 749 1447 836; x_wconf 88' lang='lat' dir='ltr'><strong>pecunia</strong></span> <span class='ocrx_word' id='word_1_45' title='bbox 1489 749 1626 816; x_wconf 67' lang='lat' dir='ltr'><strong>est?</strong></span> <span class='ocrx_word' id='word_1_46' title='bbox 1717 749 1857 833; x_wconf 81' lang='lat' dir='ltr'><strong>‘qui</strong></span> <span class='ocrx_word' id='word_1_47' title='bbox 1906 745 2085 815; x_wconf 76' lang='lat' dir='ltr'><strong>locus</strong></span> <span class='ocrx_word' id='word_1_48' title='bbox 2139 749 2249 814; x_wconf 90' lang='lat' dir='ltr'><strong>de·</strong></span> 
     </span>
     <span class='ocr_line' id='line_1_7' title="bbox 203 843 2247 930; baseline -0 -19"><span class='ocrx_word' id='word_1_49' title='bbox 203 855 400 912; x_wconf 86' lang='lat' dir='ltr'><strong>sertus</strong></span> <span class='ocrx_word' id='word_1_50' title='bbox 443 857 572 923; x_wconf 86' lang='lat' dir='ltr'><strong>est,</strong></span> <span class='ocrx_word' id='word_1_51' title='bbox 623 844 691 910; x_wconf 87' lang='lat' dir='ltr'><strong>in</strong></span> <span class='ocrx_word' id='word_1_52' title='bbox 735 867 812 909; x_wconf 91' lang='lat' dir='ltr'><strong>eo</strong></span> <span class='ocrx_word' id='word_1_53' title='bbox 867 845 1128 909; x_wconf 83' lang='lat' dir='ltr'><strong>caedem</strong></span> <span class='ocrx_word' id='word_1_54' title='bbox 1177 845 1415 910; x_wconf 83' lang='lat' dir='ltr'><strong>factam</strong></span> <span class='ocrx_word' id='word_1_55' title='bbox 1466 867 1608 910; x_wconf 85' lang='lat' dir='ltr'><strong>esse</strong></span> <span class='ocrx_word' id='word_1_56' title='bbox 1661 853 1937 930; x_wconf 84' lang='lat' dir='ltr'><strong>oportet3</strong></span> <span class='ocrx_word' id='word_1_57' title='bbox 1990 843 2058 908; x_wconf 89' lang='lat' dir='ltr'><strong>in</strong></span> <span class='ocrx_word' id='word_1_58' title='bbox 2106 843 2247 910; x_wconf 84' lang='lat' dir='ltr'><strong>loco</strong></span> 
     </span>
     <span class='ocr_line' id='line_1_8' title="bbox 201 937 2246 1024; baseline -0.001 -20"><span class='ocrx_word' id='word_1_59' title='bbox 201 938 425 1005; x_wconf 81' lang='lat' dir='ltr'>celebri</span> <span class='ocrx_word' id='word_1_60' title='bbox 460 939 651 1004; x_wconf 91' lang='lat' dir='ltr'><strong>homo</strong></span> <span class='ocrx_word' id='word_1_61' title='bbox 687 937 890 1004; x_wconf 87' lang='lat' dir='ltr'><strong>occidi</strong></span> <span class='ocrx_word' id='word_1_62' title='bbox 925 939 1033 1023; x_wconf 88' lang='lat' dir='ltr'><strong>qui</strong></span> <span class='ocrx_word' id='word_1_63' title='bbox 1066 937 1335 1024; x_wconf 56' lang='lat' dir='ltr'><strong>potuit?</strong></span> <span class='ocrx_word' id='word_1_64' title='bbox 1389 949 1502 1004; x_wconf 84' lang='lat' dir='ltr'><strong>aut</strong></span> <span class='ocrx_word' id='word_1_65' title='bbox 1536 939 1591 1004; x_wconf 82' lang='lat' dir='ltr'><strong>si</strong></span> <span class='ocrx_word' id='word_1_66' title='bbox 1624 939 1719 1016; x_wconf 91' lang='lat' dir='ltr'><strong>id,</strong></span> <span class='ocrx_word' id='word_1_67' title='bbox 1775 938 1947 1022; x_wconf 88' lang='lat' dir='ltr'><strong>quod</strong></span> <span class='ocrx_word' id='word_1_68' title='bbox 1978 959 2121 1002; x_wconf 86' lang='lat' dir='ltr'><strong>raro</strong></span> <span class='ocrx_word' id='word_1_69' title='bbox 2154 937 2246 1015; x_wconf 82' lang='lat' dir='ltr'><strong>fit,</strong></span> 
     </span>
     <span class='ocr_line' id='line_1_9' title="bbox 200 1031 2251 1120; baseline -0 -24"><span class='ocrx_word' id='word_1_70' title='bbox 200 1033 331 1096; x_wconf 88' lang='lat' dir='ltr'><strong>fieri</strong></span> <span class='ocrx_word' id='word_1_71' title='bbox 365 1033 620 1098; x_wconf 89' lang='lat' dir='ltr'><strong>omnino</strong></span> <span class='ocrx_word' id='word_1_72' title='bbox 655 1044 954 1120; x_wconf 82' lang='lat' dir='ltr'><strong>negatur,</strong></span> <span class='ocrx_word' id='word_1_73' title='bbox 1004 1043 1078 1098; x_wconf 88' lang='lat' dir='ltr'><strong>ut</strong></span> <span class='ocrx_word' id='word_1_74' title='bbox 1113 1031 1308 1098; x_wconf 85' lang='lat' dir='ltr'><strong>Curio</strong></span> <span class='ocrx_word' id='word_1_75' title='bbox 1352 1053 1471 1120; x_wconf 89' lang='lat' dir='ltr'><strong>pro</strong></span> <span class='ocrx_word' id='word_1_76' title='bbox 1502 1032 1734 1098; x_wconf 87' lang='lat' dir='ltr'><strong>Fulvio</strong></span> <span class='ocrx_word' id='word_1_77' title='bbox 1780 1037 1996 1097; x_wconf 87' lang='lat' dir='ltr'><strong>‘nemo</strong></span> <span class='ocrx_word' id='word_1_78' title='bbox 2038 1040 2251 1119; x_wconf 77' lang='lat' dir='ltr'><strong>potest</strong></span> 
     </span>
     <span class='ocr_line' id='line_1_10' title="bbox 200 1125 2247 1213; baseline 0 -23"><span class='ocrx_word' id='word_1_79' title='bbox 200 1147 320 1192; x_wconf 89' lang='lat' dir='ltr'><strong>uno</strong></span> <span class='ocrx_word' id='word_1_80' title='bbox 347 1137 609 1212; x_wconf 78' lang='lat' dir='ltr'><strong>aspectu</strong></span> <span class='ocrx_word' id='word_1_81' title='bbox 633 1148 842 1210; x_wconf 87' lang='lat' dir='ltr'><strong>neque</strong></span> <span class='ocrx_word' id='word_1_82' title='bbox 865 1127 1252 1213; x_wconf 83' lang='lat' dir='ltr'><strong>praeteriens</strong></span> <span class='ocrx_word' id='word_1_83' title='bbox 1278 1127 1350 1192; x_wconf 87' lang='lat' dir='ltr'><strong>in</strong></span> <span class='ocrx_word' id='word_1_84' title='bbox 1375 1143 1657 1192; x_wconf 86' lang='lat' dir='ltr'><strong>amorem</strong></span> <span class='ocrx_word' id='word_1_85' title='bbox 1677 1125 2004 1197; x_wconf 66' lang='lat' dir='ltr'><strong>incidere?</strong></span> <span class='ocrx_word' id='word_1_86' title='bbox 2078 1125 2247 1212; x_wconf 89' lang='lat' dir='ltr'><strong>quod</strong></span> 
     </span>
     <span class='ocr_line' id='line_1_11' title="bbox 203 1215 2249 1308; baseline 0 -23"><span class='ocrx_word' id='word_1_87' title='bbox 203 1233 408 1286; x_wconf 88' lang='lat' dir='ltr'><strong>autem</strong></span> <span class='ocrx_word' id='word_1_88' title='bbox 439 1245 557 1308; x_wconf 91' lang='lat' dir='ltr'><strong>pro</strong></span> <span class='ocrx_word' id='word_1_89' title='bbox 595 1222 778 1308; x_wconf 83' lang='lat' dir='ltr'><strong>signo</strong></span> <span class='ocrx_word' id='word_1_90' title='bbox 815 1234 1126 1300; x_wconf 68' lang='lat' dir='ltr'><strong>sumeuu,</strong></span> <span class='ocrx_word' id='word_1_91' title='bbox 1160 1223 1230 1288; x_wconf 89' lang='lat' dir='ltr'><strong>id</strong></span> <span class='ocrx_word' id='word_1_92' title='bbox 1263 1245 1345 1288; x_wconf 82' lang='lat' dir='ltr'><strong>ex</strong></span> <span class='ocrx_word' id='word_1_93' title='bbox 1377 1223 1586 1288; x_wconf 84' lang='lat' dir='ltr'><strong>isdem</strong></span> <span class='ocrx_word' id='word_1_94' title='bbox 1620 1223 1796 1301; x_wconf 89' lang='lat' dir='ltr'><strong>locis,</strong></span> <span class='ocrx_word' id='word_1_95' title='bbox 1833 1215 2061 1307; x_wconf 70' lang='lat' dir='ltr'><strong>&#39;quibus</strong></span> <span class='ocrx_word' id='word_1_96' title='bbox 2098 1243 2249 1288; x_wconf 89' lang='lat' dir='ltr'><strong>con-</strong></span> 
     </span>
     <span class='ocr_line' id='line_1_12' title="bbox 199 1315 2251 1403; baseline 0.002 -25"><span class='ocrx_word' id='word_1_97' title='bbox 199 1315 504 1394; x_wconf 86' lang='lat' dir='ltr'><strong>firmatur,</strong></span> <span class='ocrx_word' id='word_1_98' title='bbox 547 1317 992 1394; x_wconf 86' lang='lat' dir='ltr'><strong>infirmabitur3</strong></span> <span class='ocrx_word' id='word_1_99' title='bbox 1035 1340 1186 1382; x_wconf 85' lang='lat' dir='ltr'><strong>nam</strong></span> <span class='ocrx_word' id='word_1_100' title='bbox 1217 1317 1287 1382; x_wconf 85' lang='lat' dir='ltr'><strong>in</strong></span> <span class='ocrx_word' id='word_1_101' title='bbox 1320 1317 1507 1403; x_wconf 83' lang='lat' dir='ltr'><strong>signo</strong></span> <span class='ocrx_word' id='word_1_102' title='bbox 1540 1316 1815 1402; x_wconf 85' lang='lat' dir='ltr'><strong>primum</strong></span> <span class='ocrx_word' id='word_1_103' title='bbox 1848 1339 2070 1382; x_wconf 88' lang='lat' dir='ltr'><strong>verum</strong></span> <span class='ocrx_word' id='word_1_104' title='bbox 2104 1339 2251 1383; x_wconf 83' lang='lat' dir='ltr'><strong>esse</strong></span> 
     </span>
     <span class='ocr_line' id='line_1_13' title="bbox 203 1409 2247 1499; baseline 0.001 -25"><span class='ocrx_word' id='word_1_105' title='bbox 203 1409 447 1474; x_wconf 84' lang='lat' dir='ltr'><strong>ostendi</strong></span> <span class='ocrx_word' id='word_1_106' title='bbox 499 1420 747 1495; x_wconf 87' lang='lat' dir='ltr'><strong>oportet</strong></span> <span class='ocrx_word' id='word_1_107' title='bbox 753 1434 774 1488; x_wconf 83' lang='lat'>3</span> <span class='ocrx_word' id='word_1_108' title='bbox 829 1410 1055 1476; x_wconf 88' lang='lat' dir='ltr'><strong>deinde</strong></span> <span class='ocrx_word' id='word_1_109' title='bbox 1101 1433 1244 1476; x_wconf 87' lang='lat' dir='ltr'><strong>esse</strong></span> <span class='ocrx_word' id='word_1_110' title='bbox 1289 1411 1424 1476; x_wconf 88' lang='lat' dir='ltr'><strong>eius</strong></span> <span class='ocrx_word' id='word_1_111' title='bbox 1469 1411 1565 1476; x_wconf 88' lang='lat' dir='ltr'><strong>rei</strong></span> <span class='ocrx_word' id='word_1_112' title='bbox 1608 1411 1860 1497; x_wconf 81' lang='lat' dir='ltr'><strong>signum</strong></span> <span class='ocrx_word' id='word_1_113' title='bbox 1902 1411 2247 1499; x_wconf 83' lang='lat' dir='ltr'><strong>proprium,</strong></span> 
     </span>
     <span class='ocr_line' id='line_1_14' title="bbox 201 1503 2245 1589; baseline 0.002 -23"><span class='ocrx_word' id='word_1_114' title='bbox 201 1525 323 1586; x_wconf 89' lang='lat' dir='ltr'><strong>qua</strong></span> <span class='ocrx_word' id='word_1_115' title='bbox 365 1503 446 1566; x_wconf 88' lang='lat' dir='ltr'><strong>de</strong></span> <span class='ocrx_word' id='word_1_116' title='bbox 491 1503 726 1589; x_wconf 80' lang='lat' dir='ltr'><strong>agitur,</strong></span> <span class='ocrx_word' id='word_1_117' title='bbox 777 1512 853 1568; x_wconf 82' lang='lat' dir='ltr'><strong>ut</strong></span> <span class='ocrx_word' id='word_1_118' title='bbox 892 1525 1179 1569; x_wconf 88' lang='lat' dir='ltr'><strong>cruorem</strong></span> <span class='ocrx_word' id='word_1_119' title='bbox 1221 1505 1433 1576; x_wconf 81' lang='lat' dir='ltr'><strong>caedis</strong></span> <span class='ocrx_word' id='word_1_120' title='bbox 1444 1529 1465 1583; x_wconf 91' lang='lat'>;</span> <span class='ocrx_word' id='word_1_121' title='bbox 1519 1505 1747 1576; x_wconf 83' lang='lat' dir='ltr'><strong>deinde</strong></span> <span class='ocrx_word' id='word_1_122' title='bbox 1800 1505 2039 1570; x_wconf 84' lang='lat' dir='ltr'><strong>factum</strong></span> <span class='ocrx_word' id='word_1_123' title='bbox 2082 1527 2245 1582; x_wconf 79' lang='lat' dir='ltr'><strong>esse,</strong></span> 
     </span>
     <span class='ocr_line' id='line_1_15' title="bbox 201 1597 2247 1684; baseline 0 -23"><span class='ocrx_word' id='word_1_124' title='bbox 201 1597 368 1682; x_wconf 89' lang='lat' dir='ltr'><strong>quod</strong></span> <span class='ocrx_word' id='word_1_125' title='bbox 410 1619 540 1662; x_wconf 91' lang='lat' dir='ltr'><strong>non</strong></span> <span class='ocrx_word' id='word_1_126' title='bbox 584 1597 957 1683; x_wconf 79' lang='lat' dir='ltr'><strong>oportuerit,</strong></span> <span class='ocrx_word' id='word_1_127' title='bbox 1011 1609 1122 1662; x_wconf 85' lang='lat' dir='ltr'><strong>aut</strong></span> <span class='ocrx_word' id='word_1_128' title='bbox 1163 1621 1293 1664; x_wconf 90' lang='lat' dir='ltr'><strong>non</strong></span> <span class='ocrx_word' id='word_1_129' title='bbox 1334 1599 1604 1677; x_wconf 81' lang='lat' dir='ltr'><strong>factum,</strong></span> <span class='ocrx_word' id='word_1_130' title='bbox 1660 1601 1833 1682; x_wconf 85' lang='lat' dir='ltr'><strong>quod</strong></span> <span class='ocrx_word' id='word_1_131' title='bbox 1872 1599 2221 1684; x_wconf 86' lang='lat' dir='ltr'><strong>oportuerit</strong></span> <span class='ocrx_word' id='word_1_132' title='bbox 2228 1623 2247 1676; x_wconf 92' lang='lat'>;</span> 
     </span>
     <span class='ocr_line' id='line_1_16' title="bbox 196 1693 2252 1780; baseline 0 -22"><span class='ocrx_word' id='word_1_133' title='bbox 196 1702 514 1778; x_wconf 84' lang='lat' dir='ltr'><strong>postremo</strong></span> <span class='ocrx_word' id='word_1_134' title='bbox 545 1693 758 1776; x_wconf 50' lang='lat' dir='ltr'><strong>sscisse</strong></span> <span class='ocrx_word' id='word_1_135' title='bbox 801 1715 976 1771; x_wconf 85' lang='lat' dir='ltr'><strong>eum,</strong></span> <span class='ocrx_word' id='word_1_136' title='bbox 1031 1694 1112 1758; x_wconf 92' lang='lat' dir='ltr'><strong>de</strong></span> <span class='ocrx_word' id='word_1_137' title='bbox 1155 1715 1280 1778; x_wconf 89' lang='lat' dir='ltr'><strong>quo</strong></span> <span class='ocrx_word' id='word_1_138' title='bbox 1326 1695 1673 1778; x_wconf 80' lang='lat' dir='ltr'><strong>quaeritur,</strong></span> <span class='ocrx_word' id='word_1_139' title='bbox 1730 1694 1865 1759; x_wconf 83' lang='lat' dir='ltr'><strong>eius</strong></span> <span class='ocrx_word' id='word_1_140' title='bbox 1908 1694 2001 1758; x_wconf 91' lang='lat' dir='ltr'><strong>rei</strong></span> <span class='ocrx_word' id='word_1_141' title='bbox 2041 1693 2252 1780; x_wconf 84' lang='lat' dir='ltr'><strong>legem</strong></span> 
     </span>
     <span class='ocr_line' id='line_1_17' title="bbox 198 1785 2248 1876; baseline 0 -23"><span class='ocrx_word' id='word_1_142' title='bbox 198 1798 260 1853; x_wconf 87' lang='lat' dir='ltr'><strong>et</strong></span> <span class='ocrx_word' id='word_1_143' title='bbox 303 1785 842 1862; x_wconf 83' lang='lat' dir='ltr'><strong>consuetudinem.</strong></span> <span class='ocrx_word' id='word_1_144' title='bbox 931 1812 1080 1854; x_wconf 86' lang='lat' dir='ltr'><strong>nam</strong></span> <span class='ocrx_word' id='word_1_145' title='bbox 1123 1810 1235 1856; x_wconf 84' lang='lat' dir='ltr'><strong>eae</strong></span> <span class='ocrx_word' id='word_1_146' title='bbox 1286 1812 1390 1855; x_wconf 87' lang='lat' dir='ltr'><strong>res</strong></span> <span class='ocrx_word' id='word_1_147' title='bbox 1446 1801 1595 1857; x_wconf 86' lang='lat' dir='ltr'><strong>sunt</strong></span> <span class='ocrx_word' id='word_1_148' title='bbox 1646 1789 1831 1876; x_wconf 87' lang='lat' dir='ltr'><strong>signo</strong></span> <span class='ocrx_word' id='word_1_149' title='bbox 1886 1789 2248 1868; x_wconf 57' lang='lat' dir='ltr'><strong>attributam</strong></span> 
     </span>
     <span class='ocr_line' id='line_1_18' title="bbox 198 1882 2251 1971; baseline 0 -24"><span class='ocrx_word' id='word_1_150' title='bbox 198 1905 352 1966; x_wconf 87' lang='lat' dir='ltr'><strong>quas</strong></span> <span class='ocrx_word' id='word_1_151' title='bbox 390 1882 754 1970; x_wconf 79' lang='lat' dir='ltr'><strong>diligentius</strong></span> <span class='ocrx_word' id='word_1_152' title='bbox 791 1883 1177 1969; x_wconf 84' lang='lat' dir='ltr'><strong>aperiemus,</strong></span> <span class='ocrx_word' id='word_1_153' title='bbox 1233 1901 1378 1948; x_wconf 88' lang='lat' dir='ltr'><strong>cum</strong></span> <span class='ocrx_word' id='word_1_154' title='bbox 1404 1884 1767 1970; x_wconf 75' lang='lat' dir='ltr'><strong>‘separatim</strong></span> <span class='ocrx_word' id='word_1_155' title='bbox 1800 1885 1881 1951; x_wconf 85' lang='lat' dir='ltr'><strong>de</strong></span> <span class='ocrx_word' id='word_1_156' title='bbox 1924 1884 2069 1971; x_wconf 83' lang='lat' dir='ltr'><strong>ipsa</strong></span> <span class='ocrx_word' id='word_1_157' title='bbox 2100 1905 2251 1950; x_wconf 84' lang='lat' dir='ltr'><strong>con-</strong></span> 
     </span>
     <span class='ocr_line' id='line_1_19' title="bbox 193 1976 2251 2066; baseline 0.003 -26"><span class='ocrx_word' id='word_1_158' title='bbox 193 1976 478 2044; x_wconf 87' lang='lat' dir='ltr'><strong>iecturali</strong></span> <span class='ocrx_word' id='word_1_159' title='bbox 513 1977 959 2044; x_wconf 84' lang='lat' dir='ltr'><strong>constitutione</strong></span> <span class='ocrx_word' id='word_1_160' title='bbox 995 1979 1296 2045; x_wconf 86' lang='lat' dir='ltr'><strong>dicemus.</strong></span> <span class='ocrx_word' id='word_1_161' title='bbox 1387 2001 1541 2066; x_wconf 88' lang='lat' dir='ltr'><strong>ergo</strong></span> <span class='ocrx_word' id='word_1_162' title='bbox 1577 1979 1803 2044; x_wconf 89' lang='lat' dir='ltr'><strong>horum</strong></span> <span class='ocrx_word' id='word_1_163' title='bbox 1836 2001 2035 2044; x_wconf 85' lang='lat' dir='ltr'><strong>unum</strong></span> <span class='ocrx_word' id='word_1_164' title='bbox 2069 1978 2251 2062; x_wconf 84' lang='lat' dir='ltr'><strong>quid-</strong></span> 
     </span>
     <span class='ocr_line' id='line_1_20' title="bbox 197 2071 2251 2161; baseline 0.002 -26"><span class='ocrx_word' id='word_1_165' title='bbox 197 2093 316 2155; x_wconf 90' lang='lat' dir='ltr'><strong>que</strong></span> <span class='ocrx_word' id='word_1_166' title='bbox 341 2071 408 2136; x_wconf 89' lang='lat' dir='ltr'><strong>in</strong></span> <span class='ocrx_word' id='word_1_167' title='bbox 433 2073 924 2159; x_wconf 81' lang='lat' dir='ltr'><strong>reprehensione</strong></span> <span class='ocrx_word' id='word_1_168' title='bbox 953 2085 1064 2138; x_wconf 90' lang='lat' dir='ltr'><strong>aut</strong></span> <span class='ocrx_word' id='word_1_169' title='bbox 1087 2097 1218 2141; x_wconf 89' lang='lat' dir='ltr'><strong>non</strong></span> <span class='ocrx_word' id='word_1_170' title='bbox 1243 2097 1387 2140; x_wconf 87' lang='lat' dir='ltr'><strong>esse</strong></span> <span class='ocrx_word' id='word_1_171' title='bbox 1418 2073 1603 2161; x_wconf 84' lang='lat' dir='ltr'><strong>signo</strong></span> <span class='ocrx_word' id='word_1_172' title='bbox 1630 2085 1739 2140; x_wconf 84' lang='lat' dir='ltr'><strong>aut</strong></span> <span class='ocrx_word' id='word_1_173' title='bbox 1764 2097 1991 2160; x_wconf 86' lang='lat' dir='ltr'><strong>parum</strong></span> <span class='ocrx_word' id='word_1_174' title='bbox 2014 2095 2251 2161; x_wconf 83' lang='lat' dir='ltr'><strong>magno</strong></span> 
     </span>
     <span class='ocr_line' id='line_1_21' title="bbox 197 2167 2252 2254; baseline 0 -24"><span class='ocrx_word' id='word_1_175' title='bbox 197 2188 338 2230; x_wconf 87' lang='lat' dir='ltr'><strong>esse</strong></span> <span class='ocrx_word' id='word_1_176' title='bbox 401 2178 509 2231; x_wconf 89' lang='lat' dir='ltr'><strong>aut</strong></span> <span class='ocrx_word' id='word_1_177' title='bbox 562 2191 601 2233; x_wconf 92' lang='lat' dir='ltr'><strong>a</strong></span> <span class='ocrx_word' id='word_1_178' title='bbox 655 2190 724 2232; x_wconf 87' lang='lat' dir='ltr'><strong>se</strong></span> <span class='ocrx_word' id='word_1_179' title='bbox 783 2167 995 2254; x_wconf 76' lang='lat' dir='ltr'><strong>potius</strong></span> <span class='ocrx_word' id='word_1_180' title='bbox 1066 2191 1257 2253; x_wconf 87' lang='lat' dir='ltr'><strong>quam</strong></span> <span class='ocrx_word' id='word_1_181' title='bbox 1319 2169 1402 2234; x_wconf 86' lang='lat' dir='ltr'><strong>ab</strong></span> <span class='ocrx_word' id='word_1_182' title='bbox 1466 2169 1846 2234; x_wconf 81' lang='lat' dir='ltr'><strong>adversariis</strong></span> <span class='ocrx_word' id='word_1_183' title='bbox 1910 2179 2081 2234; x_wconf 84' lang='lat' dir='ltr'><strong>stare</strong></span> <span class='ocrx_word' id='word_1_184' title='bbox 2140 2178 2252 2232; x_wconf 88' lang='lat' dir='ltr'><strong>aut</strong></span> 
     </span>
     <span class='ocr_line' id='line_1_22' title="bbox 195 2257 2250 2351; baseline 0.001 -26"><span class='ocrx_word' id='word_1_185' title='bbox 195 2257 449 2325; x_wconf 88' lang='lat' dir='ltr'><strong>omnino</strong></span> <span class='ocrx_word' id='word_1_186' title='bbox 483 2260 647 2327; x_wconf 85' lang='lat' dir='ltr'><strong>falso</strong></span> <span class='ocrx_word' id='word_1_187' title='bbox 695 2262 819 2327; x_wconf 89' lang='lat' dir='ltr'><strong>dici</strong></span> <span class='ocrx_word' id='word_1_188' title='bbox 853 2274 961 2329; x_wconf 86' lang='lat' dir='ltr'><strong>aut</strong></span> <span class='ocrx_word' id='word_1_189' title='bbox 1003 2262 1072 2328; x_wconf 90' lang='lat' dir='ltr'><strong>in</strong></span> <span class='ocrx_word' id='word_1_190' title='bbox 1107 2263 1296 2329; x_wconf 77' lang='lat' dir='ltr'><strong>aliam</strong></span> <span class='ocrx_word' id='word_1_191' title='bbox 1339 2284 1592 2348; x_wconf 87' lang='lat' dir='ltr'><strong>quoque</strong></span> <span class='ocrx_word' id='word_1_192' title='bbox 1647 2262 2061 2351; x_wconf 75' lang='lat' dir='ltr'><strong>suspitionem</strong></span> <span class='ocrx_word' id='word_1_193' title='bbox 2106 2262 2250 2327; x_wconf 91' lang='lat' dir='ltr'><strong>duci</strong></span> 
     </span>
     <span class='ocr_line' id='line_1_23' title="bbox 191 2334 2357 2443; baseline 0.001 -25"><span class='ocrx_word' id='word_1_194' title='bbox 191 2375 385 2441; x_wconf 85' lang='lat' dir='ltr'><strong>posse</strong></span> <span class='ocrx_word' id='word_1_195' title='bbox 430 2334 980 2421; x_wconf 78' lang='lat' dir='ltr'><strong>demonstrabitur.</strong></span> <span class='ocrx_word' id='word_1_196' title='bbox 1070 2380 1215 2423; x_wconf 89' lang='lat' dir='ltr'><strong>cum</strong></span> <span class='ocrx_word' id='word_1_197' title='bbox 1261 2368 1475 2424; x_wconf 85' lang='lat' dir='ltr'><strong>autem</strong></span> <span class='ocrx_word' id='word_1_198' title='bbox 1516 2374 1633 2443; x_wconf 84' lang='lat' dir='ltr'><strong>pro</strong></span> <span class='ocrx_word' id='word_1_199' title='bbox 1688 2358 2094 2442; x_wconf 79' lang='lat' dir='ltr'><strong>comparabili</strong></span> <span class='ocrx_word' id='word_1_200' title='bbox 2140 2352 2357 2421; x_wconf 77' lang='lat' dir='ltr'><strong>ali-44</strong></span> 
     </span>
     <span class='ocr_line' id='line_1_24' title="bbox 195 2447 2252 2536; baseline 0.001 -24"><span class='ocrx_word' id='word_1_201' title='bbox 195 2447 348 2532; x_wconf 88' lang='lat' dir='ltr'><strong>quid</strong></span> <span class='ocrx_word' id='word_1_202' title='bbox 397 2447 758 2526; x_wconf 82' lang='lat' dir='ltr'><strong>inducetur,</strong></span> <span class='ocrx_word' id='word_1_203' title='bbox 821 2450 1120 2533; x_wconf 76' lang='lat' dir='ltr'><strong>quoniam</strong></span> <span class='ocrx_word' id='word_1_204' title='bbox 1168 2451 1238 2515; x_wconf 91' lang='lat' dir='ltr'><strong>id</strong></span> <span class='ocrx_word' id='word_1_205' title='bbox 1286 2472 1403 2536; x_wconf 88' lang='lat' dir='ltr'><strong>per</strong></span> <span class='ocrx_word' id='word_1_206' title='bbox 1454 2449 1929 2515; x_wconf 85' lang='lat' dir='ltr'><strong>similitudinem</strong></span> <span class='ocrx_word' id='word_1_207' title='bbox 1978 2450 2252 2515; x_wconf 78' lang='lat' dir='ltr'><strong>maxime</strong></span> 
     </span>
     <span class='ocr_line' id='line_1_25' title="bbox 193 2543 2252 2629; baseline 0.002 -24"><span class='ocrx_word' id='word_1_208' title='bbox 193 2552 524 2622; x_wconf 84' lang='lat' dir='ltr'><strong>tractatur,</strong></span> <span class='ocrx_word' id='word_1_209' title='bbox 577 2543 644 2606; x_wconf 89' lang='lat' dir='ltr'><strong>in</strong></span> <span class='ocrx_word' id='word_1_210' title='bbox 685 2544 1206 2627; x_wconf 86' lang='lat' dir='ltr'><strong>reprehendendo</strong></span> <span class='ocrx_word' id='word_1_211' title='bbox 1259 2543 1595 2609; x_wconf 81' lang='lat' dir='ltr'><strong>conveniet</strong></span> <span class='ocrx_word' id='word_1_212' title='bbox 1647 2543 1849 2609; x_wconf 84' lang='lat' dir='ltr'><strong>simile</strong></span> <span class='ocrx_word' id='word_1_213' title='bbox 1900 2544 1968 2609; x_wconf 90' lang='lat' dir='ltr'><strong>id</strong></span> <span class='ocrx_word' id='word_1_214' title='bbox 2018 2565 2252 2629; x_wconf 84' lang='lat' dir='ltr'><strong>negare</strong></span> 
     </span>
    </p>
   </div>
   <div class='ocr_carea' id='block_1_3' title="bbox 2292 2425 2345 2465">
    <p class='ocr_par' dir='ltr' id='par_1_3' title="bbox 2292 2425 2345 2465">
     <span class='ocr_line' id='line_1_26' title="bbox 2292 2425 2345 2465; baseline 0 0"><span class='ocrx_word' id='word_1_215' title='bbox 2292 2425 2345 2465; x_wconf 78' lang='lat'><strong>82</strong></span> 
     </span>
    </p>
   </div>
   <div class='ocr_carea' id='block_1_4' title="bbox 195 2635 2315 2719">
    <p class='ocr_par' dir='ltr' id='par_1_4' title="bbox 195 2635 2315 2719">
     <span class='ocr_line' id='line_1_27' title="bbox 195 2635 2315 2719; baseline 0 -20"><span class='ocrx_word' id='word_1_216' title='bbox 195 2656 370 2711; x_wconf 83' lang='lat' dir='ltr'><strong>esse,</strong></span> <span class='ocrx_word' id='word_1_217' title='bbox 425 2635 596 2718; x_wconf 89' lang='lat' dir='ltr'><strong>quod</strong></span> <span class='ocrx_word' id='word_1_218' title='bbox 649 2636 1037 2713; x_wconf 87' lang='lat' dir='ltr'><strong>conferetur,</strong></span> <span class='ocrx_word' id='word_1_219' title='bbox 1089 2638 1175 2714; x_wconf 90' lang='lat' dir='ltr'><strong>ei,</strong></span> <span class='ocrx_word' id='word_1_220' title='bbox 1230 2636 1487 2719; x_wconf 86' lang='lat' dir='ltr'><strong>quicum</strong></span> <span class='ocrx_word' id='word_1_221' title='bbox 1535 2636 1913 2701; x_wconf 83' lang='lat' dir='ltr'><strong>conferetur.</strong></span> <span class='ocrx_word' id='word_1_222' title='bbox 2000 2636 2067 2698; x_wconf 90' lang='lat' dir='ltr'><strong>id</strong></span> <span class='ocrx_word' id='word_1_223' title='bbox 2118 2636 2255 2700; x_wconf 86' lang='lat' dir='ltr'><strong>fieri</strong></span> <span class='ocrx_word' id='word_1_224' title='bbox 2310 2707 2315 2709; x_wconf 79' lang='lat'><strong>.</strong></span> 
     </span>
    </p>
   </div>
   <div class='ocr_carea' id='block_1_5' title="bbox 182 2726 2255 4155">
    <p class='ocr_par' dir='ltr' id='par_1_5' title="bbox 182 2726 2255 4137">
     <span class='ocr_line' id='line_1_28' title="bbox 189 2726 2253 2815; baseline 0 -22"><span class='ocrx_word' id='word_1_225' title='bbox 189 2727 454 2815; x_wconf 84' lang='lat' dir='ltr'><strong>poterit,</strong></span> <span class='ocrx_word' id='word_1_226' title='bbox 503 2726 557 2791; x_wconf 89' lang='lat' dir='ltr'><strong>si</strong></span> <span class='ocrx_word' id='word_1_227' title='bbox 593 2727 1126 2793; x_wconf 76' lang='lat' dir='ltr'><strong>demonstrabitur</strong></span> <span class='ocrx_word' id='word_1_228' title='bbox 1159 2729 1483 2803; x_wconf 83' lang='lat' dir='ltr'><strong>diversum</strong></span> <span class='ocrx_word' id='word_1_229' title='bbox 1517 2744 1660 2795; x_wconf 82' lang='lat' dir='ltr'><strong>esse</strong></span> <span class='ocrx_word' id='word_1_230' title='bbox 1694 2747 1965 2814; x_wconf 83' lang='lat' dir='ltr'><strong>genere,</strong></span> <span class='ocrx_word' id='word_1_231' title='bbox 2008 2738 2253 2807; x_wconf 87' lang='lat' dir='ltr'><strong>natura,</strong></span> 
     </span>
     <span class='ocr_line' id='line_1_29' title="bbox 191 2821 2253 2909; baseline 0.001 -22"><span class='ocrx_word' id='word_1_232' title='bbox 191 2822 288 2899; x_wconf 84' lang='lat' dir='ltr'><strong>vi,</strong></span> <span class='ocrx_word' id='word_1_233' title='bbox 325 2821 786 2909; x_wconf 85' lang='lat' dir='ltr'><strong>magnitudine,</strong></span> <span class='ocrx_word' id='word_1_234' title='bbox 825 2831 1134 2909; x_wconf 87' lang='lat' dir='ltr'><strong>tempore,</strong></span> <span class='ocrx_word' id='word_1_235' title='bbox 1171 2822 1342 2901; x_wconf 89' lang='lat' dir='ltr'><strong>loco,</strong></span> <span class='ocrx_word' id='word_1_236' title='bbox 1378 2845 1675 2909; x_wconf 83' lang='lat' dir='ltr'><strong>persona,</strong></span> <span class='ocrx_word' id='word_1_237' title='bbox 1710 2822 2003 2909; x_wconf 79' lang='lat' dir='ltr'><strong>opinione</strong></span> <span class='ocrx_word' id='word_1_238' title='bbox 2010 2848 2031 2902; x_wconf 91' lang='lat'>;</span> <span class='ocrx_word' id='word_1_239' title='bbox 2068 2824 2253 2907; x_wconf 80' lang='lat' dir='ltr'><strong>acsi,</strong></span> 
     </span>
     <span class='ocr_line' id='line_1_30' title="bbox 193 2916 2251 3006; baseline 0.001 -25"><span class='ocrx_word' id='word_1_240' title='bbox 193 2938 322 3000; x_wconf 89' lang='lat' dir='ltr'><strong>quo</strong></span> <span class='ocrx_word' id='word_1_241' title='bbox 357 2916 424 2981; x_wconf 92' lang='lat' dir='ltr'><strong>in</strong></span> <span class='ocrx_word' id='word_1_242' title='bbox 466 2938 730 2982; x_wconf 88' lang='lat' dir='ltr'><strong>numero</strong></span> <span class='ocrx_word' id='word_1_243' title='bbox 771 2916 959 2996; x_wconf 87' lang='lat' dir='ltr'><strong>illud,</strong></span> <span class='ocrx_word' id='word_1_244' title='bbox 1014 2918 1185 3002; x_wconf 88' lang='lat' dir='ltr'><strong>quod</strong></span> <span class='ocrx_word' id='word_1_245' title='bbox 1225 2940 1343 3006; x_wconf 88' lang='lat' dir='ltr'><strong>per</strong></span> <span class='ocrx_word' id='word_1_246' title='bbox 1388 2916 1863 2986; x_wconf 83' lang='lat' dir='ltr'><strong>similitudinem</strong></span> <span class='ocrx_word' id='word_1_247' title='bbox 1914 2918 2251 2997; x_wconf 70' lang='lat' dir='ltr'><strong>adfer-etur,</strong></span> 
     </span>
     <span class='ocr_line' id='line_1_31' title="bbox 190 3010 2254 3095; baseline 0.002 -20"><span class='ocrx_word' id='word_1_248' title='bbox 190 3020 257 3076; x_wconf 86' lang='lat' dir='ltr'><strong>et</strong></span> <span class='ocrx_word' id='word_1_249' title='bbox 303 3032 430 3095; x_wconf 87' lang='lat' dir='ltr'><strong>quo</strong></span> <span class='ocrx_word' id='word_1_250' title='bbox 472 3010 540 3077; x_wconf 87' lang='lat' dir='ltr'><strong>in</strong></span> <span class='ocrx_word' id='word_1_251' title='bbox 581 3011 724 3079; x_wconf 91' lang='lat' dir='ltr'><strong>loco</strong></span> <span class='ocrx_word' id='word_1_252' title='bbox 767 3010 920 3091; x_wconf 83' lang='lat' dir='ltr'><strong>hoc,</strong></span> <span class='ocrx_word' id='word_1_253' title='bbox 975 3012 1155 3078; x_wconf 88' lang='lat' dir='ltr'><strong>cuius</strong></span> <span class='ocrx_word' id='word_1_254' title='bbox 1201 3034 1397 3078; x_wconf 85' lang='lat' dir='ltr'><strong>causa</strong></span> <span class='ocrx_word' id='word_1_255' title='bbox 1441 3012 1785 3091; x_wconf 69' lang='lat' dir='ltr'><strong>adfer-etur,</strong></span> <span class='ocrx_word' id='word_1_256' title='bbox 1838 3010 2059 3079; x_wconf 79' lang='lat' dir='ltr'><strong>haberi</strong></span> <span class='ocrx_word' id='word_1_257' title='bbox 2104 3034 2254 3079; x_wconf 89' lang='lat' dir='ltr'><strong>con-</strong></span> 
     </span>
     <span class='ocr_line' id='line_1_32' title="bbox 187 3105 2252 3191; baseline 0 -20"><span class='ocrx_word' id='word_1_258' title='bbox 187 3105 436 3187; x_wconf 81' lang='lat' dir='ltr'><strong>veniat,</strong></span> <span class='ocrx_word' id='word_1_259' title='bbox 490 3107 874 3173; x_wconf 82' lang='lat' dir='ltr'><strong>ostendetur.</strong></span> <span class='ocrx_word' id='word_1_260' title='bbox 981 3106 1238 3185; x_wconf 84' lang='lat' dir='ltr'><strong>deinde,</strong></span> <span class='ocrx_word' id='word_1_261' title='bbox 1305 3106 1460 3191; x_wconf 85' lang='lat' dir='ltr'><strong>quid</strong></span> <span class='ocrx_word' id='word_1_262' title='bbox 1508 3130 1613 3173; x_wconf 85' lang='lat' dir='ltr'><strong>res</strong></span> <span class='ocrx_word' id='word_1_263' title='bbox 1666 3128 1811 3171; x_wconf 87' lang='lat' dir='ltr'><strong>cum</strong></span> <span class='ocrx_word' id='word_1_264' title='bbox 1860 3128 1931 3173; x_wconf 90' lang='lat' dir='ltr'><strong>re</strong></span> <span class='ocrx_word' id='word_1_265' title='bbox 1982 3106 2252 3185; x_wconf 82' lang='lat' dir='ltr'><strong>differat,</strong></span> 
     </span>
     <span class='ocr_line' id='line_1_33' title="bbox 189 3200 2255 3286; baseline 0 -21"><span class='ocrx_word' id='word_1_266' title='bbox 189 3200 801 3267; x_wconf 81' lang='lat' dir='ltr'><strong>demonstrabimus:</strong></span> <span class='ocrx_word' id='word_1_267' title='bbox 853 3224 935 3267; x_wconf 88' lang='lat' dir='ltr'><strong>ex</strong></span> <span class='ocrx_word' id='word_1_268' title='bbox 957 3228 960 3231; x_wconf 48' lang='lat'><strong>⁴</strong></span> <span class='ocrx_word' id='word_1_269' title='bbox 981 3220 1106 3286; x_wconf 86' lang='lat' dir='ltr'><strong>quo</strong></span> <span class='ocrx_word' id='word_1_270' title='bbox 1161 3201 1530 3272; x_wconf 84' lang='lat' dir='ltr'><strong>docebimus</strong></span> <span class='ocrx_word' id='word_1_271' title='bbox 1584 3200 1757 3266; x_wconf 86' lang='lat' dir='ltr'><strong>aliud</strong></span> <span class='ocrx_word' id='word_1_272' title='bbox 1800 3201 1882 3265; x_wconf 91' lang='lat' dir='ltr'><strong>de</strong></span> <span class='ocrx_word' id='word_1_273' title='bbox 1924 3223 2029 3279; x_wconf 90' lang='lat' dir='ltr'><strong>eo,</strong></span> <span class='ocrx_word' id='word_1_274' title='bbox 2082 3202 2255 3285; x_wconf 85' lang='lat' dir='ltr'><strong>quod</strong></span> 
     </span>
     <span class='ocr_line' id='line_1_34' title="bbox 188 3294 2253 3381; baseline 0 -23"><span class='ocrx_word' id='word_1_275' title='bbox 188 3294 689 3379; x_wconf 72' lang='lat' dir='ltr'><strong>comparabitur,</strong></span> <span class='ocrx_word' id='word_1_276' title='bbox 727 3306 792 3361; x_wconf 86' lang='lat' dir='ltr'><strong>et</strong></span> <span class='ocrx_word' id='word_1_277' title='bbox 826 3296 906 3360; x_wconf 90' lang='lat' dir='ltr'><strong>de</strong></span> <span class='ocrx_word' id='word_1_278' title='bbox 941 3318 1038 3375; x_wconf 95' lang='lat' dir='ltr'><strong>eo,</strong></span> <span class='ocrx_word' id='word_1_279' title='bbox 1076 3296 1331 3380; x_wconf 88' lang='lat' dir='ltr'><strong>quicum</strong></span> <span class='ocrx_word' id='word_1_280' title='bbox 1367 3294 1853 3381; x_wconf 78' lang='lat' dir='ltr'><strong>comparabitur,</strong></span> <span class='ocrx_word' id='word_1_281' title='bbox 1890 3294 2253 3361; x_wconf 83' lang='lat' dir='ltr'><strong>existimare</strong></span> 
     </span>
     <span class='ocr_line' id='line_1_35' title="bbox 187 3387 2255 3497; baseline 0.001 -46"><span class='ocrx_word' id='word_1_282' title='bbox 187 3398 507 3497; x_wconf 83' lang='lat' dir='ltr'><strong>oportere.</strong></span> <span class='ocrx_word' id='word_1_283' title='bbox 593 3387 782 3453; x_wconf 88' lang='lat' dir='ltr'><strong>huius</strong></span> <span class='ocrx_word' id='word_1_284' title='bbox 817 3390 1136 3455; x_wconf 81' lang='lat' dir='ltr'><strong>facultatis</strong></span> <span class='ocrx_word' id='word_1_285' title='bbox 1179 3390 1458 3454; x_wconf 81' lang='lat' dir='ltr'><strong>maxime</strong></span> <span class='ocrx_word' id='word_1_286' title='bbox 1492 3389 1950 3475; x_wconf 81' lang='lat' dir='ltr'><strong>indigebimus,</strong></span> <span class='ocrx_word' id='word_1_287' title='bbox 1996 3410 2142 3453; x_wconf 85' lang='lat' dir='ltr'><strong>cum</strong></span> <span class='ocrx_word' id='word_1_288' title='bbox 2176 3410 2255 3453; x_wconf 81' lang='lat' dir='ltr'><strong>ea</strong></span> 
     </span>
     <span class='ocr_line' id='line_1_36' title="bbox 187 3482 2255 3570; baseline 0 -25"><span class='ocrx_word' id='word_1_289' title='bbox 187 3482 340 3568; x_wconf 86' lang='lat' dir='ltr'><strong>ipsa</strong></span> <span class='ocrx_word' id='word_1_290' title='bbox 375 3483 865 3566; x_wconf 80' lang='lat' dir='ltr'><strong>argumentatio,</strong></span> <span class='ocrx_word' id='word_1_291' title='bbox 921 3506 1082 3567; x_wconf 83' lang='lat' dir='ltr'><strong>quae</strong></span> <span class='ocrx_word' id='word_1_292' title='bbox 1116 3506 1232 3570; x_wconf 88' lang='lat' dir='ltr'><strong>per</strong></span> <span class='ocrx_word' id='word_1_293' title='bbox 1273 3484 1705 3551; x_wconf 86' lang='lat' dir='ltr'><strong>inductionem</strong></span> <span class='ocrx_word' id='word_1_294' title='bbox 1748 3493 2081 3559; x_wconf 83' lang='lat' dir='ltr'><strong>tractatur,</strong></span> <span class='ocrx_word' id='word_1_295' title='bbox 2136 3482 2255 3546; x_wconf 86' lang='lat' dir='ltr'><strong>erit</strong></span> 
     </span>
     <span class='ocr_line' id='line_1_37' title="bbox 182 3575 2253 3665; baseline -0 -23"><span class='ocrx_word' id='word_1_296' title='bbox 182 3575 736 3664; x_wconf 87' lang='lat' dir='ltr'><strong>reprehendenda.</strong></span> <span class='ocrx_word' id='word_1_297' title='bbox 783 3578 839 3643; x_wconf 88' lang='lat' dir='ltr'><strong>si</strong></span> <span class='ocrx_word' id='word_1_298' title='bbox 861 3578 1211 3645; x_wconf 77' lang='lat' dir='ltr'><strong>iudicatum</strong></span> <span class='ocrx_word' id='word_1_299' title='bbox 1235 3579 1495 3665; x_wconf 78' lang='lat' dir='ltr'><strong>aliquod</strong></span> <span class='ocrx_word' id='word_1_300' title='bbox 1520 3580 1843 3659; x_wconf 76' lang='lat' dir='ltr'><strong>inferetur,</strong></span> <span class='ocrx_word' id='word_1_301' title='bbox 1862 3578 2161 3663; x_wconf 86' lang='lat' dir='ltr'><strong>quoniam</strong></span> <span class='ocrx_word' id='word_1_302' title='bbox 2187 3578 2253 3642; x_wconf 85' lang='lat' dir='ltr'><strong>id</strong></span> 
     </span>
     <span class='ocr_line' id='line_1_38' title="bbox 185 3671 2254 3759; baseline 0.002 -22"><span class='ocrx_word' id='word_1_303' title='bbox 185 3694 280 3737; x_wconf 86' lang='lat' dir='ltr'><strong>ex</strong></span> <span class='ocrx_word' id='word_1_304' title='bbox 312 3671 414 3739; x_wconf 82' lang='lat' dir='ltr'><strong>his</strong></span> <span class='ocrx_word' id='word_1_305' title='bbox 448 3671 606 3737; x_wconf 91' lang='lat' dir='ltr'><strong>locis</strong></span> <span class='ocrx_word' id='word_1_306' title='bbox 651 3673 924 3738; x_wconf 78' lang='lat' dir='ltr'><strong>maxime</strong></span> <span class='ocrx_word' id='word_1_307' title='bbox 967 3674 1278 3741; x_wconf 86' lang='lat' dir='ltr'><strong>firmatur:</strong></span> <span class='ocrx_word' id='word_1_308' title='bbox 1331 3676 1521 3741; x_wconf 76' lang='lat' dir='ltr'><strong>laude</strong></span> <span class='ocrx_word' id='word_1_309' title='bbox 1566 3696 1814 3755; x_wconf 86' lang='lat' dir='ltr'><strong>eorum,</strong></span> <span class='ocrx_word' id='word_1_310' title='bbox 1867 3674 1976 3759; x_wconf 82' lang='lat' dir='ltr'><strong>qui</strong></span> <span class='ocrx_word' id='word_1_311' title='bbox 2014 3673 2254 3742; x_wconf 78' lang='lat' dir='ltr'><strong>iudica-</strong></span> 
     </span>
     <span class='ocr_line' id='line_1_39' title="bbox 182 3766 2251 3857; baseline 0.001 -27"><span class='ocrx_word' id='word_1_312' title='bbox 182 3777 372 3845; x_wconf 86' lang='lat' dir='ltr'><strong>runt3</strong></span> <span class='ocrx_word' id='word_1_313' title='bbox 429 3766 838 3833; x_wconf 84' lang='lat' dir='ltr'><strong>similitudine</strong></span> <span class='ocrx_word' id='word_1_314' title='bbox 873 3768 1012 3835; x_wconf 81' lang='lat' dir='ltr'><strong>eius</strong></span> <span class='ocrx_word' id='word_1_315' title='bbox 1051 3769 1172 3847; x_wconf 86' lang='lat' dir='ltr'><strong>rei,</strong></span> <span class='ocrx_word' id='word_1_316' title='bbox 1228 3791 1356 3853; x_wconf 87' lang='lat' dir='ltr'><strong>qua</strong></span> <span class='ocrx_word' id='word_1_317' title='bbox 1389 3770 1472 3835; x_wconf 88' lang='lat' dir='ltr'><strong>de</strong></span> <span class='ocrx_word' id='word_1_318' title='bbox 1506 3770 1742 3857; x_wconf 85' lang='lat' dir='ltr'><strong>agitur,</strong></span> <span class='ocrx_word' id='word_1_319' title='bbox 1797 3770 1880 3837; x_wconf 85' lang='lat' dir='ltr'><strong>ad</strong></span> <span class='ocrx_word' id='word_1_320' title='bbox 1922 3790 2065 3835; x_wconf 85' lang='lat' dir='ltr'><strong>eam</strong></span> <span class='ocrx_word' id='word_1_321' title='bbox 2095 3789 2251 3846; x_wconf 86' lang='lat' dir='ltr'><strong>rem,</strong></span> 
     </span>
     <span class='ocr_line' id='line_1_40' title="bbox 188 3860 2254 3943; baseline 0.001 -20"><span class='ocrx_word' id='word_1_322' title='bbox 188 3880 329 3943; x_wconf 84' lang='lat' dir='ltr'><strong>qua</strong></span> <span class='ocrx_word' id='word_1_323' title='bbox 363 3860 442 3926; x_wconf 88' lang='lat' dir='ltr'><strong>de</strong></span> <span class='ocrx_word' id='word_1_324' title='bbox 477 3860 822 3928; x_wconf 83' lang='lat' dir='ltr'><strong>iudicatum</strong></span> <span class='ocrx_word' id='word_1_325' title='bbox 857 3873 982 3941; x_wconf 82' lang='lat' dir='ltr'><strong>est3</strong></span> <span class='ocrx_word' id='word_1_326' title='bbox 1037 3875 1102 3929; x_wconf 86' lang='lat' dir='ltr'><strong>et</strong></span> <span class='ocrx_word' id='word_1_327' title='bbox 1143 3864 1693 3931; x_wconf 79' lang='lat' dir='ltr'><strong>commemorando</strong></span> <span class='ocrx_word' id='word_1_328' title='bbox 1728 3887 1858 3930; x_wconf 90' lang='lat' dir='ltr'><strong>non</strong></span> <span class='ocrx_word' id='word_1_329' title='bbox 1900 3862 2089 3927; x_wconf 86' lang='lat' dir='ltr'><strong>modo</strong></span> <span class='ocrx_word' id='word_1_330' title='bbox 2122 3882 2254 3927; x_wconf 86' lang='lat' dir='ltr'><strong>non</strong></span> 
     </span>
     <span class='ocr_line' id='line_1_41' title="bbox 187 3955 2251 4045; baseline 0.002 -28"><span class='ocrx_word' id='word_1_331' title='bbox 187 3974 346 4017; x_wconf 82' lang='lat' dir='ltr'><strong>esse</strong></span> <span class='ocrx_word' id='word_1_332' title='bbox 377 3955 833 4040; x_wconf 82' lang='lat' dir='ltr'><strong>reprehensum</strong></span> <span class='ocrx_word' id='word_1_333' title='bbox 857 3956 1180 4036; x_wconf 84' lang='lat' dir='ltr'><strong>iudicium,</strong></span> <span class='ocrx_word' id='word_1_334' title='bbox 1219 3958 1333 4023; x_wconf 87' lang='lat' dir='ltr'><strong>sed</strong></span> <span class='ocrx_word' id='word_1_335' title='bbox 1367 3959 1450 4023; x_wconf 85' lang='lat' dir='ltr'><strong>ab</strong></span> <span class='ocrx_word' id='word_1_336' title='bbox 1486 3957 1778 4023; x_wconf 84' lang='lat' dir='ltr'><strong>omnibus</strong></span> <span class='ocrx_word' id='word_1_337' title='bbox 1806 3956 2251 4045; x_wconf 80' lang='lat' dir='ltr'><strong>approbatum3</strong></span> 
     </span>
     <span class='ocr_line' id='line_1_42' title="bbox 185 4044 2253 4155; baseline 0.004 -46"><span class='ocrx_word' id='word_1_338' title='bbox 185 4056 262 4109; x_wconf 89' lang='lat' dir='ltr'><strong>et</strong></span> <span class='ocrx_word' id='word_1_339' title='bbox 311 4044 800 4155; x_wconf 75' lang='lat' dir='ltr'><strong>demonstrando</strong></span> <span class='ocrx_word' id='word_1_340' title='bbox 845 4049 1164 4117; x_wconf 85' lang='lat' dir='ltr'><strong>difficilius</strong></span> <span class='ocrx_word' id='word_1_341' title='bbox 1202 4061 1266 4117; x_wconf 85' lang='lat' dir='ltr'><strong>et</strong></span> <span class='ocrx_word' id='word_1_342' title='bbox 1317 4050 1523 4117; x_wconf 81' lang='lat' dir='ltr'><strong>maius</strong></span> <span class='ocrx_word' id='word_1_343' title='bbox 1560 4050 1761 4117; x_wconf 87' lang='lat' dir='ltr'><strong>fuisse</strong></span> <span class='ocrx_word' id='word_1_344' title='bbox 1804 4050 1899 4131; x_wconf 81' lang='lat' dir='ltr'><strong>id,</strong></span> <span class='ocrx_word' id='word_1_345' title='bbox 1954 4051 2125 4137; x_wconf 86' lang='lat' dir='ltr'><strong>quod</strong></span> <span class='ocrx_word' id='word_1_346' title='bbox 2170 4050 2253 4117; x_wconf 88' lang='lat' dir='ltr'><strong>ad</strong></span> 
     </span>
    </p>
   </div>
   <div class='ocr_carea' id='block_1_6' title="bbox 1141 4374 1210 4427">
    <p class='ocr_par' dir='ltr' id='par_1_6' title="bbox 1141 4374 1210 4427">
     <span class='ocr_line' id='line_1_43' title="bbox 1141 4374 1210 4427; baseline 0 0"><span class='ocrx_word' id='word_1_347' title='bbox 1141 4374 1210 4427; x_wconf 58' lang='grc' dir='ltr'><strong>,θ’</strong></span> 
     </span>
    </p>
   </div>
   <div class='ocr_carea' id='block_1_7' title="bbox 2706 43 2784 676">
    <p class='ocr_par' dir='ltr' id='par_1_7' title="bbox 2706 43 2784 676">
     <span class='ocr_line' id='line_1_44' title="bbox 2706 43 2784 676; baseline 0 3899"><span class='ocrx_word' id='word_1_348' title='bbox 2706 43 2784 676; x_wconf 95' lang='lat' dir='ltr'><strong> </strong></span> 
     </span>
    </p>
   </div>
   <div class='ocr_carea' id='block_1_8' title="bbox 2716 1645 2784 2172">
    <p class='ocr_par' dir='ltr' id='par_1_8' title="bbox 2716 1645 2784 2172">
     <span class='ocr_line' id='line_1_45' title="bbox 2716 1651 2741 2172; textangle 90"><span class='ocrx_word' id='word_1_349' title='bbox 2736 2163 2741 2172; x_wconf 70' lang='grc'><em>,</em></span> <span class='ocrx_word' id='word_1_350' title='bbox 2736 2015 2739 2018; x_wconf 68' lang='grc'>,</span> <span class='ocrx_word' id='word_1_351' title='bbox 2720 1889 2739 1928; x_wconf 76' lang='grc'><em>.,-,</em></span> <span class='ocrx_word' id='word_1_352' title='bbox 2728 1827 2737 1870; x_wconf 89' lang='grc'><strong>..,</strong></span> <span class='ocrx_word' id='word_1_353' title='bbox 2730 1781 2735 1800; x_wconf 76' lang='lat'><strong>..</strong></span> <span class='ocrx_word' id='word_1_354' title='bbox 2716 1651 2735 1754; x_wconf 57' lang='lat'><strong>·.‘·..·‘:.</strong></span> 
     </span>
     <span class='ocr_line' id='line_1_46' title="bbox 2760 1645 2784 2150; textangle 90"><span class='ocrx_word' id='word_1_355' title='bbox 2774 2143 2784 2150; x_wconf 83' lang='grc' dir='ltr'>ι</span> <span class='ocrx_word' id='word_1_356' title='bbox 2776 2119 2784 2126; x_wconf 75' lang='grc' dir='ltr'>ι</span> <span class='ocrx_word' id='word_1_357' title='bbox 2780 2087 2784 2098; x_wconf 27' lang='grc' dir='ltr'><strong>,Α</strong></span> <span class='ocrx_word' id='word_1_358' title='bbox 2762 1835 2784 2072; x_wconf 60' lang='grc' dir='ltr'>.κ;ῦ·Δ.·-.ι-Ᾰ..ιι</span> <span class='ocrx_word' id='word_1_359' title='bbox 2762 1753 2769 1764; x_wconf 84' lang='grc'><strong>“’</strong></span> <span class='ocrx_word' id='word_1_360' title='bbox 2760 1731 2769 1736; x_wconf 70' lang='grc'>’</span> <span class='ocrx_word' id='word_1_361' title='bbox 2764 1703 2773 1710; x_wconf 86' lang='lat'><em>&#39;</em></span> <span class='ocrx_word' id='word_1_362' title='bbox 2766 1645 2771 1648; x_wconf 96' lang='grc'><em>“</em></span> 
     </span>
    </p>
   </div>
   <div class='ocr_carea' id='block_1_9' title="bbox 2766 2508 2784 3485">
    <p class='ocr_par' dir='ltr' id='par_1_9' title="bbox 2766 2508 2784 3485">
     <span class='ocr_line' id='line_1_47' title="bbox 2766 2508 2784 3485; textangle 90"><span class='ocrx_word' id='word_1_363' title='bbox 2766 3070 2784 3485; x_wconf 48' lang='lat' dir='ltr'><strong>mmm-un*</strong></span> <span class='ocrx_word' id='word_1_364' title='bbox 2774 3010 2783 3053; x_wconf 77' lang='lat'><strong>--·-</strong></span> <span class='ocrx_word' id='word_1_365' title='bbox 2778 2984 2783 2997; x_wconf 83' lang='lat'><strong>.-</strong></span> <span class='ocrx_word' id='word_1_366' title='bbox 2772 2766 2784 2897; x_wconf 52' lang='lat' dir='ltr'><strong>..mu-nra„</strong></span> <span class='ocrx_word' id='word_1_367' title='bbox 2772 2662 2783 2743; x_wconf 55' lang='lat' dir='ltr'><strong>&#39;‘rr-r·</strong></span> <span class='ocrx_word' id='word_1_368' title='bbox 2770 2600 2784 2639; x_wconf 68' lang='lat' dir='ltr'><strong>-ur</strong></span> <span class='ocrx_word' id='word_1_369' title='bbox 2782 2576 2784 2579; x_wconf 27' lang='grc' dir='ltr'><strong>Α</strong></span> <span class='ocrx_word' id='word_1_370' title='bbox 2780 2508 2784 2511; x_wconf 94' lang='grc'><em>.</em></span> 
     </span>
    </p>
   </div>
  </div>
 </body>
</html>
