2784 4575
898 241 1208 302 BRUTUS
1243 243 1343 298 241
1357 243 1553 300 -249.
1906 233 1911 238 ’
2132 236 2264 304 253

205 367 547 434 dumsatio
587 367 834 432 solutus
872 377 1060 451 atque
1097 365 1461 453 expeditus,
1499 366 1608 451 qui
1642 366 1698 432 si
1732 367 1865 432 vita
1900 370 2265 456 suppedita-

203 464 434 540 visset,
471 461 720 528 sublato
757 460 998 526 ambitu
1031 459 1254 526 consul
1289 460 1499 530 factus
1534 470 1725 537 esset,
1761 461 1907 546 plus
1944 461 2269 529 facultatis

205 555 428 622 habuit
461 554 545 620 ad
579 553 918 620 dicendum
953 574 1147 638 quam
1189 553 1563 631 voluntatis,
1614 553 1829 638 itaque
1874 553 2084 620 studio
2119 555 2267 622 huic

202 675 334 718 non
369 649 524 716 satis
560 647 738 726 fecit3
775 646 988 714 officio
1023 669 1174 717 vero
1208 668 1329 714 nec
1361 647 1429 712 in
1466 669 1726 712 suorum
1764 647 2269 715 necessariorum

209 742 418 812 causis
455 762 576 808 nec
608 741 676 806 in
711 740 1025 806 sententia
1069 740 1384 807 senatoria
1428 739 1649 807 defixit.
1736 741 1928 806 etiam
1960 743 2059 808 M.
2094 743 2269 809 Pon·
2302 773 2386 814 246

209 837 402 904 tidius
443 834 771 920 municeps
814 845 1031 902 noster
1079 834 1314 901 multas
1357 833 1641 922 privatas
1694 855 1923 900 causas
1966 835 2267 915 actitavit,

211 929 498 998 celeriter
533 950 687 994 sane
723 928 920 993 verba
961 927 1226 994 volvens
1263 948 1384 996 nec
1426 929 1625 994 hebes
1668 927 1737 992 in
1774 929 1983 994 causis
2026 931 2130 996 vel
2174 931 2273 996 di-

207 1048 350 1091 cam
382 1024 528 1110 plus
565 1021 755 1087 etiam
791 1043 981 1107 quam
1014 1044 1144 1086 non
1178 1021 1409 1101 hebes,
1464 1023 1581 1088 sed
1613 1023 2037 1090 effervescens
2073 1023 2141 1092 in
2172 1025 2273 1090 di·-

210 1117 414 1184 cendo
451 1113 778 1182 stomacho
816 1137 1008 1200 saepe
1050 1115 1499 1200 iracundiaque
1534 1115 1970 1182 vehementius
1980 1141 2001 1194 3
2037 1127 2109 1182 ut
2140 1141 2271 1184 non

209 1234 354 1276 cum
399 1207 762 1274 adversario
810 1207 1046 1286 solum,
1101 1209 1215 1274 sed
1260 1208 1480 1287 etiam,
1535 1209 1706 1292 quod
1748 1209 2033 1275 mirabile
2078 1221 2269 1290 esset,

210 1327 356 1370 cum
388 1303 596 1370 iudice
630 1301 793 1389 ipso,
830 1302 1010 1368 cuius
1048 1302 1356 1368 delenitor
1389 1325 1536 1368 esse
1572 1303 1764 1368 debet
1795 1313 2025 1381 orator,
2061 1305 2271 1392 iurgio

211 1423 404 1486 saepe
441 1397 868 1466 contenderet.
955 1398 1056 1464 M.
1091 1398 1405 1464 Messalla
1455 1399 1661 1464 minor
1704 1411 1857 1464 natu
1902 1421 2094 1484 quam
2128 1425 2267 1480 nos,

207 1493 385 1559 nullo
419 1493 610 1559 modo
646 1492 860 1578 inops,
915 1491 1032 1558 sed
1063 1515 1192 1558 non
1235 1492 1425 1558 nimis
1471 1503 1739 1562 ornatus.
1773 1516 2008 1580 genere
2043 1496 2273 1562 verbo-

207 1611 380 1665 rum3
413 1587 718 1672 prudens,
753 1595 997 1663 acutus,
1034 1584 1292 1657 minime
1327 1585 1621 1673 incautus
1656 1597 1982 1674 patronus,
2019 1588 2087 1652 in
2120 1608 2271 1654 cau-

211 1682 300 1748 sis
337 1679 798 1768 cognoscendis
854 1679 1435 1766 componendisque
1481 1679 1781 1766 diligens,
1833 1680 2052 1768 magni
2094 1682 2273 1748 labo-

205 1776 296 1842 ris
309 1823 328 1853 ,
379 1775 618 1840 multae
662 1796 894 1860 operae
936 1773 1403 1858 multarumque
1456 1795 1811 1838 causarum.
1899 1775 2026 1840 duo
2081 1775 2270 1841 etiam
2304 1802 2385 1843 241

206 1869 490 1947 Metelli,
545 1866 736 1935 Celer
771 1879 836 1934 et
869 1869 1117 1955 Nepos,
1169 1891 1300 1934 non
1333 1868 1492 1932 nihil
1525 1867 1595 1932 in
1629 1869 1837 1934 causis
1882 1870 2119 1937 versati
2152 1890 2273 1936 nec
2352 1936 2359 1946 λ

213 1963 348 2028 sine
383 1963 642 2050 ingenio
676 1983 798 2028 nec
829 1961 1097 2040 indocti,
1111 1969 1128 1983 '’
1152 1962 1275 2027 hoc
1309 1973 1491 2028 erant
1522 1961 1829 2048 populare
1872 1961 2123 2028 dicendi
2158 1985 2273 2050 ge-

207 2080 332 2122 nus
370 2054 684 2135 adsecuti3
739 2054 863 2123 Cn.
901 2067 1114 2122 autem
1147 2056 1467 2122 Lentulus
1503 2055 1921 2122 Marcellinus
1976 2078 2097 2122 nec
2129 2079 2289 2138 ατη-ι,

209 2173 401 2235 quam
455 2150 798 2217 indisertus
847 2161 912 2216 et
951 2151 1021 2219 in
1071 2151 1405 2218 consulatu
1447 2151 1865 2237 pereloquens
1920 2151 2097 2218 visus
2150 2162 2271 2228 est,

207 2268 340 2311 non
391 2245 608 2311 tardus
663 2244 1021 2323 sententiis,
1083 2267 1214 2311 non
1265 2245 1453 2332 inops
1504 2244 1745 2323 verbiS,
1809 2265 1966 2311 voce
2019 2265 2273 2323 canora,

210 2340 457 2403 facetus
495 2338 670 2403 satis.
761 2337 840 2405 O.
876 2338 1224 2404 Memmius
1259 2339 1345 2403 L.
1383 2340 1462 2405 F.
1499 2340 1820 2425 perfectus
1856 2339 2109 2416 litteris,
2157 2338 2278 2404 sed

147 2458 152 2466 ’
214 2432 514 2511 Graecis,
549 2432 920 2499 fastidiosus
959 2456 1112 2499 sane
1146 2434 1547 2510 Latinarum,
1584 2444 1849 2519 argutus
1886 2443 2099 2498 orator
2130 2453 2277 2496 ver-—

210 2526 437 2610 bisque
492 2524 696 2591 dulcis
709 2573 730 2604 ,
794 2525 908 2590 sed
960 2526 1216 2611 fugiens
1276 2548 1407 2590 non
1458 2525 1649 2590 modo
1709 2525 1989 2601 dicendi,
2052 2544 2275 2587 verum

209 2620 403 2685 etiam
456 2618 777 2705 cogitandi
830 2618 1139 2695 laborem,
1203 2628 1448 2683 tantum
1502 2617 1625 2682 sibi
1677 2618 1757 2683 ‹le
1810 2618 2109 2683 facultate
2163 2616 2277 2681 de-

210 2713 429 2791 traxit,
467 2723 774 2798 quantum
807 2710 1122 2775 imminuit
1155 2710 1541 2775 industriae?

330 2808 480 2874 Hoc
513 2807 656 2874 loco
689 2806 944 2871 Brutus
988 2810 1206 2889 ‘quam
1241 2804 1499 2869 vellem’
1552 2803 1757 2888 inquit
1800 2804 1909 2869 ‘de
1944 2802 2045 2869 his
2082 2802 2272 2868 etiam
2308 2806 2373 2859 71

213 2900 598 2979 oratoribus,
653 2900 762 2987 qui
794 2898 986 2967 hodie
1023 2908 1198 2977 sunt,
1253 2898 1366 2964 tibi
1404 2898 1611 2965 dicere
1646 2897 1897 2964 liberet!
1952 2909 2043 2976 et,
2100 2898 2155 2963 si
2191 2898 2271 2962 ‹le
2308 2877 2391 2917 ²⁴⁸

213 2994 353 3061 aliis
407 2995 648 3074 minus,
703 2996 784 3061 de
837 2993 1086 3061 duobus
1141 3003 1382 3070 tamen,
1438 3014 1597 3077 quos
1644 3016 1683 3057 a
1734 3002 1797 3057 te
1844 2991 1976 3057 scio
2028 2991 2273 3057 laudari

213 3090 436 3168 solere,
476 3087 756 3157 Caesare
786 3100 858 3157 ,et
889 3087 1222 3165 Marcello,
1260 3086 1544 3153 audirem
1577 3108 1707 3151 non
1740 3084 1948 3150 minus
1984 3084 2272 3161 libenter,

213 3206 406 3267 quam
439 3182 654 3249 audivi
687 3183 769 3249 de
805 3182 920 3261 eis,
957 3181 1065 3267 qui
1099 3180 1392 3247 fuerunt?
1484 3186 1625 3247 ‘cur
1659 3178 1977 3244 tandem?
2015 3178 2274 3263 inquam

214 3283 330 3339 ‘an
379 3286 714 3362 exspectas
767 3275 922 3360 quid
975 3297 1098 3361 ego
1149 3274 1425 3341 iudicem
1470 3274 1551 3341 de
1592 3274 1762 3351 istis,
1816 3271 1925 3358 qui
1968 3271 2084 3337 tibi
2127 3283 2276 3337 sunt

215 3388 415 3451 aeque
449 3368 584 3434 noti
607 3390 695 3433 vac
727 3368 947 3435 mihi?’
1005 3368 1189 3434 ‘mihi
1221 3368 1609 3437 mehercule’
1656 3366 1860 3451 inquit
1895 3364 2271 3431 ‘Marcellus

216 3462 374 3527 satis
408 3472 510 3527 est
542 3472 762 3539 notus;
817 3460 1063 3529 Caesar
1098 3472 1310 3530 autem
1344 3484 1571 3548 parum
1581 3488 1598 3539 3
1652 3460 1832 3527 illum
1867 3460 2037 3525 enim
2080 3481 2273 3545 saepe
2381 3453 2387 3463 “

216 3556 450 3635 audivi,
487 3556 610 3635 hic,
648 3578 794 3623 cum
829 3578 952 3643 ego
996 3556 1275 3623 iudicare
1301 3555 1433 3621 iam
1468 3556 1705 3641 aliquid
1738 3578 2015 3643 possem,
2070 3552 2269 3619 afuit.’
2306 3578 2393 3619 249

216 3651 398 3735 ‘quid
429 3650 624 3738 igitur
657 3650 738 3717 de
771 3650 882 3716 illo
915 3649 1159 3718 iudicas
1169 3650 1210 3728 ‚’
1263 3653 1547 3737 inquam,
1604 3656 1823 3734 ‘quem
1859 3671 2050 3735 saepe
2094 3647 2273 3713 audi·
2382 3720 2385 3725 ,

211 3746 426 3811 visti?
483 3744 665 3829 ‘quid
707 3765 932 3818 censes
942 3743 982 3822 ,’
1035 3744 1240 3829 inquit
1285 3744 1439 3812 ‘nisi
1471 3744 1567 3821 id,
1622 3744 1792 3827 quod
1833 3741 2165 3809 habiturus
2200 3762 2271 3805 es

217 3840 488 3907 similem
541 3839 700 3906 tui?'
753 3845 864 3905 ‘ne
919 3840 1091 3926 ego,'
1143 3839 1405 3924 inquam
1460 3837 1545 3904 ‘si
1594 3838 1685 3903 ita
1737 3848 1861 3916 est,
1913 3837 2106 3905 velim
2155 3834 2273 3900 tibi

215 3955 362 4007 eum
412 3933 664 4021 placere
717 3956 910 4020 quam
960 3933 1278 4001 maxime!
1373 3932 1577 4018 ‘atqui
1620 3943 1682 3997 et
1726 3932 1817 3997 ita
1866 3932 2013 4011 est,’
2066 3930 2273 4015 inquit

213 4033 314 4092 ‘et
369 4026 778 4094 vehementer
837 4027 1076 4114 placet3
1139 4049 1258 4095 nec
1309 4048 1463 4093 vero
1524 4025 1661 4093 sine
1722 4048 1943 4104 causa;
2003 4048 2153 4091 nam
2205 4036 2276 4091 et
