2784 4575
697 285 805 341 AD
845 285 905 342 C.
941 285 1407 343 HERENNIUM
1442 285 1819 339 111.17-21.
2195 273 2279 337 47

232 415 474 479 dictum
507 410 802 476 facillime
837 409 1175 475 memoriae
1210 408 1573 485 mandatur,
1618 406 1769 472 utile
1804 418 1929 486 est,
1980 405 2152 494 [cum
2185 409 2283 473 di-

233 531 378 572 cere
414 505 757 571 desinimus
769 503 818 590 ,]
873 512 1192 568 recentem
1245 503 1521 586 aliquam
1563 503 1969 585 relinquere
1950 527 2019 566 m
2054 503 2277 568 animis

236 601 592 666 auditorum
651 599 815 664 bene
874 598 1122 663 firmam
1191 598 1817 706 argumentationem.
1932 597 2091 663 haec
2152 599 2282 664 dis-

231 694 460 780 positio
513 694 825 769 locorum,
880 702 1202 775 tamquam
1251 691 1581 756 instructio
1633 691 1930 768 militum,
1984 691 2279 757 facillime

230 790 298 853 in
352 788 648 865 dicendo,
704 787 866 851 sicut
907 785 1016 849 illa
1057 785 1124 848 in
1166 787 1539 872 pugnando,
1593 807 1817 872 parare
1868 785 2100 870 poterit
2150 784 2280 849 vic-

230 882 472 948 toriam.

345 975 937 1043 Pronuntiationem
963 974 1143 1039 multi
1177 975 1452 1039 maxime
1478 973 1697 1038 utilem
1724 973 1956 1038 oratori
1986 973 2280 1038 dixerunt
2314 962 2377 1016 ll

228 1095 373 1136 esse
411 1081 476 1135 et
511 1071 599 1134 ad
624 1070 1135 1155 persuadendum
1177 1070 1520 1155 plurimum
1562 1068 1803 1134 valere.
1858 1090 1974 1133 nos
2023 1034 2336 1152 quidem1

227 1184 428 1227 unum
464 1161 543 1227 de
580 1163 855 1273 quinque
889 1163 1079 1227 rebus
1115 1162 1457 1248 plurimum
1489 1185 1681 1248 posse
1716 1185 1846 1228 non
1879 1163 2065 1226 facile
2102 1161 2277 1226 dixe-

226 1257 424 1322 rimus
436 1282 455 1334 3
503 1258 756 1344 egregie
791 1280 1090 1343 magnam
1121 1280 1262 1323 esse
1297 1258 1682 1322 utilitatem
1662 1280 1730 1322 m
1772 1256 2276 1344 pronuntiatione

230 1352 549 1416 audaciter
601 1351 1206 1417 confirmaverimus:
1260 1375 1411 1416 nam
1462 1351 1829 1416 commodae
1880 1352 2274 1416 inventiones

226 1456 296 1508 et
347 1445 690 1509 concinnae
753 1446 1090 1509 verborum
1153 1445 1539 1511 elocutiones
1594 1455 1658 1508 et
1707 1446 1982 1531 partium
2044 1468 2275 1511 causae

230 1537 605 1601 artificiosae
650 1536 1095 1621 dispositiones
1141 1549 1206 1601 et
1239 1536 1466 1602 horum
1515 1537 1796 1602 omnium
1839 1539 2107 1624 diligens
2143 1563 2276 1604 me-

226 1631 432 1696 moria
467 1630 602 1694 sine
637 1629 1146 1716 pronuntiatione
1190 1653 1317 1694 non
1351 1630 1497 1716 plus
1536 1651 1727 1712 quam
1772 1631 1905 1694 sine
1950 1632 2049 1695 his
2084 1633 2274 1697 rebus

225 1723 654 1812 pronuntiatio
709 1722 845 1788 sola
896 1723 1106 1788 valere
1155 1723 1404 1809 poterit.
1494 1745 1621 1806 qua
1663 1745 1731 1786 re
1777 1733 1841 1786 et
1892 1723 2039 1806 quia
2090 1746 2276 1789 nemo

227 1821 308 1884 de
345 1841 422 1884 ea
454 1842 524 1884 re
560 1819 894 1904 diligenter
932 1818 1183 1904 scripsit
1213 1855 1300 1866 ——-
1333 1840 1484 1882 nam
1529 1839 1747 1882 omnes
1793 1817 1902 1881 vix
1934 1838 2126 1904 posse
2160 1839 2278 1902 pu-

223 1924 440 1979 tarunt
476 1914 554 1978 de
590 1934 746 1978 voce
782 1923 846 1977 et
880 1912 1056 1978 voltu
1090 1924 1154 1977 et
1187 1923 1374 1999 gestu
1412 1912 1683 1977 dilucide
1721 1910 1937 1988 scribi,
1986 1932 2129 1974 cum
2164 1933 2277 1976 eae

220 2032 326 2074 res
365 2009 448 2073 ad
483 2031 708 2072 sensus
760 2017 1011 2073 nostros
1056 2008 1444 2095 pertinerent
1474 2043 1564 2054 —-
1598 2017 1662 2071 et
1696 2005 1844 2090 quia
1892 2027 2275 2092 magnopere

225 2127 266 2166 a
298 2103 481 2167 nobis
529 2103 611 2167 ad
665 2101 1002 2167 dicendum
1045 2102 1472 2189 comparanda
1505 2113 1631 2179 est,
1685 2124 1814 2166 non
1865 2101 2276 2188 neglegenter

227 2196 473 2261 videtur
509 2206 642 2260 tota
674 2218 776 2260 res
815 2195 1289 2261 consideranda.

343 2290 667 2354 Dividitur
702 2290 896 2376 igitur
928 2292 1353 2375 pronuntiatio
1388 2291 1456 2355 in
1489 2290 1665 2355 vocis
1700 2290 1999 2377 figuram,
2054 2312 2276 2377 corpo-

224 2384 312 2447 ris
365 2394 624 2449 motum.
712 2384 918 2470 figura
967 2385 1140 2450 vocis
1196 2396 1296 2449 est
1347 2407 1451 2461 ea,
1507 2406 1667 2467 quae
1722 2408 1908 2449 suum
1960 2385 2276 2468 quendam

225 2478 511 2564 possidet
561 2478 847 2543 habitum
897 2479 1138 2544 ratione
1181 2492 1247 2543 et
1295 2479 1607 2542 industria
1658 2489 2107 2564 comparatum.
2197 2502 2273 2543 ea
2311 2501 2363 2540 20

223 2571 524 2635 dividitur
551 2572 618 2634 in
653 2571 765 2634 tris
793 2571 1019 2655 partis:
1056 2571 1576 2657 magnitudinem,
1614 2569 2082 2647 firmitudinem,
2118 2570 2276 2634 mol-

226 2663 575 2726 litudinem.
679 2663 1180 2747 magnitudinem
1230 2663 1407 2728 vocis
1470 2662 1745 2726 maxime
1806 2662 1973 2748 parit
2030 2670 2274 2739 natura,

226 2777 356 2818 non
407 2753 566 2816 nihil
619 2765 836 2838 auget,
903 2755 1016 2817 sed
1064 2755 1339 2821 maxime
1397 2766 1731 2819 conservat
1782 2776 1959 2831 cura3
2013 2754 2277 2819 firmitu-

225 2848 441 2911 dinem
475 2845 649 2911 vocis
686 2846 960 2910 maxime
1012 2859 1336 2933 comparat
1379 2870 1557 2924 cura,
1609 2869 1738 2913 non
1782 2847 1938 2912 nihil
1980 2847 2273 2934 adauget,

227 2942 345 3006 sed
377 2940 652 3005 maxime
699 2952 1034 3006 conservat
1074 2942 1234 3007 ratio
1272 2940 1774 3020 declamationis;
1819 2941 2277 3007 mollitudinem

226 3034 433 3112 vocis,
486 3033 608 3099 hoc
643 3045 770 3112 est,
823 3045 896 3099 ut
929 3057 1072 3100 eam
1105 3047 1396 3120 torquere
1431 3036 1499 3100 in
1536 3034 1799 3102 dicendo
1845 3046 2061 3102 nostro
2105 3056 2278 3102 com-

223 3128 412 3194 modo
456 3128 806 3215 possimus,
860 3130 1134 3195 maxime
1177 3130 1330 3195 facit
1372 3129 1722 3198 moderatio
1775 3128 2273 3197 declamationis:

225 3233 606 3309 quapropter
660 3224 738 3288 de
790 3224 1222 3311 magnitudine
1281 3225 1456 3290 vocis
1513 3233 1577 3288 et
1624 3223 2022 3289 firmitudinis
2073 3236 2273 3312 parte,

223 3316 524 3399 quoniam
576 3316 773 3381 altera
823 3328 1050 3382 natura
1098 3318 1367 3404 paritur,
1422 3318 1620 3384 altera
1662 3338 1813 3381 cura
1856 3330 2273 3404 comparatur,

223 3408 381 3473 nihil
433 3432 550 3474 nos
607 3410 829 3475 attinet
881 3433 1306 3489 commonere,
1369 3411 1495 3476 nisi
1544 3422 1618 3475 ut
1669 3412 1750 3476 ab
1803 3411 1924 3487 eis,
1987 3412 2095 3494 qui
2146 3436 2275 3479 non

221 3502 408 3567 inscii
461 3514 610 3567 sunt
659 3504 794 3567 eius
849 3504 1119 3583 artificii,
1183 3505 1344 3569 ratio
1398 3504 1713 3569 curandae
1767 3505 1940 3571 vocis
1994 3514 2271 3589 petatur:

219 3597 304 3659 de
341 3618 418 3660 ea
450 3606 629 3682 parte
663 3595 1092 3675 firmitudinis,
1147 3620 1308 3681 quae
1346 3609 1753 3664 conservatur
1786 3597 2029 3662 ratione
2064 3596 2272 3661 decla-
2308 3614 2374 3667 12

223 3688 550 3766 mationis,
605 3698 669 3753 et
703 3688 781 3752 de
816 3690 1229 3755 mollitudine.
1261 3690 1465 3770 vocis,
1521 3712 1683 3776 quae
1735 3688 2009 3755 maxime
2052 3709 2275 3753 neces-

224 3782 396 3847 saria
431 3792 531 3847 est
565 3780 824 3859 oratori,
869 3782 1168 3865 quoniam
1202 3806 1281 3848 ea
1314 3805 1565 3867 quoque
1601 3782 2029 3848 moderatione
2066 3781 2274 3847 decla-

224 3875 517 3941 mationis
555 3886 980 3961 comparatur,
1019 3876 1353 3941 dicendum
1390 3877 1657 3942 videtur.

343 3969 628 4034 Firmam
676 3992 828 4057 ergo
879 3969 1153 4033 maxime
1203 3971 1551 4055 poterimus
1603 3969 1670 4032 in
1723 3967 1987 4033 dicendo
2048 3990 2269 4036 vocem
2306 3999 2358 4040 21

222 4083 628 4142 conservare,
693 4063 750 4128 si
802 4084 993 4148 quam
1042 4063 1318 4129 maxime
1371 4064 1593 4130 sedata
1644 4072 1709 4126 et
1759 4061 2063 4149 depressa
2110 4086 2268 4132 voce
