2784 4575
777 292 885 348 Dn
919 290 1409 351 INVENTIONE
1444 290 1523 349 11.
1558 288 1738 347 1-4.
2159 272 2323 367 153·

229 416 600 484 memoriam
667 424 927 503 propter
995 414 1131 481 fani
1197 413 1572 502 religionem
1638 414 1969 494 remansit,
2038 424 2105 481 et
2176 409 2284 501 [ut

229 511 644 578 excellentem
694 508 1018 575 muliebris
1071 508 1315 575 formae
1351 508 1854 595 pulcritudinem
1896 519 2072 574 muta
2104 508 2173 573 in
2215 528 2287 575 se

226 608 442 693 imago
495 602 876 691 contineret]
919 604 1213 669 Helenae
1255 602 1520 691 pingere
1566 626 1635 668 se
1672 602 2078 669 simulacrum
2122 603 2285 669 velle

229 700 417 778 dixit3
473 700 644 784 quod
695 696 1137 777 Crotoniatae,
1201 697 1310 782 qui
1363 718 1512 763 eum
1560 698 1853 765 muliebri
1902 697 1971 763 in
2025 712 2287 785 corpore
2400 713 2404 717 ·

227 794 550 882 pingendo
611 793 954 881 plurimum
1016 792 1155 859 aliis
1225 802 1551 879 praestare
1614 816 1805 880 saepe
1872 792 2286 881 accepissent,

228 890 496 955 libenter
549 888 909 966 audierunt3
962 898 1345 975 putaverunt
1387 888 1585 966 enim,
1640 888 1722 968 si,
1777 910 1903 973 quo
1945 888 2015 953 in
2056 908 2289 975 genere

226 984 570 1071 plurimum
603 993 853 1071 posset,
907 982 975 1047 in
1010 1005 1086 1049 eo
1131 1003 1365 1070 magno
1410 1004 1601 1070 opere
1636 983 2054 1061 elaborasset,
2109 1003 2289 1070 egre-

229 1078 406 1164 gium
454 1076 577 1142 sibi
628 1094 788 1165 opus
835 1076 946 1143 illo
985 1077 1055 1141 in
1095 1076 1249 1142 fano
1295 1076 1687 1155 relicturum3
1740 1098 1947 1161 neque
1999 1087 2136 1143 tum
2178 1097 2287 1145 eos
2324 1104 2350 1145 8

228 1172 340 1237 illa
391 1170 604 1257 opinio
657 1170 912 1237 fefellit.
975 1188 1125 1237 nam
1179 1170 1415 1237 Zeuxis
1468 1170 1615 1237 11100
1668 1170 1982 1255 quaesivit
2033 1173 2115 1237 ab
2174 1162 2289 1251 eis,

229 1283 542 1349 quasnam
593 1264 874 1353 virgines
929 1266 1243 1332 formosas
1286 1264 1623 1343 haberent3
1676 1265 1769 1329 1111
1822 1276 2033 1331 autem
2078 1266 2289 1333 statim

231 1358 553 1425 hominem
577 1359 1022 1425 deduxerunt
1002 1379 1069 1423 111
1095 1358 1479 1445 palaestram
1506 1369 1702 1444 atque
1724 1358 1785 1425 ei
1809 1382 2041 1446 pueros
2078 1371 2292 1427 osten-

231 1450 461 1517 derunt
501 1454 767 1531 multos,
814 1476 1050 1539 magna
1081 1454 1403 1539 praeditos
1448 1453 1777 1540 dignitate.
1865 1455 2099 1520 etenim
2136 1478 2292 1540 quo-

231 1546 380 1611 dam
406 1557 689 1633 tempore
716 1502 1126 1612 Crotoniatae
1161 1548 1433 1613 multum
1460 1548 1755 1613 omnibus
1781 1569 2116 1635 corporum
2142 1551 2293 1615 1111-

228 1640 350 1707 bus
399 1652 464 1705 et
504 1640 920 1728 dignitatibus
967 1642 1411 1707 antestitemnt
1454 1652 1641 1727 atque
1686 1643 2166 1710 honestissimas
2212 1669 2293 1711 ex

229 1736 529 1823 gymnico
575 1736 916 1801 certamine
961 1735 1258 1803 victorias
1304 1738 1565 1803 domum
1606 1757 1752 1803 cum
1785 1737 1973 1804 laude
2014 1740 2294 1805 maxima

227 1832 625 1897 rettulerunt.
741 1852 888 1897 cum
946 1848 1290 1918 puerorum
1346 1832 1545 1919 igitur
1604 1832 1843 1899 formas
1903 1844 1970 1899 01
2018 1853 2295 1921 ,corpora

229 1946 465 2013 magno
505 1922 666 2013 [hic]
706 1947 898 2013 opere
931 1926 1294 2011 miraretur,
1332 1926 1640 2005 ‘horum‚’
1676 1927 1971 2011 inquiunt
2001 1926 2120 2005 illi,
2160 1934 2293 1993 ‘so-

229 2040 406 2087 rores
461 2031 612 2086 sunt
662 2020 834 2109 apud
885 2041 1004 2087 nos
1059 2019 1339 2107 virgines
1351 2046 1370 2099 3
1434 2040 1563 2106 qua
1598 2036 1708 2100 re,
1774 2042 1901 2107 qua
1960 2022 2087 2087 sint
2147 2022 2293 2087 illae

233 2114 570 2201 dignitate,-
606 2125 790 2201 potes
828 2135 910 2181 ex
943 2114 1044 2181 his
1085 2114 1438 2202 suspicari?
1528 2114 1855 2203 ‘praebete
1888 2116 2083 2203 igitur
2117 2116 2292 2194 mihi,

234 2231 473 2293 quaeso
486 2210 526 2289 ,’
569 2210 776 2296 inquit
829 2217 943 2276 ‘ex
977 2210 1116 2275 istis
1171 2211 1525 2300 virginibus
1561 2211 2086 2291 formosissimas,
2140 2213 2293 2277 dum

230 2304 428 2390 pingo
461 2304 559 2382 id,
607 2306 777 2389 quod
811 2305 1142 2396 pollicitus⁴
1171 2329 1312 2371 sum
1356 2307 1564 2374 vobis’
1582 2303 1683 2393 [ut
1714 2319 1961 2372 mutum
1994 2308 2062 2372 in
2098 2308 2295 2372 simu-

232 2397 476 2462 lacrum
527 2417 609 2464 ex
657 2400 916 2464 animali
969 2401 1260 2487 exemplo
1314 2402 1549 2467 veritas
1603 2400 2070 2488 transferatur]
2160 2413 2296 2466 tum
2329 2421 2357 2460 ³

235 2489 646 2559 Crotoniatae
688 2494 944 2580 publico
981 2494 1061 2559 de
1107 2495 1370 2561 consilio
1424 2494 1703 2580 virgines
1747 2501 1945 2560 unum
1985 2495 2054 2560 in
2086 2494 2298 2560 locum

235 2587 675 2652 conduxerunt
717 2597 782 2678 et
832 2587 1058 2673 pictori
1112 2606 1305 2671 quam
1355 2589 1551 2652 vellet
1598 2588 1875 2674 eligendi
1916 2597 2299 2674 potestatem

236 2680 578 2757 dederunt3
635 2679 742 2743 ille
798 2689 1010 2744 autem
1063 2680 1342 2762 quinque
1389 2679 1662 2765 'delegit3
1724 2699 1991 2764 quarum
2042 2680 2301 2745 nomina

233 2771 416 2838 multi
447 2777 679 2858 poe'tae
711 2773 1054 2837 'memoriae
1087 2773 1528 2858 prodiderunt,
1578 2773 1748 2856 quod
1784 2773 1917 2837 eius
1954 2782 2173 2837 essent
2203 2771 2299 2838 iu-

235 2866 400 2932 dicio
434 2865 768 2953 probatae,
815 2865 924 2949 qui
956 2865 1397 2952 pulcritudinis
1433 2865 1667 2931 habere
1702 2865 2105 2932 verissimum
2138 2865 2301 2930 iudi-

233 2960 402 3024 cium
434 2959 781 3026 debuisset.
871 2979 1078 3046 neque
1110 2961 1285 3026 enim
1316 2961 1565 3048 putavit
1608 2961 1847 3039 omnia,
1902 2978 2065 3045 quae
2106 2979 2301 3046 quae-

231 3066 400 3120 reret
451 3053 536 3120 ad
585 3064 1014 3134 venustatem,
1066 3077 1196 3122 uno
1241 3078 1311 3122 se
1352 3055 1423 3120 in
1466 3071 1729 3142 corpore
1778 3055 2053 3142 reperire
2106 3075 2301 3143 posse

232 3149 405 3229 ideo,
461 3148 632 3234 quod
663 3149 823 3215 nihil
869 3149 1139 3238 simplici
1181 3150 1249 3216 in
1285 3170 1522 3237 genere
1566 3149 1861 3216 omnibus
1898 3171 1981 3215 ex
2012 3149 2299 3237 partibus

231 3242 587 3334 perfectum
619 3257 850 3328 natura
882 3246 1188 3333 expolivit
1195 3270 1214 3326 3
1267 3245 1512 3331 itaque,
1548 3255 1873 3330 tamquam
1908 3244 2134 3311 ceteris
2170 3264 2299 3310 non

237 3339 321 3403 sit
369 3337 664 3404 habitura
715 3341 887 3424 quod
938 3341 1269 3429 largiatur,
1335 3341 1391 3406 si
1442 3339 1554 3406 uni
1606 3339 1835 3406 cuncta
1896 3339 2297 3415 concesserit,

237 3431 410 3497 aliud
446 3431 553 3496 alii
595 3433 910 3500 commodi
955 3436 1166 3520 aliquo
1212 3435 1511 3502 adiuncto
1562 3433 1964 3501 incommodo
2007 3455 2299 3500 munera·
2448 3503 2457 3510 ,

237 3536 359 3591 tur.
447 3525 619 3609 quod
654 3527 950 3609 quoniam
991 3528 1176 3596 nobis
1235 3551 1487 3614 quoque
1530 3528 1875 3595 voluntatis
1920 3527 2175 3604 accidit,
2227 3536 2300 3590 ut
2330 3523 2367 3634 Ξ
2409 3577 2413 3584 ,

237 3630 438 3686 artem
473 3617 724 3685 dicendi
756 3621 1318 3707 perscriberemus,
1372 3646 1505 3690 non
1538 3644 1737 3689 unum
1780 3621 2034 3705 aliquod
2066 3641 2299 3706 propo·-

235 3714 478 3780 suimus
523 3715 912 3801 exemplum,
969 3717 1145 3782 cuius
1193 3739 1413 3784 omnes
1456 3727 1701 3806 partes,
1756 3732 2153 3800 quocumque
2198 3734 2299 3778 es-

238 3820 380 3874 sent
413 3809 480 3874 in
515 3828 770 3896 genere,
807 3809 1256 3896 exprimendae
1292 3811 1477 3878 nobis
1514 3809 1871 3878 necessarie
1907 3809 2295 3884 viderentur3

239 3901 354 3967 sed
395 3902 689 3970 omnibus
735 3924 932 3969 unum
973 3903 1042 3970 in
1083 3905 1296 3972 locum
1338 3905 1575 3972 coactis
1632 3902 2073 3992 scriptoribus,
2126 3899 2299 3985 quod

238 3995 504 4080 quisque
558 3999 1067 4066 commodissime
1123 4001 1492 4090 praecipere
1554 4000 1914 4077 videbatur,
1978 3996 2298 4084 excerpsi-

235 4113 379 4156 mus
415 4101 480 4156 et
513 4113 594 4158 ex
627 4095 818 4162 variis
853 4093 1126 4182 ingeniis
1163 4094 1697 4162 excellentissima
1740 4113 2028 4179 quaeque
2072 4090 2297 4158 libavi-
