2784 4575
323 717 392 771 23

441 192 526 258 76
937 200 1358 262 CORNIFICII
1391 197 2017 257 RHETORICORUM

435 328 588 404 bus,
644 327 910 393 alterum
944 327 1011 390 in
1047 325 1332 392 similiter
1367 321 1802 389 desinentibus
1846 323 2087 400 verbis,
2142 322 2397 387 tertium
2432 322 2511 388 in

438 420 1052 486 adnominationibus
1113 420 1394 506 positum
1456 428 1583 496 est,
1642 439 1901 504 perraro
1966 416 2277 482 sumenda
2328 428 2504 495 sunt,

437 537 583 580 cum
615 515 683 580 in
718 513 981 579 veritate
1017 513 1306 590 dicimus,
1341 521 1680 598 propterea
1713 511 1887 595 quod
1919 531 2049 576 non
2083 511 2243 575 haec
2276 511 2507 576 viden-

436 621 538 674 tur
571 608 832 696 reperiri
863 631 1058 695 posse
1095 607 1232 672 sine
1275 604 1705 671 elaboratione
1740 616 1807 670 et
1841 605 2199 692 sumptione
2233 626 2503 692 operae;

436 703 570 769 eius
604 702 780 768 modi
816 711 1028 766 autem
1073 700 1284 766 studia
1318 699 1402 764 ad
1446 698 1927 764 delectationem
1980 720 2173 782 quam
2216 699 2300 764 ad
2332 699 2505 764 veri-

435 807 632 862 tatem
665 797 960 861 videntur
995 792 1574 860 adcommodatiora
1580 817 1601 870 3
1656 813 1783 875 qua
1813 815 1885 857 re
1918 792 2078 860 fides
2116 801 2181 857 et
2214 793 2501 880 gravitas

435 903 500 956 et
560 890 864 956 severitas
933 887 1209 954 oratoria
1267 885 1573 952 minuitur
1631 885 1731 951 his
1794 886 2308 952 exornationibus
2369 887 2505 951 fre-

401 995 406 1000 ’
436 995 700 1069 quenter
727 982 1071 1048 conlocatis
1099 992 1164 1046 et
1187 1004 1318 1048 non
1351 981 1543 1046 modo
1580 979 1820 1045 tollitur
1846 981 2186 1046 auctoritas
2224 979 2499 1059 dicendi,

437 1080 552 1144 sed
603 1077 948 1144 offenditur
1001 1097 1250 1161 quoque
1293 1076 1362 1140 in
1406 1076 1543 1140 eius
1578 1075 1755 1140 modi
1795 1076 2103 1154 oratione,
2162 1087 2503 1163 propterea

434 1172 609 1257 quod
651 1181 751 1236 est
791 1168 860 1234 in
902 1170 1004 1235 his
1056 1170 1236 1257 lepos
1282 1181 1347 1235 et
1379 1169 1723 1246 festivitas,
1778 1191 1907 1234 non
1960 1170 2237 1256 dignitas
2289 1191 2501 1254 neque
2616 1201 2623 1207 ·

433 1264 813 1352 pulcritudo.
902 1286 1030 1348 qua
1059 1287 1130 1329 re
1167 1287 1330 1348 quae
1384 1272 1535 1328 sunt
1586 1263 1798 1348 ampla
1850 1274 2037 1346 atque
2080 1263 2329 1349 pulcra,
2386 1263 2499 1329 diu
2590 1339 2595 1342 ,

432 1359 684 1446 placere
718 1367 989 1445 possunt
996 1383 1014 1437 ;
1053 1380 1216 1442 quae
1250 1357 1467 1445 lepida
1500 1367 1650 1420 sunt
1692 1370 1758 1421 et
1792 1358 2119 1436 concinna,
2156 1358 2281 1424 cito
2308 1358 2501 1423 satie-

433 1463 563 1518 tate
592 1453 892 1524 adficiunt
919 1453 1166 1518 aurium
1195 1475 1455 1518 sensum
1480 1450 2081 1517 fastidiosissimum.
2154 1443 2279 1536 quo
2304 1453 2499 1519 modo

432 1547 652 1634 igitur,
693 1547 748 1613 si
783 1547 1005 1613 crebro
1040 1547 1141 1612 his
1177 1546 1520 1632 generibus
1556 1557 1835 1624 utemur,
1878 1546 2107 1632 puerili
2140 1545 2499 1611 videbimur

434 1640 786 1708 elocutione
822 1641 1148 1720 delectari,
1185 1641 1366 1717 item,
1406 1641 1463 1706 si
1494 1663 1639 1706 raro
1674 1639 2123 1706 interseremus
2158 1639 2276 1704 has
2313 1663 2499 1706 exor-

431 1735 721 1802 nationes
776 1744 843 1801 et
873 1735 942 1800 in
976 1757 1174 1800 causa
1225 1744 1360 1800 tota
1408 1733 1583 1798 varie
1638 1733 2109 1820 dispergemus,
2164 1734 2495 1799 commode

432 1828 774 1894 luminibus
813 1828 1126 1892 distinctis
1161 1827 1641 1893 inlustrabimus
1678 1827 2046 1894 orationem.

554 1919 882 1987 Subiectio
909 1932 1027 1998 est,
1065 1941 1212 1984 cum
1244 1920 1710 2006 interrogamus
1739 1920 2136 1986 adversarios
2164 1933 2275 1986 aut
2301 1943 2495 2006 quae-

430 2015 629 2079 rimus
663 2014 790 2099 ipsi
825 2036 865 2076 a
895 2012 1109 2091 nobis,
1155 2013 1309 2096 quid
1344 2014 1426 2079 ab
1460 2015 1585 2078 illis
1624 2025 1734 2080 aut
1766 2015 1921 2099 quid
1964 2025 2183 2080 contra
2215 2038 2334 2081 nos
2370 2015 2495 2080 dici

430 2107 663 2194 possit,
720 2106 948 2172 deinde
994 2106 1339 2173 subicimus
1383 2108 1479 2186 id,
1535 2109 1707 2192 quod
1750 2118 1998 2195 oportet
2032 2109 2156 2173 dici
2194 2107 2333 2196 [aut
2365 2133 2495 2174 non

433 2197 708 2286 oportet]
722 2247 740 2276 ‚
797 2200 968 2285 quod
1001 2210 1112 2266 aut
1144 2201 1328 2267 nobis
1377 2201 1741 2268 adiumento
1784 2203 2069 2269 futurum
2104 2203 2189 2268 sit
2222 2213 2334 2268 aut
2366 2202 2492 2268 illis

433 2294 800 2360 obfuturum
835 2318 870 2360 e
908 2296 1250 2374 contrarie,
1306 2297 1431 2363 hoc
1464 2298 1685 2363 modo:
1741 2303 2004 2381 “quaero
2048 2298 2270 2385 igitur,
2324 2298 2493 2363 unde

429 2388 552 2454 iste
588 2398 720 2454 tam
751 2391 1136 2476 pecuniosus
1182 2391 1390 2457 factus
1429 2392 1540 2459 sit:
1597 2391 1881 2481 amplum
1912 2392 2363 2478 patrimonium
2394 2414 2496 2457 re-

428 2483 648 2550 lictum
701 2485 836 2549 est?
891 2495 956 2549 at
1005 2485 1206 2571 patris
1250 2485 1421 2551 bona
1472 2487 1823 2552 venierunt.
1911 2486 2229 2551 hereditas
2284 2486 2495 2568 aliqua

429 2578 638 2643 venit?
689 2601 822 2645 non
851 2589 1066 2665 potest
1111 2579 1262 2657 dici,
1319 2580 1437 2646 sed
1480 2580 1671 2645 etiam
1707 2602 1747 2644 a
1776 2580 2155 2645 necessariis
2200 2580 2493 2645 omnibus

429 2672 850 2739 exheredatus
905 2684 1023 2739 est.
1110 2674 1467 2759 praemium
1520 2674 1777 2759 aliquod
1829 2696 1911 2739 ex
1954 2673 2064 2739 lite
2108 2684 2219 2739 aut
2260 2674 2491 2740 iudicio

429 2766 634 2853 cepit?
685 2790 817 2834 non
866 2768 1058 2833 modo
1102 2768 1172 2833 id
1213 2792 1344 2833 non
1394 2768 1575 2847 fecit,
1630 2769 1745 2834 sed
1800 2768 1993 2833 etiam
2040 2769 2303 2855 insuper
2354 2768 2492 2854 ipse

429 2859 655 2946 grandi
693 2862 1034 2945 sponsione
1067 2860 1274 2927 victus
1311 2872 1430 2928 est.
1518 2885 1671 2948 ergo
1710 2863 1766 2927 si
1800 2862 1900 2927 his
1934 2862 2284 2928 rationibus
2320 2862 2493 2928 locu-

426 2952 702 3038 pletatus
739 2975 870 3019 non
904 2964 1019 3031 est,
1059 2954 1224 3019 sicut
1257 2978 1479 3021 omnes
1506 2956 1757 3033 videtis,
1794 2966 1905 3020 aut
1936 2956 2045 3021 isti
2079 2956 2252 3021 domi
2286 2956 2492 3021 nasci-

431 3055 531 3109 tur
585 3064 834 3124 aurum,
889 3056 1026 3126 aut,
1081 3050 1250 3115 unde
1293 3072 1427 3116 non
1470 3059 1569 3114 est
1610 3049 1881 3127 licitum,
1934 3050 2237 3136 pecunias
2284 3050 2486 3135 cepit.’

323 3154 396 3211 24
427 3140 608 3204 item:
665 3144 914 3227 ‘saepe,
968 3142 1243 3221 iudices,
1299 3143 1581 3208 animum
1616 3143 1863 3209 adverti
1894 3143 2127 3211 multos
2165 3143 2377 3228 aliqua
2412 3166 2490 3208 ex

428 3234 698 3299 honesta
737 3257 835 3311 re,
891 3256 1082 3320 quam
1123 3260 1205 3302 ne
1258 3236 1496 3314 inimici
1547 3237 1803 3321 quidem
1854 3238 2171 3303 criminari
2221 3238 2487 3323 possint,

429 3326 552 3391 sibi
594 3327 981 3413 praesidium
1031 3340 1276 3416 petere3
1331 3352 1601 3415 quorum
1642 3330 1800 3395 nihil
1833 3341 2047 3418 potest
2090 3332 2488 3397 adversarius

427 3422 666 3487 facere:
711 3445 862 3488 nam
893 3435 1108 3491 utrum
1143 3424 1227 3489 ad
1258 3425 1459 3511 patris
1496 3424 1793 3491 virtutem
1827 3425 2190 3513 confugiet?
2246 3436 2313 3490 at
2346 3447 2490 3490 eum

427 3538 540 3581 vos
603 3516 791 3582 iurati
852 3518 1058 3605 capite
1122 3518 1493 3583 damnastis.
1608 3542 1691 3583 an
1754 3519 1837 3584 ad
1897 3542 2080 3585 suam
2140 3528 2488 3585 revertetur

425 3609 660 3675 vitam?
695 3632 886 3695 quam
923 3623 1034 3677 aut
1067 3610 1179 3677 ubi
1213 3611 1483 3699 honeste
1518 3614 1941 3678 transactam?
2026 3636 2177 3678 nam
2210 3610 2315 3675 hic
2352 3608 2485 3693 qui-

428 3702 574 3768 dem
608 3714 754 3769 ante
790 3704 1009 3770 oculos
1046 3715 1295 3770 vestros
1333 3727 1461 3789 quo
1496 3706 1687 3772 modo
1732 3706 1986 3785 vixerit,
2033 3704 2207 3771 scitis
2244 3724 2483 3768 omnes.

427 3818 510 3859 an
545 3807 852 3883 cognatos
887 3820 1038 3863 suos
1075 3799 1489 3879 enumerabit,
1526 3800 1756 3884 quibus
1792 3823 1909 3865 vos
1947 3796 2279 3865 conveniat
2315 3815 2486 3863 com-

426 3890 704 3954 moveri?
758 3902 824 3956 at
875 3890 942 3954 hi
995 3890 1252 3973 quidem
1303 3892 1464 3957 nulli
1514 3905 1680 3960 sunt.
1770 3894 2007 3959 amicos
2049 3891 2369 3979 proferet?
2422 3902 2486 3957 at

426 4003 614 4047 nemo
650 3993 778 4061 est,
832 3984 942 4066 qui
977 3983 1100 4048 sibi
1134 4006 1265 4050 non
1308 3995 1491 4073 turpe
1526 3997 1705 4075 putet
1748 3986 1931 4053 istius
1978 3986 2251 4053 amicum
2284 3985 2486 4051 nomi-
