2784 4575
599 329 706 384 AD
747 325 809 382 e.
848 326 1321 384 HERENNIUM
1355 327 1463 384 111.
1498 327 1792 385 39—1111.
1831 331 1883 384 2.
2158 317 2270 396 ,57

211 453 366 539 quin
411 451 646 536 aliquid
695 450 1038 515 memoriae
1083 450 1332 515 tradere
1377 450 1645 515 velimus
1692 462 1757 515 et
1799 462 1934 517 tum
1975 452 2271 531 maxime,

212 569 360 613 cum
411 547 618 630 aliquo
671 545 910 610 maiore
955 545 1213 632 negotio
1267 545 1640 610 detinemur.
1730 568 1857 630 qua
1897 569 1967 613 re
2012 568 2157 612 cum
2193 548 2276 612 sit
2353 632 2360 634 ν

212 642 367 707 utile
403 641 590 706 facile
624 639 1020 717 meminisse,
1058 663 1187 705 non
1224 649 1286 704 te
1321 639 1513 717 fallit,
1552 639 1725 724 quod
1759 649 2087 727 tantopere
2121 641 2274 707 u‘tile

214 738 323 814 sit,
389 746 623 820 quanto
686 736 903 800 labore
957 735 1042 801 sit
1094 735 1552 821 appetendum:
1613 735 1853 822 poteris
1916 736 2275 803 existimare

210 829 478 895 utilitate
516 829 788 917 cognita.
859 829 1148 915 pluribus
1175 829 1385 894 verbis
1425 829 1508 894 ad
1534 852 1677 895 eam
1706 840 1769 895 te
1796 829 2117 896 adhortari
2150 853 2279 896 non

211 933 312 988 est
337 923 670 1002 sententia,
709 946 790 988 ne
818 935 928 988 aut
955 934 1065 989 tuo
1094 923 1302 989 studio
1338 923 1535 989 diffisi
1561 935 1672 989 aut
1696 924 1928 1003 minus,
1957 946 2149 1009 quam
2173 947 2277 989 res

209 1016 512 1103 postulat,
533 1017 772 1083 dixisse
799 1017 1147 1082 videamur.
1185 1017 1264 1082 de
1291 1018 1511 1103 quinta
1526 1030 1707 1105 parte
1731 1019 2083 1084 rhetoricae
2102 1018 2280 1084 dein-

213 1132 364 1197 ceps
385 1111 699 1175 dicemus:
728 1121 798 1175 tu
813 1112 1050 1197 primas
1080 1133 1360 1196 quasque
1386 1113 1585 1198 partis
1612 1113 1680 1176 in
1707 1113 1919 1179 animo
1946 1113 2281 1197 frequenta

212 1215 278 1269 et
313 1205 485 1288 quod
519 1205 791 1272 maxime
828 1228 1092 1272 necesse
1129 1217 1255 1284 est,
1295 1207 1743 1273 exercitatione
1781 1207 2105 1275 confirma.

584 1475 1100 1544 CORNIFICII
1139 1475 1909 1547 RHETORICORUM

815 1579 948 1642 AD
997 1575 1075 1643 C.
1119 1579 1683 1646 HERENNIUM

1052 1709 1291 1764 LIBER
1325 1711 1461 1766 1111.

337 1861 660 1944 Quoniam
694 1861 760 1924 in
797 1861 920 1925 hoc
954 1861 1136 1939 libro,
1173 1861 1483 1939 Herenni,
1523 1862 1604 1928 de
1639 1861 1991 1926 elocutione
2028 1861 2283 1947 scripsi-

213 1980 386 2035 mus,
443 1967 509 2021 et
543 1955 772 2040 quibus
808 1955 876 2018 in
910 1955 1102 2020 rebus
1149 1978 1311 2042 opus
1349 1956 1471 2021 fuit
1516 1955 1824 2041 exemplis
1870 1955 1992 2034 uti,
2044 1955 2281 2021 nostris

215 2051 523 2137 exemplis
561 2050 665 2116 usi
699 2072 919 2116 sumus
958 2060 1024 2114 et
1055 2051 1124 2114 id
1156 2051 1425 2116 fecimus
1461 2061 1716 2138 praeter
1760 2051 2284 2117 consuetudinem

217 2145 638 2223 Graecorum,
678 2146 784 2231 qui
821 2146 900 2209 de
937 2145 1060 2210 hac
1093 2169 1162 2210 re
1201 2146 1610 2233 scripserunt,
1648 2147 2009 2212 necessario
2044 2147 2283 2213 facien-

216 2241 370 2305 dum
404 2251 530 2319 est,
565 2250 640 2304 ut
670 2240 890 2326 paucis
927 2240 1238 2306 rationem
1270 2240 1475 2307 nostri
1511 2242 1757 2307 consilii
1794 2243 2045 2322 demus;
2094 2253 2283 2327 atque

217 2334 340 2399 hoc
373 2357 492 2399 nos
527 2334 997 2400 necessitudine
1035 2335 1273 2413 facere,
1313 2360 1444 2402 non
1480 2337 1710 2415 studi0,
1750 2337 1903 2402 satis
1942 2337 2060 2403 erit
2096 2338 2282 2425 signi,

219 2426 442 2511 quod
423 2451 491 2491 m
545 2429 974 2515 superioribus
1018 2428 1196 2494 libris
1240 2430 1399 2494 nihil
1451 2452 1657 2514 neque
1704 2441 1849 2495 ante
1892 2454 2027 2495 rem
2078 2453 2285 2514 neque

215 2530 468 2607 praeter
519 2544 656 2587 rem
705 2521 901 2586 locuti
956 2544 1197 2586 sumus.
1304 2545 1499 2599 nunc,
1566 2524 1619 2587 si
1671 2544 1904 2609 pauca,
1968 2545 2129 2605 quae
2180 2546 2283 2587 res

216 2616 525 2701 postulat,
575 2616 950 2690 dixerimus,
997 2614 1112 2677 tibi
1145 2615 1240 2691 id,
1287 2616 1459 2697 quod
1491 2616 1803 2698 reliquum
1845 2625 1944 2680 est
1979 2614 2161 2691 artis,
2197 2615 2287 2677 ita

217 2719 292 2771 ut
325 2708 740 2783 instituimus,
784 2706 1242 2791 persolvemus.
1335 2708 1450 2770 sed
1484 2707 1732 2772 facilius
1776 2718 2062 2771 nostram
2096 2706 2287 2771 ratio-

219 2823 370 2865 nem
402 2800 766 2885 intelleges,
807 2799 862 2863 si
895 2797 1104 2883 prius,
1142 2797 1295 2880 quid
1329 2800 1423 2862 illi
1458 2800 1697 2875 dicant,
1736 2800 2132 2884 cognoveris.

344 2891 798 2980 Compluribus
830 2894 909 2957 de
939 2892 1147 2957 causis
1176 2902 1406 2979 putant
1431 2903 1740 2979 oportere,
1779 2914 1925 2957 cum
1956 2894 2080 2981 ipsi
2104 2917 2289 2981 prae-

220 2988 530 3075 ceperint,
587 3009 712 3073 quo
753 2998 943 3074 pacto
989 2997 1278 3073 oporteat
1321 3011 1546 3054 ornare
1601 2988 2046 3067 elocutionem,
2099 2989 2286 3056 unius

222 3084 528 3167 cuiusque
564 3082 817 3169 generis
855 3082 937 3146 ab
984 3091 1232 3147 oratore
1277 3094 1388 3147 aut
1420 3094 1613 3170 poeta
1652 3085 1920 3170 probato
1966 3095 2289 3171 sumptum

221 3200 458 3265 ponere
501 3176 892 3264 exemplum:
940 3186 1006 3241 et
1045 3176 1320 3262 primum
1357 3200 1427 3243 se
1470 3178 1539 3242 id
1581 3178 1895 3244 modestia
1922 3190 2287 3246 commotos

223 3274 434 3338 facere
489 3274 733 3352 dicunt,
795 3283 1135 3360 propterea
1187 3274 1358 3357 quod
1410 3273 1698 3339 videatur
1750 3295 1893 3339 esse
1948 3274 2287 3340 ostentatio

223 3368 538 3451 quaedam
588 3391 718 3433 non
771 3367 925 3432 satis
980 3367 1214 3433 habere
1267 3368 1631 3454 praecipere
1686 3369 1763 3433 de
1820 3368 2110 3447 artificio,
2176 3370 2290 3434 sed

225 3462 417 3527 etiam
450 3461 626 3547 ipsos
663 3460 866 3526 videri
909 3462 1071 3525 velle
1119 3461 1455 3527 artificiose
1491 3462 1755 3549 gignere
1790 3462 2112 3549 exempla:
2167 3462 2289 3527 hoc

226 3567 351 3635 est,
405 3555 725 3639 inquiunt,
780 3566 1098 3620 ostentare
1144 3578 1241 3633 se,
1294 3579 1425 3622 non
1470 3558 1803 3623 ostendere
1856 3569 2075 3623 artem.
2164 3578 2289 3639 qua

226 3674 295 3715 re
330 3650 538 3736 pudor
571 3649 639 3713 in
671 3649 893 3735 primis
931 3660 1031 3715 est
1065 3650 1149 3714 ad
1185 3672 1326 3714 eam
1360 3674 1499 3716 rem
1532 3651 1987 3740 impedimento
1997 3696 2016 3727 ,
2054 3668 2135 3712 ne
2171 3672 2288 3714 nos

230 3745 400 3810 solos
436 3744 734 3831 probare,
789 3765 908 3807 nos
958 3766 1198 3821 amare,
1255 3744 1412 3810 alios
1460 3756 1860 3810 contemnere
1906 3754 1970 3813 et
2005 3741 2291 3806 deridere

227 3838 574 3905 videamur.
664 3836 898 3903 etenim
951 3860 1094 3903 cum
1136 3840 1459 3926 possimus
1506 3842 1587 3905 ab
1628 3840 1841 3905 Ennio
1888 3858 2136 3902 sumere
2181 3847 2291 3901 aut

230 3956 269 3996 a
304 3931 596 3999 Graccho
633 3932 1022 4017 exemplum,
1070 3934 1318 3999 videtur
1361 3957 1506 4000 esse
1554 3932 1926 4019 adrogantia
1959 3930 2069 3993 illa
2100 3931 2292 3997 relin-

229 4046 422 4109 quere
467 4038 532 4092 et
584 4026 666 4091 ad
712 4049 831 4091 sua
875 4026 1192 4093 devenire.
1281 4039 1611 4115 praeterea
1663 4024 1955 4109 exempla
2007 4026 2291 4094 testimo-

227 4120 477 4185 niorum
528 4121 738 4188 locum
791 4120 1105 4201 obtinent3
1167 4121 1235 4187 id
1287 4122 1483 4199 enim,
1548 4119 1721 4203 quod
1781 4118 2175 4187 admonuerit
2210 4125 2291 4187 ‘et
