2784 4575
878 260 983 315 DE
1022 256 1386 315 ORATORE
1421 260 1500 316 11.
1539 260 1778 315 60-67.
2267 248 2350 314 73

288 376 515 461 modo,
567 392 637 449 >et
668 403 815 448 cum
849 382 929 448 de
974 392 1205 448 eventu
1257 380 1530 461 dicatur,
1582 392 1656 446 ut
1690 402 1918 447 causae
1963 382 2356 469 explicentur

298 500 518 545 omnes
554 477 657 543 vel
693 499 880 542 casus
916 476 1019 542 vel
1056 475 1402 563 sapientiae
1446 475 1549 541 vel
1583 474 1952 541 temeritatis
1997 474 2354 543 hominum-

298 596 422 659 que
456 572 741 661 ipsorum
772 594 903 639 non
938 570 1147 637 solum
1178 594 1283 637 res
1318 581 1569 657 gestae,
1627 570 1742 635 sed
1775 568 1994 649 etiam,
2038 570 2149 655 qui
2181 570 2354 635 fama

298 688 373 733 ac
406 666 660 733 nomine
695 664 1037 743 excellant,
1074 664 1154 730 de
1188 663 1495 748 cuiusque
1529 663 1662 728 vita
1695 674 1886 747 atque
1918 673 2172 743 natura3
2209 685 2350 729 ver·
2393 689 2446 732 οι.

294 762 523 829 borum
549 770 759 825 autem
781 758 943 825 ratio
963 769 1036 823 et
1068 780 1272 844 genus
1301 757 1602 824 orationis
1629 756 1846 822 fusum
1869 768 2058 841 atque
2083 768 2353 823 tractum

296 866 362 921 et
421 876 567 920 cum
624 852 883 919 lenitate
942 852 1238 937 quadam·
1278 850 1592 936 aequabili
1649 851 1970 938 profluens
2035 851 2171 917 sine
2231 850 2353 931 hac

292 947 572 1013 iudiciali
606 947 947 1034 asperitate
1000 957 1065 1012 et
1116 946 1253 1011 sine
1308 944 1761 1011 sententiarum
1805 944 2165 1011 forensibus
2202 966 2352 1011 acu-

293 1042 411 1107 leis
464 1041 974 1129 persequendum
1026 1050 1143 1106 est.
1230 1040 1460 1105 harum
1502 1050 1597 1105 tot
1647 1049 2089 1123 tantarumque
2138 1061 2351 1106 rerum

294 1135 607 1201 videtisne
650 1134 784 1201 ulla
824 1156 971 1201 esse
1013 1145 1381 1222 praecepta,
1435 1156 1598 1217 quae
1631 1134 1699 1199 in
1739 1132 1976 1199 artibus
2026 1132 2352 1199 rhetorum

290 1228 721 1316 reperiantur?
754 1228 822 1294 in
858 1228 1085 1295 eodem
1118 1228 1366 1295 silentio
1401 1228 1603 1293 multa
1637 1227 1761 1292 alia
1794 1238 2114 1293 oratorum
2140 1228 2353 1295 officia

292 1323 647 1403 iacuerunt,
716 1320 1193 1410 [cohortationis
1240 1334 1581 1409 praecepta
1631 1321 2079 1389 consolationis
2133 1322 2351 1390 admo-

292 1416 475 1503 nita,]
514 1438 677 1501 quae
710 1416 1039 1483 tractanda
1082 1427 1230 1481 sunt
1262 1416 1487 1502 omnia·
1511 1415 1953 1493 disertissime,
1991 1416 2107 1481 sed
2138 1415 2349 1482 locum

294 1532 480 1575 suum
514 1510 583 1574 in
615 1509 716 1575 his
753 1510 1021 1588 artibus,
1076 1531 1238 1594 quae
1274 1510 1542 1575 traditae
1578 1520 1754 1587 sunt,
1807 1508 2044 1575 habent
2074 1510 2346 1587 nullum3

294 1614 481 1687 atque
516 1604 584 1667 in
618 1603 741 1669 hoc
787 1626 1024 1691 genere
1058 1602 1169 1667 illa
1220 1624 1470 1687 quoque
1505 1612 1606 1669 est
1653 1601 1898 1667 infinita
1932 1603 2122 1679 silva,
2175 1606 2345 1686 quod.
2386 1627 2440 1667 6⁵

292 1696 525 1762 oratori
558 1696 871 1783 plerique,
924 1706 997 1761 ut
1031 1697 1223 1762 etiam
1258 1694 1537 1763 Crassus
1583 1697 1886 1773 ostendit,
1941 1696 2066 1761 duo
2111 1718 2349 1782 genera

292 1790 376 1854 ad
411 1790 747 1855 dicendum
783 1790 1119 1855 dederunt:
1154 1813 1355 1855 unum
1389 1791 1470 1856 de
1506 1800 1678 1855 certa
1711 1789 2094 1873 definitaque
2131 1810 2344 1863 causa,

290 1884 509 1968 quales
564 1894 740 1963 sunt,
803 1905 966 1968 quae
1018 1885 1086 1949 in
1136 1885 1381 1963 litibus,
1447 1907 1609 1969 quae
1659 1885 1729 1949 in
1791 1883 2346 1949 deliberationibus

288 1990 651 2055 versantur,
696 1978 916 2057 addat,
972 1976 1028 2043 si
1062 1978 1205 2061 quis
1241 1978 1441 2057 volet,
1497 1977 1689 2043 etiam
1722 1976 2144 2056 laudationes3
2191 1976 2348 2043 alte-

284 2094 446 2151 rum,
484 2072 655 2157 quod
680 2072 1002 2159 appellant
1028 2094 1249 2139 omnes
1277 2073 1413 2138 fere
1441 2072 1801 2182 scriptores,
1839 2070 2113 2158 explicat
2135 2092 2344 2150 nemo,

284 2166 597 2231 infinitam
630 2165 882 2253 generis
938 2166 1075 2232 sine
1112 2177 1396 2252 tempore
1441 2176 1506 2232 et
1541 2167 1678 2231 sine
1711 2188 1986 2252 persona
2027 2166 2344 2248 quaestio-

285 2280 434 2324 nem
464 2297 555 2308 —-—-
587 2259 710 2327 hoc
744 2260 897 2346 quid
932 2270 997 2328 et
1032 2270 1337 2372 quantum
1373 2261 1485 2340 sit,
1523 2282 1669 2326 cum
1705 2261 1940 2339 dicunt,
1975 2260 2344 2358 intellegere

285 2351 443 2416 mihi
475 2375 605 2418 non
638 2354 960 2420 videntur.
1007 2357 1063 2420 si
1098 2356 1267 2420 enim
1301 2364 1402 2421 est
1437 2354 1733 2433 oratoris,
1773 2375 2204 2439 quaecumque
2237 2379 2342 2422 res
2387 2381 2443 2422 es

284 2445 527 2511 infinite
568 2446 779 2532 posita
822 2447 933 2525 sit,
986 2449 1067 2513 de
1102 2471 1180 2513 ea
1211 2470 1405 2535 posse
1441 2447 1677 2525 dicere,
1731 2448 2068 2513 dicendum
2111 2449 2231 2512 erit
2265 2448 2343 2526 ei,

286 2550 525 2624 quanta
560 2539 644 2605 sit
678 2539 831 2605 solis
856 2541 1249 2626 magnitudo,
1286 2563 1450 2626 quae
1477 2541 1684 2606 forma
1715 2551 1950 2620 terrae3
1988 2543 2067 2606 de
2101 2541 2346 2606 mathe-

284 2633 563 2712 maticis,
626 2634 707 2699 de
756 2634 1019 2699 musicis
1070 2635 1263 2700 rebus
1323 2657 1455 2700 non
1504 2635 1738 2721 poterit
1788 2637 1941 2718 quin
2004 2635 2172 2701 dicat
2221 2635 2344 2702 hoc

286 2748 477 2793 onere
514 2737 809 2815 suscepto
844 2749 1167 2806 recusare3
1222 2728 1494 2812 denique
1541 2729 1627 2807 ei,
1682 2729 1792 2813 qui
1831 2729 2160 2816 profitetur
2201 2753 2346 2796 esse

286 2843 476 2887 suum
508 2844 639 2887 non
681 2822 891 2888 solum
935 2822 1015 2887 de
1060 2822 1153 2888 eis
1209 2821 1684 2901 controversiis,
1739 2845 1902 2906 quae
1955 2822 2344 2910 temporibus

282 2925 353 2981 et
383 2914 675 3002 personis
720 2926 977 2982 notatae
1032 2925 1209 2994 sunt,
1264 2915 1387 2980 hoc
1433 2927 1560 2994 est,
1615 2916 1696 2981 de
1739 2916 2032 2982 omnibus
2077 2917 2348 2984 forensi-

282 3009 435 3088 bus,
474 3009 589 3075 sed
624 3009 816 3076 etiam
851 3010 931 3076 de
966 3033 1272 3098 generum
1304 3009 1566 3075 infinitis
1601 3010 2076 3094 quaestionibus
2114 3011 2340 3089 dicere,

279 3103 526 3168 nullum
559 3113 772 3190 potest
805 3127 950 3171 esse
984 3127 1187 3190 genus
1216 3103 1539 3182 orationis,
1577 3105 1747 3188 quod
1783 3103 1865 3169 sit
1898 3115 2232 3191 exceptum
2255 3140 2344 3152 --

284 3197 400 3263 sed
436 3199 492 3264 si
524 3199 700 3264 illam
734 3220 985 3283 quoque
1018 3210 1267 3286 partem
1301 3197 1744 3283 quaestionum
1780 3198 2014 3264 oratori
2047 3199 2340 3265 volumus
2378 3190 2453 3302 ἒξ

284 3291 627 3378 adiungere
678 3315 912 3380 vagam
946 3304 1011 3359 et
1042 3293 1308 3359 liberam
1344 3304 1408 3359 et
1440 3292 1568 3358 late
1609 3303 1960 3379 patentem,
2013 3303 2086 3358 ut
2129 3294 2208 3359 de
2241 3315 2342 3359 re-

280 3383 403 3448 bus
438 3384 623 3450 bonis
670 3396 781 3450 aut
812 3387 1027 3464 malis,
1080 3387 1454 3474 expetendis
1499 3396 1610 3452 aut
1651 3386 2001 3474 fugiendis,
2055 3386 2339 3452 honestis

284 3486 397 3541 aut
427 3477 746 3564 turpibus,
799 3479 1059 3545 utilibus
1096 3490 1207 3545 aut
1238 3480 1596 3559 inutilibus,
1635 3481 1715 3547 de
1749 3482 2008 3557 virtute,
2047 3480 2126 3544 de
2159 3479 2340 3544 iusti-

200 3651 205 3656 ·
282 3571 396 3648 tia,
451 3570 531 3636 de
566 3571 978 3651 continentia,
1017 3572 1097 3638 de
1133 3573 1501 3660 prudentia,
1537 3575 1618 3640 de
1651 3573 2088 3662 magnitudine
2125 3572 2340 3650 animi,

278 3665 364 3730 de
395 3665 797 3745 liberalitate,
834 3667 914 3732 de
948 3666 1212 3753 pietate,
1249 3668 1329 3734 de
1364 3668 1656 3747 amicitia,
1695 3669 1774 3734 de
1809 3667 2038 3744 officio,
2077 3666 2158 3731 de
2190 3666 2338 3744 fide,

282 3759 363 3824 de
398 3760 625 3825 ceteris
660 3759 997 3826 virtutibus
1034 3762 1490 3847 contrariisque
1523 3762 1694 3827 vitiis
1733 3762 2071 3827 dicendum
2106 3761 2337 3828 oratori

277 3861 601 3938 putemus3
654 3853 931 3939 itemque
968 3855 1047 3920 de
1079 3877 1150 3921 re
1184 3855 1467 3943 publica,
1513 3856 1646 3921 de
1627 3855 1920 3942 imperiO,
1957 3855 2038 3920 de
2071 3877 2142 3920 re
2175 3853 2338 3918 mili-

279 3945 429 4022 tari,
474 3947 556 4013 de
590 3949 923 4036 disciplina
958 3949 1257 4029 civitatis,
1312 3951 1391 4016 de
1427 3950 1754 4017 hominum
1785 3949 2100 4028 moribus,
2147 3947 2339 4013 adsu-
2416 3953 2420 3957 ’

276 4062 527 4107 mamus
563 4064 705 4108 eam
741 4049 988 4128 quoque
1022 4055 1295 4132 partem,
1335 4044 1452 4110 sed
1485 4044 1602 4123 ita,
1637 4054 1711 4110 ut
1746 4043 1828 4110 sit
1862 4041 2334 4132 circumscripta
