2784 4575
309 409 379 463 68

301 889 380 932 215

303 1547 386 1587 276

417 255 542 320 122
1027 265 1108 322 Μ.
1149 265 1426 324 TULLII
1462 265 1865 322 CICERONIS

414 415 616 479 genus
653 389 778 457 hoc
818 389 1022 456 levius
1076 401 1168 467 et,
1223 401 1294 454 ut
1340 389 1500 467 dixi,
1552 390 1905 469 mimicum,
1960 392 2075 456 sed
2117 391 2312 458 habet
2342 415 2472 458 non

413 507 762 570 numquam
798 484 1036 569 aliquid
1069 485 1262 550 etiam
1315 483 1487 571 apud
1520 505 1639 550 nos
1672 483 1825 563 loci,
1880 494 1954 550 ιιι
1987 487 2091 550 vel
2142 507 2273 552 non
2316 487 2477 551 stul-

415 593 520 646 tus
557 579 742 665 quasi
777 579 968 644 stulte
1013 601 1160 644 cum
1195 578 1330 645 sale
1373 578 1545 643 dicat
1588 578 1853 663 aliquid:
1906 590 1979 644 ut
2012 579 2153 659 tibi,
2206 581 2475 659 Antoni,

413 675 696 752 Mancia,
735 695 880 738 cum
915 673 1200 739 audisset
1233 683 1297 738 te
1333 693 1665 739 censorem
1698 697 1739 737 a
1770 673 1869 738 M.
1896 673 2189 740 Duronio
2226 675 2307 740 de
2342 699 2479 739 am-

413 770 552 834 bitu
584 769 972 856 postulatum
984 815 1004 846 ,
1061 767 1457 852 ‘aliquando'
1512 767 1718 851 inquit
1751 767 1894 832 ‘tibi
1928 779 2108 833 tuum
2148 769 2479 856 negotium

417 886 606 952 agere
667 862 920 929 licebit’
1025 862 1214 930 valde
1265 863 1425 928 haec
1467 863 1751 926 ridentur
1802 873 1869 926 et
1928 861 2184 928 hercule
2242 864 2477 942 omnia,

416 981 579 1044 quae
615 979 656 1023 a
687 957 1104 1047 prudentibus
1139 957 1322 1042 quasi
1353 979 1472 1042 per
1497 956 2064 1024 dissimulationem
2102 954 2260 1042 [non
2292 957 2479 1024 intel-

415 1051 700 1140 legendi]
757 1050 1150 1118 subabsurde
1204 1051 1497 1134 salseque
1550 1050 1860 1116 dicuntur.
1948 1073 2033 1116 ex
2072 1073 2199 1135 quo
2244 1074 2477 1138 genere

419 1158 518 1214 est
551 1147 742 1214 etiam
776 1168 906 1212 non
941 1144 1142 1210 videri
1175 1144 1545 1232 intellegere
1581 1144 1753 1228 quod
1786 1144 2147 1232 intellegas,
2198 1155 2272 1210 ut
2304 1145 2481 1211 Pon-

419 1242 612 1306 tidius
652 1239 933 1324 ‘qualem
957 1238 1305 1316 existimas,
1343 1239 1452 1323 qui
1484 1238 1553 1302 in
1588 1239 1895 1312 adulterio
1922 1237 2477 1326 deprehenditur?

418 1334 755 1400 ‘tarduml'
810 1344 884 1398 ut
926 1355 1076 1419 ego,
1131 1332 1242 1416 qui
1283 1332 1350 1396 in
1396 1333 1627 1398 dilectu
1662 1333 1961 1411 Metello,
2016 1354 2161 1400 oum
2210 1354 2483 1399 excusae-

421 1431 658 1495 tionem
711 1428 1038 1494 oculorum
1073 1452 1113 1492 a
1143 1450 1248 1492 me
1282 1450 1415 1492 non
1458 1427 1775 1513 acciperet
1808 1439 1873 1492 et
1906 1426 2177 1494 dixisset
2227 1435 2327 1493 ‘tu
2358 1429 2483 1514 igi-

420 1534 521 1588 tur
554 1522 712 1587 nihil
765 1521 1010 1586 videsP'
1067 1527 1218 1608 ‘ego
1269 1520 1451 1587 vero’
1504 1521 1765 1606 inquam
1817 1527 1887 1586 ‘a
1926 1531 2113 1607 porta
2142 1522 2483 1607 Esquilina

419 1617 606 1684 video
642 1617 859 1682 villam
893 1626 1068 1681 tuam
1077 1617 1120 1694 ,’
1153 1626 1228 1680 ut
1260 1616 1419 1680 illud
1450 1615 1750 1694 Nasicae,
1786 1617 1895 1700 qui
1928 1636 2074 1680 cum
2110 1617 2193 1680 ad
2224 1622 2483 1703 poe‘tam

417 1713 703 1780 Ennium
752 1711 1037 1778 venisset
1087 1710 1272 1795 eique
1317 1711 1400 1778 ab
1444 1711 1609 1777 ostio
1662 1710 1987 1794 quaerenti
2030 1711 2315 1776 Ennium
2366 1734 2483 1776 an·-

421 1807 568 1872 cilla
599 1807 867 1872 dixisset
918 1805 1092 1870 domi
1124 1827 1254 1870 non
1289 1827 1463 1883 esse,
1516 1803 1754 1870 Nasica
1788 1805 1990 1869 sensit
2032 1804 2207 1871 illam
2240 1805 2485 1870 domini

385 1948 389 1952 -
418 1902 599 1968 iussu
635 1902 872 1966 dixisse
910 1912 974 1966 et
1006 1900 1184 1964 illum
1217 1899 1388 1964 intus
1424 1921 1599 1976 esse3
1634 1899 1854 1985 paucis
1891 1909 2039 1985 post
2072 1899 2296 1964 diebus
2332 1919 2484 1964 cum

304 2394 384 2435 277

319 3024 388 3076 69

309 3990 390 4029 279

421 1997 503 2062 ad
534 1997 835 2062 Nasicam
891 1994 1175 2058 venisset
1217 1993 1468 2057 Ennius
1516 2003 1581 2058 et
1624 2015 1773 2058 eum
1816 2017 1855 2057 a
1894 1993 2089 2058 ianua
2129 2004 2481 2078 quaereret,

420 2090 736 2155 exclamat
766 2087 1002 2154 Nasica
1055 2109 1126 2151 se
1162 2086 1333 2150 domi
1375 2109 1507 2152 non
1559 2109 1732 2164 esse,
1786 2099 1925 2152 tum
1954 2087 2207 2156 Ennius
2258 2087 2485 2173 ‘quid?

419 2205 541 2269 ego
569 2205 698 2248 non
727 2179 1072 2267 cognosco’
1101 2179 1356 2263 inquit‘
1368 2202 1593 2246 vocem
1600 2181 1849 2263 tuam?
1878 2181 1982 2247 hic
1998 2181 2231 2248 Nasica
2256 2179 2478 2246 ‘homo

419 2299 490 2341 es
523 2274 892 2361 impudens·
947 2296 1072 2360 ego
1123 2295 1269 2339 cum
1302 2283 1366 2339 te
1402 2287 1801 2358 quaererem,
1856 2275 2121 2342 ancillae
2157 2285 2301 2341 tuae
2342 2296 2487 2339 cre-

422 2368 554 2434 didi
587 2380 660 2435 te
687 2368 860 2434 domi
892 2391 1022 2433 non
1057 2390 1228 2447 esse,
1274 2379 1346 2433 tu
1379 2368 1535 2433 mihi
1571 2392 1702 2437 non
1738 2370 1943 2435 credis
1978 2370 2169 2456 ipsi?.⁴‚’
2214 2380 2314 2435 est
2344 2368 2486 2435 bel-

417 2465 577 2529 lum
593 2462 753 2527 illud
805 2484 1086 2546 quoque,
1141 2485 1224 2528 ex
1267 2485 1394 2547 quo
1430 2462 1515 2541 is,
1570 2464 1679 2547 qui
1714 2463 1901 2541 dixit,
1954 2462 2321 2529 inridetur
2302 2487 2370 2527 ιιι
2404 2485 2484 2528 eo

417 2560 558 2647 ipso
595 2580 857 2645 genere,
912 2579 1038 2641 quo
1092 2556 1253 2623 dunt
1260 2584 1279 2636 3
1315 2568 1414 2635 ut,
1470 2578 1615 2622 cum
1650 2557 1734 2639 Q.
1774 2557 2073 2644 Opimius
2110 2556 2485 2634 consularis,

419 2653 528 2737 qui
563 2653 1074 2721 adulescentulus
1126 2653 1292 2717 male
1328 2652 1641 2729 audisset,
1695 2652 1925 2718 festivo
1971 2652 2211 2719 homini
2242 2651 2485 2737 Egilio,

421 2748 530 2833 qui
563 2748 883 2814 videretur
919 2747 1168 2813 mollior
1201 2767 1320 2813 nec
1355 2756 1558 2825 esset,
1614 2746 1883 2812 dixisset
1916 2746 2100 2831 ‘quid
2133 2756 2231 2824 tu,
2266 2745 2487 2831 Egilia

422 2842 603 2907 mea?
657 2842 910 2925 quando
949 2841 1032 2905 ad
1073 2862 1178 2905 me
1212 2840 1392 2906 venis
1430 2863 1577 2907 cum
1620 2851 1731 2906 tua
1781 2840 1925 2907 colu
1961 2851 2025 2904 et
2058 2840 2267 2905 lana?
2324 2846 2489 2905 ‘non

419 2934 554 3020 pol’
591 2934 798 3058 inquit
832 2934 1095 3012 ‘,audeo
1149 2958 1300 2999 nam
1333 2956 1438 2999 me
1475 2935 1558 2999 ad
1590 2935 1871 3000 famosas
1909 2934 2111 2999 vetuit
2140 2943 2343 2999 mater
2379 2954 2489 2997 ac-

425 3029 692 3096 cedere.’
785 3030 958 3095 salsa
993 3039 1142 3093 sunt
1191 3029 1413 3107 etiam,
1468 3050 1631 3113 quae
1666 3029 1907 3095 habent
1952 3028 2366 3115 suspitionem
2397 3027 2488 3091 ri-

303 3096 616 3189 mdiouli
665 3122 1134 3199 absconditam,
1189 3145 1313 3207 quo
1347 3123 1416 3186 in
1461 3145 1695 3210 genere
1738 3134 1839 3188 est
1874 3120 2077 3189 Siculi
2118 3122 2302 3199 illud,
2354 3121 2485 3198 cui,

422 3238 568 3284 cum
603 3216 928 3283 familiaris
983 3216 1241 3300 quidam
1293 3228 1661 3300 quereretur
1714 3218 1888 3301 quod
1940 3216 2178 3281 diceret
2217 3236 2485 3281 uxorem

423 3334 606 3377 suam
641 3310 1052 3397 suspendisse
1088 3333 1158 3376 se
1195 3312 1274 3375 de
1307 3310 1463 3389 ficu,
1500 3311 1756 3377 ‘amabo
1792 3311 1905 3390 te,'
1940 3311 2145 3395 inquit
2180 3310 2293 3375 ‘da
2324 3308 2482 3373 mihi

423 3430 506 3473 ex
545 3405 671 3471 ista
723 3406 948 3471 arbore
991 3426 1151 3488 quos
1197 3427 1407 3471 seram
1461 3406 1789 3473 surculos?
1877 3407 1943 3471 in
1989 3406 2214 3473 eodem
2248 3426 2485 3492 genere

423 3510 550 3578 est,
605 3500 777 3584 quod
813 3496 1084 3565 Catulus
1137 3498 1300 3564 dixit
1341 3499 1595 3566 cuidam
1645 3501 1881 3567 oratori
1931 3500 2133 3567 malo:
2184 3499 2295 3584 qui
2337 3519 2484 3565 cum

421 3594 490 3659 in
541 3595 794 3683 epilogo
845 3594 1343 3661 misericordiam
1379 3619 1451 3661 se
1484 3597 1766 3661 movisse
1810 3605 2090 3683 putaret,
2142 3606 2485 3682 postquam

424 3686 700 3766 adsedit,
769 3688 1022 3775 rogavit
1081 3689 1251 3755 hunc
1320 3689 1723 3755 videreturne
1792 3689 2289 3757 misericordiam
2346 3710 2484 3753 mo-

423 3782 626 3861 visse,
673 3788 777 3849 ‘ac
809 3806 1109 3869 magnam
1144 3784 1450 3869 quidem,’
1503 3783 1708 3868 inquit
1743 3784 2090 3849 ‘neminem
2125 3784 2295 3849 enim
2325 3792 2482 3869 puto

425 3900 570 3945 esse
605 3888 737 3943 tam
789 3878 1043 3957 durum,
1097 3880 1200 3944 cui
1233 3902 1362 3944 non
1398 3879 1599 3945 oratio
1642 3890 1754 3945 tua
1787 3880 2149 3945 miseranda
2182 3879 2323 3943 visa
2357 3875 2477 3942 sit.’

425 3992 528 4035 me
563 3972 820 4052 quidem
861 3973 1116 4040 hercule
1151 3974 1344 4039 etiam
1384 3974 1497 4038 illa
1536 3975 1727 4040 valde
1769 3985 2029 4040 movent
2078 3972 2485 4040 stomachosa

427 4070 491 4123 et
523 4063 706 4143 quasi
759 4065 1134 4133 submorosa
1183 4066 1475 4145 ridicula,
1530 4089 1675 4132 cum
1716 4090 1847 4135 non
1882 4091 1921 4133 a
1953 4089 2207 4133 moroso
2260 4065 2485 4131 dicun-
