2784 4575
25 3470 37 3495 3·
25 3381 39 3459 ''¹-

957 271 1276 328 ORATOR
1310 273 1547 328 40-48.
2152 261 2281 330 287

335 360 661 484 Quoniam
695 396 817 464 tria
850 395 1126 462 videnda
1162 406 1310 461 sunt
1345 395 1606 473 oratori,
1661 353 1816 481 quid
1849 397 2021 464 dicat
2053 407 2119 475 et
2152 421 2275 484 quo
2310 399 2385 456 14

219 495 495 582 quidque
545 493 687 559 loco
731 502 797 557 et
838 498 964 576 quo
1017 490 1236 569 modo,
1291 489 1633 555 dicendum
1684 491 1939 558 omnino
1985 503 2086 558 est
2127 473 2377 578 quid⁴⁸

219 590 304 655 sit
345 588 656 676 optimum
715 586 782 651 in
827 584 1121 672 singuliS,
1189 583 1308 649 sed
1359 583 1683 668 aliquanto
1738 607 1923 652 secus
1976 596 2167 671 atque
2216 587 2285 653 in

219 682 527 748 tradenda
579 691 714 746 arte
765 678 892 744 dici
944 679 1132 744 solet.
1212 677 1388 746 nulla
1440 687 1781 766 praecepta
1812 701 2147 766 ponemus,
2196 715 2286 730 —-·
2360 761 2363 764 ἢ

217 798 426 860 neque
462 773 631 840 enim
665 773 735 838 id
770 771 1166 860 suscepimus
1191 807 1282 818 —-
1317 771 1434 837 sed
1484 771 1852 850 excellentis
1890 771 2285 860 eloquentiae

217 869 498 956 speciem
532 879 598 934 et
631 867 905 934 formam
951 865 1501 942 adumbrabimus3
1555 886 1675 931 nec
1710 865 1939 950 quibus
1981 868 2173 934 rebus
2210 891 2289 936 ea

217 973 506 1051 paretur,
558 965 981 1048 exponemus,
1020 960 1136 1025 sed
1171 959 1375 1043 qualis
1411 959 1597 1025 nobis
1634 982 1779 1026 esse
1812 959 2120 1027 videatur.
2210 984 2285 1028 ac

154 1103 160 1107 -
219 1058 348 1124 duo
383 1055 661 1121 breviter
693 1053 926 1140 prima3
964 1063 1112 1118 sunt
1147 1053 1317 1119 enim
1341 1075 1471 1119 non
1498 1065 1629 1118 tam
1661 1053 1937 1140 insignia
1971 1054 2054 1119 ad
2086 1056 2289 1123 maxi-

219 1142 394 1216 mam
426 1148 682 1214 laudem
709 1170 900 1232 quam
927 1147 1288 1213 necessaria
1315 1158 1378 1212 et
1406 1157 1619 1213 tamen
1654 1169 1801 1212 cum
1834 1147 2047 1213 multis
2081 1169 2287 1235 paene

221 1242 609 1312 communia:
679 1263 831 1306 nam
891 1251 956 1306 et
1026 1240 1310 1306 invenire
1381 1253 1448 1306 et
1515 1241 1793 1306 iudicare
1866 1240 2019 1326 quid
2087 1243 2285 1323 dicas,

219 1361 457 1425 magna
488 1338 600 1402 illa
633 1336 892 1422 quidem
929 1347 1079 1402 sunt
1114 1348 1179 1402 et
1213 1347 1539 1420 tamquam
1584 1336 1777 1402 animi
1810 1335 2013 1402 instar
2044 1335 2113 1403 in
2146 1359 2287 1404 cor-

220 1455 402 1520 pore,
465 1430 581 1497 sed
631 1428 887 1518 propria
936 1430 1144 1517 magis
1195 1427 1571 1517 prudentiae
1625 1451 1817 1514 quam
1867 1431 2284 1516 eloquentiae.

227 1523 384 1614 [qua
421 1537 634 1590 tamen
667 1524 737 1589 in
773 1545 968 1590 causa
1019 1535 1119 1590 est
1171 1545 1373 1590 vacua
1425 1523 1824 1612 prudentia?]
1872 1526 2119 1592 noverit
2167 1525 2289 1614 igi-

221 1631 326 1684 tur
359 1618 464 1684 hic
509 1617 765 1702 quidem
818 1627 1057 1696 orator,
1111 1639 1301 1702 quem
1357 1615 1706 1704 [summum
1741 1618 1914 1706 esse]
1971 1619 2285 1698 volumus,

224 1724 744 1800 argumentorum
779 1722 844 1778 et
893 1713 1213 1778 rationum
1256 1713 1463 1779 locos:
1518 1735 1669 1778 nam
1708 1709 2063 1800 [quoniam]
2112 1713 2289 1797 quic-

223 1806 380 1890 quid
422 1818 540 1886 est‚
584 1807 757 1891 quod
797 1807 865 1871 in
911 1807 1340 1873 controversia
1375 1818 1485 1872 aut
1525 1807 1593 1872 in
1638 1807 2038 1873 contentione
2074 1829 2291 1874 verse-

223 1911 355 1978 tur,
408 1901 474 1966 in
511 1923 588 1966 eo
625 1912 736 1966 aut
772 1901 936 1966 sitne
973 1911 1083 1966 aut
1125 1900 1279 1984 quid
1316 1901 1400 1966 sit
1434 1912 1545 1966 aut
1587 1900 1775 1985 quale
1812 1901 1896 1966 sit
1938 1901 2286 1985 quaeritur-3

136 2054 142 2058 .
227 1995 410 2074 sitne,
451 1995 650 2082 signis
663 2021 684 2074 ;
722 1995 876 2080 quid
911 1995 1013 2073 sit,
1051 1994 1553 2074 definitionibus3
1592 1995 1779 2079 quale
1816 1995 1917 2072 sit,
1952 1994 2110 2060 recti
2142 2018 2291 2082 pra-

224 2089 414 2172 vique
449 2089 769 2176 partibus3
824 2088 1056 2173 quibus
1092 2100 1162 2154 ut
1195 2089 1289 2154 uti
1323 2089 1532 2176 possit
1565 2100 1804 2166 orator,
1849 2111 1980 2154 non
2012 2088 2119 2153 ille
2153 2089 2291 2154 vol-

225 2181 427 2268 gariS,
477 2183 593 2247 sed
629 2182 732 2247 hic
777 2183 1124 2260 excellens,
1171 2206 1210 2248 a
1241 2181 1515 2270 propriis
1558 2182 1950 2269 personis-et
1992 2182 2291 2269 tempori-

225 2277 348 2340 bus
403 2298 682 2361 semper,
751 2273 838 2361 [si
888 2271 1156 2363 potest,]
1224 2287 1451 2344 avocet
1510 2276 2035 2355 controversiam3
2100 2275 2288 2344 latius

226 2368 395 2437 enim
433 2368 513 2433 de
550 2390 783 2454 genere
821 2390 1011 2452 quam
1045 2370 1125 2435 de
1159 2381 1340 2456 parte
1377 2371 1732 2456 disceptare
1767 2370 1917 2436 licet
1926 2397 1945 2449 ;
1980 2380 2080 2449 ut,
2118 2369 2291 2454 quod

225 2462 295 2527 in
328 2461 625 2527 universo
663 2462 746 2526 sit
779 2464 1144 2548 probatum,
1179 2464 1248 2527 id
1280 2463 1348 2527 in
1379 2474 1561 2548 parte
1598 2464 1681 2528 sit
1713 2465 1969 2550 probari
2003 2484 2287 2529 necesse.

228 2555 387 2621 haec
421 2555 613 2642 igitur
649 2554 936 2637 quaestio
973 2578 1011 2620 a
1043 2556 1316 2642 propriis
1351 2556 1643 2641 personis
1682 2568 1746 2621 et
1780 2556 2169 2643 temporibus
2208 2556 2291 2620 ad

227 2648 510 2714 universi
554 2648 806 2735 generis
858 2648 1169 2713 rationem
1213 2649 1504 2713 traducta
1554 2648 1905 2737 appellatur
1948 2652 2173 2725 θέσιςε
2224 2650 2292 2713 in

229 2742 352 2807 hac
384 2742 769 2808 Aristoteles
825 2740 1248 2807 adulescentis
1298 2765 1430 2807 non
1484 2742 1566 2806 ad
1600 2741 2121 2829 philosophorum
2155 2765 2294 2808 mo-

227 2859 365 2903 rem
426 2836 699 2902 tenuiter
761 2835 1144 2913 disserendi,
1210 2836 1326 2900 sed
1387 2835 1470 2901 ad
1532 2835 1780 2921 copiam
1839 2834 2164 2901 rhetorum
2223 2834 2293 2901 in

228 2941 562 3014 utramque
621 2940 870 3017 partem
928 2926 1028 3015 [ut
1078 2928 1360 2994 ornatius
1412 2939 1479 2995 et
1526 2928 1783 2994 uberius
1848 2928 1970 2994 dici
2023 2927 2287 3017 possit,]

230 3025 540 3103 exercuit3
594 3023 889 3108 idemque
943 3023 1118 3088 locos
1161 3058 1250 3070 —-
1293 3022 1384 3087 sic
1438 3024 1607 3088 enim
1659 3023 1940 3132 appellat
1978 3058 2066 3070 —-
2109 3024 2292 3106 quasi

231 3126 752 3205 argumentorum
802 3128 987 3183 notas
1042 3115 1328 3194 tradidit,
1380 3116 1549 3183 unde
1601 3116 1807 3182 omnis
1851 3116 1919 3182 in
1960 3127 2289 3201 utramque

2331 2585 2389 2625 46

230 3223 477 3298 partem
512 3212 866 3277 traheretur
901 3210 1122 3277 oratio.
1210 3209 1403 3275 faciet
1434 3209 1627 3295 igitur
1661 3210 1765 3276 hic
1798 3222 2014 3277 noster
2038 3246 2128 3260 -—
2159 3234 2287 3277 non
2326 3210 2395 3263 15
2460 3190 2463 3197 ¹

230 3304 403 3369 enim
437 3306 925 3373 declamatorem
962 3305 1236 3390 aliquem
1272 3304 1352 3369 de
1385 3304 1536 3369 ludo
1572 3316 1681 3370 aut
1706 3306 1995 3370 rabulam
2022 3307 2101 3370 de
2128 3305 2289 3383 for0,

235 3397 353 3462 sed
379 3398 815 3463 doctissimum
843 3410 908 3464 et
933 3397 1466 3485 perfectissimum
1491 3400 1851 3481 quaerimus
1869 3435 1957 3447 --
1973 3409 2062 3476 ut,
2092 3420 2291 3482 quon-

233 3489 362 3555 iam
393 3491 520 3558 loci
563 3491 718 3557 certi
771 3494 1133 3569 traduntur,
1185 3502 1511 3579 percurrat
1554 3494 1791 3571 omnis,
1840 3503 2052 3558 utatur
2106 3492 2292 3578 aptis,

117 3629 120 3631 v
234 3585 585 3673 generatim
619 3585 818 3664 dicat3
877 3584 988 3673 [ex
1023 3608 1148 3671 quo
1185 3597 1483 3651 emanant
1518 3586 1735 3664 etiam,
1781 3588 1891 3671 qui
1924 3608 2290 3653 communes

236 3682 633 3791 appellantur
683 3678 856 3767 loci.]
946 3703 1066 3747 nec
1099 3703 1251 3747 vero
1305 3692 1517 3746 utetur
1568 3681 2000 3768 imprudenter
2029 3681 2149 3745 hac
2188 3703 2293 3747 co-

237 3777 372 3863 pia,
429 3773 575 3862 [sed
610 3776 824 3842 omnia
876 3776 1192 3885 expendet
1227 3786 1292 3842 et
1327 3775 1552 3862 seliget
1563 3772 1611 3863 ,]
1672 3798 1802 3841 non
1838 3775 2007 3841 enim
2042 3789 2295 3862 semper

233 3890 354 3935 nec
404 3870 472 3934 in
525 3870 818 3935 omnibus
877 3870 1088 3935 causis
1145 3892 1228 3935 ex
1281 3868 1523 3934 eisdem
1585 3880 2097 3979 argumentorum
2156 3892 2293 3935 mo—

2331 3283 2387 3323 4⁷

232 3973 448 4026 menta
484 3974 659 4029 sunt·
695 3963 997 4028 iudicium
1029 3962 1222 4049 igitur
1260 3962 1584 4028 adhibebit
1617 3984 1737 4029 nec
1770 3962 2049 4028 inveniet
2086 3962 2290 4028 solum
2332 3989 2389 4031 4⁸

233 4055 388 4139 quid
423 4055 620 4136 dicat,
675 4058 790 4123 sed
826 4057 1017 4123 etiam
1061 4056 1405 4144 expendet3
1461 4056 1617 4121 nihil
1660 4056 1847 4122 enim·
1881 4068 1981 4123 est
2020 4056 2287 4123 feracius
