2784 4575
424 256 557 323 200
1042 266 1123 321 Μ.
1156 264 1426 323 TULLII
1459 262 1862 321 CICERONIS

424 404 502 458 ut
542 389 871 479 explicatis
916 388 1242 455 ordinibus
1288 398 1648 473 temporum
1691 408 1819 453 uno
1860 386 1929 451 in
1971 397 2314 475 conspectu
2349 411 2484 453 om-

426 486 537 553 nia
570 486 880 565 viderem3
924 504 1089 568 quae
1124 503 1270 547 cum
1305 480 1590 547 studiose
1623 490 1895 547 tractare
1929 481 2309 567 coepissem,
2343 482 2484 570 ipsa

426 580 586 647 mihi
618 580 908 646 tractatio
952 577 1302 643 litterarum
1346 588 1593 641 tuarum
1635 574 1929 641 salutaris
1964 576 2088 641 fuit
2129 577 2492 643 admonuit·-

431 698 583 761 que,
634 672 982 762 Pomponi,
1034 681 1109 736 ιιι
1142 694 1183 736 a
1216 681 1279 735 te
1311 669 1458 756 ipso
1503 691 1821 735 sumerem
1861 668 2100 753 aliquid
2133 670 2218 735 ad
2247 693 2354 737 me
2387 693 2494 737 re-

428 768 771 835 ficiendum
805 779 993 852 teque
1026 763 1559 831 remunerandum
1594 763 1652 829 si
1681 786 1814 829 non
1853 765 2020 851 pari,
2073 774 2141 829 at
2173 774 2358 853 grato
2395 775 2496 831 ta·

428 886 579 929 men
640 884 929 940 munere,
912 887 928 902 ·
994 880 1379 945 quamquam
1438 857 1598 922 illud
1650 856 2034 923 Hesiodium
2093 856 2392 923 laudatur
2453 883 2494 923 a

433 956 665 1033 doctis,
702 954 874 1040 quod
910 954 1134 1019 eadem
1166 974 1468 1017 mensura
1497 951 1763 1017 reddere
1797 950 1972 1017 iubet
2005 973 2134 1036 qua
2165 952 2494 1039 acceperis

356 1077 409 1116 ισ
436 1061 545 1115 aut
578 1050 771 1117 etiam
806 1047 1253 1133 cumulatiore,
1298 1046 1355 1111 si
1386 1045 1628 1131 possis:
1683 1068 1805 1133 ego
1841 1056 2053 1111 autem
2097 1046 2492 1112 voluntatem

433 1144 547 1210 tibi
596 1144 885 1231 profecto
944 1140 1269 1218 remetiar,
1333 1139 1483 1205 sed·
1498 1162 1637 1204 rem
1695 1138 1906 1226 ipsam
1963 1140 2246 1205 nondum
2297 1163 2498 1228 posse

430 1238 678 1316 videor3
712 1236 945 1325 idque
938 1247 1009 1299 ut
1040 1234 1370 1321 ignoscas,
1409 1256 1448 1299 a
1481 1243 1546 1298 te
1578 1244 1758 1321 peto;
1811 1255 1931 1299 nec
1964 1234 2132 1299 enim
2167 1256 2249 1299 ex
2285 1236 2498 1313 novis,

428 1342 501 1395 ut
535 1330 849 1417 agricolae
886 1316 1118 1408 solent,
1153 1326 1466 1393 fructibus
1503 1338 1630 1405 est,
1663 1327 1836 1393 unde
1869 1328 1986 1393 tibi
2017 1328 2284 1393 reddam
2319 1328 2496 1413 quod

431 1423 679 1511 accepi3
743 1423 836 1489 sic
888 1422 1092 1488 omnis
1146 1423 1315 1488 fetus
1376 1443 1708 1509 repressus
1771 1434 1859 1487 est
1917 1433 2310 1506 exustasque
2373 1422 2496 1488 flos

433 1518 539 1584 siti
574 1518 804 1584 veteris
850 1516 1155 1583 ubertatis
1190 1516 1464 1594 exaruit,
1507 1536 1630 1581 nec
1663 1537 1746 1581 ex
1787 1516 2086 1595 conditis,
2132 1516 2240 1601 qui
2284 1516 2497 1582 iacent

428 1614 499 1677 in
526 1611 801 1679 tenebris
830 1621 891 1677 et
919 1612 999 1677 ad
1038 1633 1197 1696 quos
1234 1610 1439 1676 omnis
1475 1609 1660 1675 nobis
1688 1608 1916 1687 aditus,
1952 1610 2062 1693 qui
2095 1631 2299 1694 paene
2337 1609 2497 1675 solis

428 1698 662 1794 patuit,
717 1707 1081 1772 obstructus
1135 1713 1263 1770 est:
1318 1726 1605 1769 seremus
1649 1702 1842 1789 igitur
1889 1701 2126 1787 aliquid
2167 1714 2496 1788 tamquam

428 1801 497 1865 in
532 1801 768 1867 inculto
804 1811 869 1865 et
904 1798 1203 1865 derelicto
1248 1797 1415 1876 solo,
1463 1798 1636 1882 quod
1677 1797 1770 1861 ita
1811 1797 2148 1884 diligenter
2183 1797 2496 1876 colemus,

428 1904 503 1958 ut
535 1891 871 1983 impendiis
908 1892 1100 1961 etiam
1132 1914 1367 1979 augere
1392 1891 1714 1979 possimus
1747 1890 2106 1977 largitatem
2141 1892 2234 1956 tui
2267 1915 2496 1958 mune-

429 1990 547 2067 ris3
583 1988 774 2054 modo
790 1987 961 2052 idem
977 1996 1193 2053 noster
1210 1984 1458 2051 animus
1489 1986 1740 2051 efficere
1765 1984 1972 2072 possit
1997 1986 2170 2070 quod
2187 2008 2363 2073 ager,
2385 1986 2494 2071 qui

434 2104 581 2146 cum
612 2081 844 2146 multos
883 2103 1082 2145 annos
1122 2077 1379 2164 quievit,
1423 2079 1746 2147 uberiores
1775 2079 2002 2145 efferre
2035 2080 2254 2166 fruges
2285 2080 2490 2145 solet?

354 2196 405 2236 ιτ
434 2187 569 2239 ιιιιιι
602 2174 708 2239 ille
745 2179 896 2259 ‘ego
932 2196 1083 2239 vero
1121 2184 1185 2239 et
1220 2175 1603 2261 exspectabo
1639 2196 1743 2251 ea,
1789 2196 1951 2257 quae
1984 2173 2334 2260 polliceris,
2369 2195 2492 2239 nec

433 2266 687 2354 exigam
719 2266 843 2332 nisi
878 2278 987 2334 tuo
1024 2268 1353 2335 commodo
1390 2279 1456 2333 et
1489 2277 1674 2334 erunt
1711 2266 1866 2332 mihi
1899 2278 2223 2354 pergrata,
2270 2268 2329 2333 si
2365 2267 2494 2335 sol-

432 2361 620 2426 veris.
624 2361 641 2389 '
730 2360 911 2425 ‘mihi
946 2364 1222 2446 quoque'
1290 2360 1497 2446 inquit
1534 2361 1778 2426 Brutus
1840 2361 2301 2448 ‘exspectanda
2345 2373 2496 2427 sunt

432 2478 539 2534 ea,
594 2477 755 2540 quae
790 2455 1008 2520 Attico
1060 2455 1407 2542 polliceris,
1467 2455 1588 2520 etsi
1637 2455 1908 2520 fortasse
1952 2477 2074 2541 ego
2109 2479 2150 2520 a
2191 2465 2256 2521 te
2299 2455 2491 2521 huius

433 2549 823 2614 voluntarius
857 2560 1229 2636 procurator
1272 2558 1517 2634 petam,
1571 2547 1802 2631 quod
1781 2569 1947 2635 ipse,
2001 2548 2103 2612 oui
2139 2548 2366 2628 debes,
2421 2572 2498 2614 se

354 2633 833 2773 ssincommodo
888 2655 989 2708 tuo
1052 2653 1421 2708 exacturum
1481 2642 1725 2728 negat)
1833 2647 1929 2706 ‘at
1987 2641 2168 2708 vero'
2229 2642 2496 2727 inquam

436 2737 579 2802 ‘tibi
614 2761 766 2824 ego,
799 2737 1031 2816 Brute,
1068 2760 1200 2803 non
1234 2735 1511 2813 solvam,
1549 2735 1675 2800 nisi
1708 2735 1882 2823 prius
1921 2760 1961 2802 a
1995 2748 2056 2802 te
2092 2759 2321 2803 cavero
2357 2762 2500 2803 am-

431 2830 600 2958 plius
636 2853 713 2896 eo
757 2830 1012 2896 nomine
1056 2828 1404 2906 neminem,
1451 2829 1630 2894 cuius
1681 2830 1902 2916 petitio
1949 2831 2060 2908 sit,
2101 2831 2491 2917 petiturum?

431 2931 590 2987 ‘non
638 2921 1023 2990 mehercule’
1076 2922 1283 3006 inquit
1342 2922 1488 2989 ‘tibi
1543 2923 1976 3010 repromittere
2021 2924 2185 2990 istuc
2231 2925 2494 3010 quidem

431 3015 659 3094 ausim3
746 3041 897 3084 nam
957 3018 1155 3094 hunc,
1227 3019 1337 3103 qui
1386 3029 1610 3106 negat,
1684 3016 1871 3083 video
1904 3017 2324 3104 flagitatorem
2357 3042 2492 3084 non

429 3110 608 3174 illum
659 3110 915 3195 quidem
968 3109 1083 3174 tibi
1144 3110 1514 3190 molestum,
1585 3111 1702 3176 sed
1763 3111 2100 3176 adsiduum
2160 3122 2368 3176 tamen
2417 3123 2484 3176 et

432 3226 641 3270 acrem
675 3204 851 3271 fore?
923 3213 1057 3270 tum
1088 3204 1484 3291 Pomponius
1535 3211 1686 3289 ‘ego
1720 3204 1899 3270 vero’
1943 3205 2148 3288 inquit
2184 3205 2488 3271 ‘Brutum

428 3297 586 3364 nihil
618 3297 869 3364 mentiri
902 3307 1087 3385 puto,
1140 3299 1359 3364 videor
1394 3298 1565 3363 enim
1607 3298 1736 3362 iam
1771 3309 1834 3363 te
1881 3321 2151 3365 ausurus
2197 3320 2340 3364 esse
2373 3321 2493 3386 ap-

427 3391 695 3479 pellare,
741 3390 1039 3475 quoniam
1070 3391 1265 3479 longo
1301 3391 1633 3456 intervallo
1667 3390 1859 3457 modo
1892 3391 2167 3477 primum
2202 3391 2496 3457 animad-

350 3513 403 3554 ιο
430 3485 591 3552 verti
649 3486 843 3574 paulo
904 3496 966 3551 te
1025 3485 1414 3564 hilariorem3
1485 3485 1726 3569 itaque,
1789 3485 2089 3570 quoniam
2149 3485 2252 3551 hic
2314 3486 2490 3570 quod

427 3579 585 3644 mihi
638 3578 929 3656 debetur,
996 3601 1065 3644 se
1118 3589 1486 3667 exacturum
1541 3579 1872 3666 professus
1927 3589 2054 3658 est,
2116 3580 2286 3664 quod
2339 3578 2494 3644 huic

428 3673 654 3750 debes,
700 3694 821 3760 ego
858 3695 897 3738 a
930 3681 993 3738 te
1026 3672 1218 3759 peto?
1308 3673 1610 3755 quidnam
1641 3671 1775 3737 id?'
1828 3672 2107 3758 inquam.
2197 3678 2298 3738 ‘ut
2333 3671 2494 3737 scri-

424 3766 573 3833 bas’
617 3766 820 3852 inquit
874 3765 1168 3850 ‘aliquid3
1220 3765 1594 3852 iampridem
1645 3765 1814 3832 enim
1857 3767 2293 3832 conticuerunt
2337 3777 2494 3832 tuae

426 3859 701 3926 litterae:
756 3883 905 3924 nam
941 3870 1012 3924 ut
1044 3859 1187 3926 illos
1226 3859 1306 3924 de
1338 3883 1410 3925 re
1451 3859 1709 3946 publica
1749 3860 1946 3927 libros
1991 3859 2272 3938 edidisti,
2325 3859 2488 3924 nihil

432 3975 472 4015 a
505 3962 568 4016 te
605 3973 758 4016 sane
792 3962 1018 4038 postea
1053 3953 1443 4038 accepimus3
1490 3953 1708 4038 eisque
1750 3964 2002 4021 nosmet
2032 3953 2156 4042 ipsi
2191 3953 2274 4018 ad
2308 3963 2490 4018 vete-

428 4063 575 4103 rum
616 4064 825 4106 rerum
858 4055 1217 4110 nostrarum
1256 4047 1626 4114 memoriam
1673 4046 2327 4134 comprehendendam
2362 4046 2488 4110 im-
