2784 4575
440 267 524 334 86
931 277 1347 334 CORNIFICII
1380 275 2001 334 RHETORICORUM

444 403 768 490 diligentia
810 400 1112 486 consequi
1157 413 1413 467 senatus
1467 401 1883 478 voluntatem3
1937 399 2159 485 populi
2210 409 2310 464 est
2350 399 2496 464 offi—

443 498 612 562 cium
645 519 748 561 res
793 495 1063 581 optimas
1099 506 1166 560 et
1204 495 1493 560 homines
1545 495 1807 560 idoneos
1850 493 2125 557 maxime
2170 493 2303 556 suis
2350 515 2495 557 sen-

443 590 654 656 tentiis
700 591 977 676 deligere
1020 600 1085 655 et
1124 588 1435 675 probare!
1524 593 1691 655 itm:
1748 587 2159 652 ‘accusatoris
2214 585 2497 650 officium

443 697 543 755 est
599 686 832 750 inferre
896 684 1158 748 crimina
1165 709 1184 763 3
1258 683 1609 749 defensoris
1670 683 1908 748 diluere
1970 691 2036 746 et
2091 679 2462 767 propulsare
2474 681 2520 756 3'

441 780 623 846 testis
652 779 878 856 dicere,
917 800 1078 863 quae
1107 778 1266 843 sciat
1300 788 1411 842 aut
1444 777 1727 854 audierit3
1765 775 2137 861 quaesitoris
2166 785 2266 840 est
2298 795 2497 838 unum

443 895 756 960 quemque
783 873 1010 938 horum
1034 871 1103 935 in
1128 871 1336 936 officio
1365 894 1481 936 suo
1508 871 1855 936 continere:
1893 892 2019 954 qua
2041 891 2131 947 re,
2167 869 2252 934 L.
2284 865 2495 945 Cassi,

445 967 502 1034 si
535 978 784 1045 testem,
819 975 1263 1052 praeterquam
1297 965 1470 1048 quod
1504 964 1663 1030 sciat
1697 975 1805 1028 aut
1839 962 2122 1040 audierit,
2160 984 2497 1049 argumen-

445 1062 567 1127 tari
601 1071 668 1126 et
699 1060 1124 1125 coniecturam
1150 1059 1447 1144 persequi
1480 1058 1759 1144 patieris,
1795 1058 1895 1122 ius
1932 1057 2315 1124 accusatoris
2353 1077 2496 1120 cum

441 1156 580 1222 iure
623 1153 966 1218 testimonii
1017 1152 1484 1230 commiscebis‚
1536 1152 1717 1217 testis
1768 1151 2039 1238 improbi
2091 1150 2496 1236 cupiditatem

445 1245 866 1324 confirmabis,
901 1269 1012 1312 reo
1039 1246 1354 1332 duplicem
1381 1245 1815 1311 defensionem
1840 1244 2133 1333 parabis?
2205 1254 2306 1308 est
2339 1243 2498 1308 haec

447 1340 772 1406 exornatio
835 1340 1119 1426 copiosa3
1184 1339 1658 1426 comprehendit
1720 1339 1889 1404 enim
1939 1337 2118 1404 brevi
2175 1339 2375 1402 multa
2434 1348 2498 1402 et

447 1456 634 1498 suum
667 1433 780 1520 uni
815 1433 1039 1516 cuique
1085 1432 1368 1498 tribuens
1423 1433 1703 1499 officium
1746 1431 2085 1520 separatim
2126 1453 2230 1496 res
2275 1430 2497 1496 dividit

445 1527 666 1613 pluris.

255 1665 258 1668 -
340 1617 411 1671 36
571 1621 867 1688 Licentia
901 1633 1024 1700 est,
1072 1644 1218 1686 cum
1253 1623 1426 1709 apud
1458 1644 1597 1700 eos,
1644 1644 1803 1730 quo-s
1840 1630 1952 1685 aut
1984 1619 2188 1685 vereri
2223 1631 2333 1685 aut
2362 1642 2499 1684 me-

377 1689 620 1781 8tuere
666 1717 969 1782 debemus
982 1763 1000 1794 ,
1055 1726 1269 1782 tamen
1321 1715 1560 1800 aliquid
1598 1737 1716 1802 pro
1760 1715 1895 1778 iure
1938 1723 2155 1779 nostro
2208 1712 2493 1791 dicimus,

445 1831 569 1894 quo
613 1832 722 1875 eos
772 1821 881 1874 aut
932 1831 1092 1893 quos
1137 1810 1197 1874 ei
1239 1809 1537 1895 diligunt,
1592 1808 1865 1892 aliquo
1845 1832 1914 1871 m
1952 1818 2161 1873 errato
2207 1829 2356 1872 vere
2399 1827 2497 1872 re—

442 1903 834 1988 prehendere
885 1902 1242 1980 videamur,
1305 1901 1428 1967 hoc
1478 1902 1696 1967 modo:
1760 1901 2127 1979 ‘miramini,
2194 1899 2496 1982 Quirites,

445 1997 618 2081 quod
651 1997 732 2060 ab
769 1996 1062 2062 omnibus
1098 2005 1348 2061 vestrae
1380 1995 1659 2061 rationes
1696 1996 2100 2062 deserantur?
2146 1995 2317 2078 quod
2352 2017 2498 2060 cau-

447 2111 584 2154 sam
627 2099 903 2154 vestram
949 2111 1138 2154 nemo
1183 2089 1525 2175 suscipiat?
1591 2090 1764 2173 quod
1808 2112 1876 2154 se
1918 2111 2106 2155 nemo
2152 2089 2347 2153 vestri
2391 2089 2499 2153 de-

446 2183 766 2247 fensorem
798 2183 1203 2292 profiteatur?
1261 2183 1332 2248 id
1363 2182 1617 2248 tribuite
1651 2194 1899 2249 vestrae
1936 2183 2186 2269 culpae,
2233 2183 2499 2247 desinite

445 2275 677 2341 mirari.
767 2266 920 2361 quid
955 2286 1053 2342 est
1087 2277 1282 2356 enim,
1329 2300 1454 2361 qua
1486 2300 1557 2342 re
1592 2300 1722 2342 non
1755 2300 1974 2343 omnes
2009 2276 2198 2341 istam
2231 2298 2368 2342 rem
2400 2275 2501 2340 fu-

446 2391 599 2455 gere
653 2391 728 2435 ac
778 2371 978 2436 vitare
1030 2370 1342 2435 debeant?
1434 2371 1878 2447 recordamini,
1942 2392 2101 2453 quos
2154 2369 2499 2435 habueritis

447 2464 814 2531 defensores
825 2490 844 2543 3
899 2465 1110 2531 studia
1161 2488 1382 2531 eorum
1432 2465 1615 2531 vobis
1668 2474 1815 2529 ante
1867 2464 2083 2530 oculos
2139 2463 2469 2551 proponite
2478 2489 2499 2541 3

446 2558 674 2625 deinde
717 2559 925 2625 exitus
981 2558 1262 2624 omnium
1306 2559 1731 2625 consideratez
1786 2568 1921 2623 tum
1964 2558 2146 2622 vobis
2190 2558 2404 2622 veniat
2434 2555 2503 2620 in
2620 2627 2629 2631 ,

444 2661 749 2730 mentem,
803 2662 877 2717 ut
911 2674 1061 2717 vere
1096 2651 1329 2730 dicam,
1387 2650 1795 2738 neglegentia
1831 2660 2044 2715 vestra
2079 2649 2212 2715 sive
2247 2648 2505 2735 ignavia

443 2746 657 2856 potius
709 2746 852 2811 illos
908 2746 1113 2811 omnis
1169 2756 1314 2811 ante
1363 2745 1583 2811 oculos
1637 2755 1883 2809 vestros
1938 2744 2285 2809 trucidatos
2338 2766 2501 2820 esse,

444 2839 730 2905 inimicos
777 2862 996 2906 eorum
1038 2840 1266 2906 vestris
1323 2840 1644 2926 suffragiis
1689 2838 1757 2903 in
1792 2838 2251 2924 amplissimum
2294 2837 2505 2903 locum

443 2932 849 3018 pervenisse-⁹
937 2932 1118 2998 item.
1175 2939 1352 2999 ‘nam
1406 2934 1559 3018 quid
1610 2933 1757 3010 fuit,
1810 2932 2080 3011 iudices,
2138 2954 2263 3015 qua
2316 2954 2385 2996 re
2436 2931 2505 2996 in

449 3025 774 3091 sententiis
819 3027 1097 3092 ferendis
1151 3028 1585 3094 dubitaveritis
1634 3038 1743 3093 aut
1785 3028 1979 3093 istum
2030 3028 2350 3092 hominem
2392 3049 2505 3091 ne-

445 3119 676 3183 farium
711 3099 1196 3206 ampliaveritis?
1257 3144 1386 3187 non
1424 3122 1860 3208 apertissimae
1893 3143 1997 3186 res
2034 3131 2213 3185 erant
2258 3119 2504 3183 crimini

447 3213 669 3279 datae?
735 3236 866 3279 non
900 3236 1119 3280 omnes
1155 3216 1276 3281 hae
1319 3217 1590 3281 testibus
1639 3215 2119 3302 comprobatae?
2188 3234 2317 3279 non
2353 3235 2506 3278 con-

445 3316 545 3373 tra
578 3306 848 3371 tenuiter
883 3318 947 3372 et
977 3310 1308 3395 nugatorie
1342 3311 1759 3395 responsum?
1819 3310 1924 3373 hic
1957 3330 2072 3373 vos
2109 3306 2291 3373 veriti
2327 3306 2504 3385 estis,

447 3400 502 3465 si
553 3400 756 3487 primo
811 3412 1006 3469 coetu.
1047 3404 1617 3481 condemnassetis,
1671 3426 1752 3468 ne
1789 3403 2076 3468 crudeles
2114 3400 2505 3468 existimare-

444 3494 638 3559 mini?
725 3494 878 3561 dum
929 3519 1072 3561 eam
1122 3498 1334 3563 vitatis
1388 3496 1944 3584 vituperationem,
2009 3517 2171 3579 quae
2222 3496 2413 3581 longe
2466 3517 2506 3559 a

443 3589 626 3654 vobis
679 3590 925 3668 aberat,
1003 3613 1146 3655 eam
1203 3591 1563 3669 invenistis,
1635 3602 1707 3655 ut
1776 3589 1979 3655 timidi
2041 3600 2229 3675 atque
2288 3589 2504 3675 ignavi

443 3684 841 3769 putaremini.
944 3684 1254 3749 maximas
1309 3684 1589 3771 privatas
1644 3695 1709 3750 et
1758 3684 2047 3769 publicas
2112 3682 2503 3747 calamitates

446 3778 809 3863 accepistis:
865 3800 1011 3842 cum
1047 3778 1237 3843 etiam
1269 3780 1541 3843 maiores
1585 3778 1950 3865 impendere
1987 3776 2348 3853 videantur,
2404 3795 2505 3838 se-

449 3869 608 3934 detis
646 3881 710 3935 et
745 3871 1189 3958 auspicamini:
1234 3872 1361 3936 luci
1394 3883 1676 3950 noctem,
1711 3881 1896 3936 nocte
1931 3870 2141 3934 lucem
2176 3876 2505 3954 exspecta-

449 3960 550 4024 tis.
640 3964 879 4046 aliquid
929 3964 1158 4029 cotidie
1213 3964 1427 4031 acerbi
1478 3976 1665 4049 atque
1717 3963 2102 4029 incommodi
2151 3961 2501 4026 nuntiaturz

450 4052 639 4118 etiam
675 4078 848 4134 eum,
903 4056 1082 4122 cuius
1119 4081 1314 4144 opera
1345 4059 1530 4125 nobis
1567 4058 1727 4123 haec
1770 4058 2089 4134 accidunt,
2144 4078 2261 4121 vos
2295 4075 2503 4119 remo-
