2784 4575
498 271 583 336 70
1115 278 1192 332 M.
1231 276 1503 334 TULLII
1540 275 1936 332 CICERONIS

493 403 848 535 praeceptis
899 400 1333 468 instruenda?
1390 399 1673 463 ‘minime
1724 397 1934 476 vero,’
1988 399 2193 483 inquit
2246 397 2541 478 Catulus3

497 507 652 565 ‘non
698 498 868 564 enim
913 497 1114 562 deerit
1157 492 1399 560 homini
1449 492 1737 558 diserto
1719 517 1787 558 m
1820 492 1957 558 eius
2001 493 2175 558 modi
2224 494 2418 559 rebus
2452 493 2547 559 fae

398 615 452 656 50
495 593 695 658 cultas
731 615 815 657 ex
849 591 1073 657 ceteris
1107 592 1298 655 rebus
1335 598 1401 654 et
1434 587 1641 652 causis
1677 587 2077 674 comparata!
2150 593 2333 674 ‘ergo
2366 588 2543 653 item'

491 687 698 770 inquit
733 685 898 762 ‘illa,
953 706 1114 768 quae
1151 705 1343 768 saepe
1378 681 1613 746 diserte
1666 681 1915 768 agenda
1950 692 2097 746 sunt
2130 691 2197 746 et
2227 702 2393 765 quae
2428 704 2547 769 ego

492 781 685 867 paulo
751 789 896 844 ante
910 826 929 858 ,
995 799 1140 842 cum
1199 775 1627 860 eloquentiam
1676 775 2027 852 laudarem,
2092 773 2225 840 dixi
2282 776 2547 843 oratoris

495 895 664 950 esse,
727 893 934 956 neque
972 870 1208 936 habent
1240 892 1429 934 suum
1462 869 1671 934 locum
1703 867 1956 932 ullum
1937 889 2004 933 1n
2048 867 2357 934 divisione
2408 889 2551 956 par-

493 966 651 1032 tium
685 988 892 1051 neque
923 975 1178 1030 certum
1227 972 1711 1050 praeceptorum
1762 983 1965 1046 genus
2001 972 2067 1028 et
2118 963 2369 1048 agenda
2404 973 2551 1028 sunt

493 1083 624 1125 non
655 1060 868 1124 minus
907 1059 1169 1135 diserte,
1217 1079 1410 1140 quam
1444 1077 1608 1139 quae
1640 1055 1709 1120 in
1742 1053 1853 1119 lite
1888 1055 2208 1133 dicuntur,
2254 1056 2550 1142 obiurgar-

496 1155 612 1232 tio,
659 1154 1036 1230 cohortatio,
1091 1151 1468 1228 consolatio,
1522 1172 1790 1234 quorum
1830 1149 1988 1213 nihil
2021 1159 2147 1228 est,
2199 1150 2371 1234 quod
2418 1173 2549 1215 non

499 1272 748 1314 summa
781 1248 1032 1314 dicendi
1075 1256 1445 1313 ornamenta
1478 1244 1821 1322 desideret3
1876 1245 1994 1309 sed
2027 1267 2107 1308 ex
2144 1243 2401 1310 artificio
2434 1265 2542 1310 res

494 1343 655 1408 istae
705 1352 1044 1429 praecepta
1092 1363 1222 1406 non
1274 1338 1622 1424 quaerunt.'
1728 1337 1971 1424 ‘plane'
2026 1338 2230 1421 inquit
2279 1335 2546 1402 Catulus

403 1461 454 1502 51
500 1436 887 1502 ‘adsentior.'
979 1441 1130 1521 ‘age
1164 1457 1314 1500 vero
1325 1435 1363 1511 ,⁹
1419 1433 1623 1517 inquit
1655 1432 1977 1498 Antonius
2015 1431 2247 1514 ‘qualis
2284 1430 2547 1497 oratoris

497 1541 560 1596 et
603 1531 822 1614 quanti
873 1528 1146 1596 hominis
1181 1527 1250 1592 in
1292 1528 1559 1592 dicendo
1601 1536 1791 1612 putas
1836 1549 1981 1591 esse
2024 1524 2353 1590 historiam
2397 1525 2550 1589 scri-

493 1624 706 1690 bere?
747 1630 766 1660 ‘
779 1624 850 1701 si,
887 1633 960 1688 ut
993 1621 1226 1688 Graeci
1262 1621 1668 1707 scripserunt,
1706 1619 1977 1696 summi,’
2011 1618 2215 1703 inquit
2250 1616 2516 1684 Catulus
2528 1643 2549 1696 3

498 1717 608 1795 ‘si‚
662 1727 736 1782 ut
766 1715 996 1794 nostri,
1049 1715 1207 1780 nihil
1243 1737 1405 1800 opus
1442 1724 1541 1781 est
1574 1724 1851 1791 oratore3
1908 1712 2061 1777 satis
2099 1722 2197 1776 est
2238 1734 2369 1777 non
2403 1734 2549 1777 esse

493 1811 906 1876 mendacem?
997 1815 1018 1845 ‘
1026 1809 1226 1894 atqui,
1279 1831 1360 1872 ne
1405 1818 1656 1873 nostros
1702 1815 2067 1872 contemnas
2080 1806 2117 1884 ,’
2171 1805 2377 1890 inquit
2407 1806 2552 1870 An-

494 1906 705 1971 tonius
760 1903 1024 1970 ‘Graeci
1084 1923 1336 1986 quoque
1388 1901 1514 1987 ipsi
1568 1900 1661 1967 sic
1718 1900 1896 1966 initio
1958 1900 2415 1986 scriptitarunt,
2475 1911 2549 1964 ut

400 2021 454 2062 62
494 2009 712 2064 noster
749 1996 943 2074 Cato,
988 2006 1060 2060 ut
1092 1996 1336 2072 Pictor,
1381 2005 1457 2059 ut
1488 1995 1673 2074 Pis03
1718 2005 1856 2060 erat
1894 1995 2062 2060 enim
2097 1993 2359 2059 historia
2390 1993 2553 2058 nihil

497 2091 667 2154 aliud
700 2090 824 2154 nisi
860 2089 1179 2154 annalium
1214 2088 1553 2167 confectiO,
1592 2089 1771 2154 cuius
1805 2089 1899 2154 rei
1932 2087 2395 2172 memoriaeque
2427 2111 2551 2175 pu-

497 2184 700 2248 blicae
733 2183 1100 2248 retinendae
1143 2205 1338 2248 causa
1373 2185 1454 2249 ab
1498 2183 1677 2249 initio
1729 2206 1942 2248 rerum
1973 2183 2406 2251 Romanarum
2438 2205 2551 2248 us-

493 2297 617 2361 que
653 2276 736 2340 ad
767 2277 846 2342 P.
884 2276 1175 2345 Mucium
1225 2277 1589 2363 pontificem
1630 2276 1979 2343 maximum
2018 2300 2123 2343 res
2167 2275 2372 2343 omnis
2419 2277 2549 2343 sin-

495 2370 788 2457 gulorum
841 2394 1151 2437 annorum
1210 2372 1555 2437 mandabat
1604 2369 1828 2437 litteris
1891 2371 2181 2457 pontifex
2228 2370 2547 2435 maximus

491 2464 930 2548 referebatque
965 2464 1034 2528 in
1069 2466 1284 2530 album
1319 2476 1386 2530 et
1426 2465 1820 2552 proponebat
1864 2465 2145 2529 tabulam
2179 2464 2377 2542 domi,
2430 2486 2551 2550 po-

493 2567 690 2623 testas
733 2568 806 2623 ut
849 2566 1021 2624 esset
1067 2558 1303 2645 populo
1341 2559 1794 2645 cognoscendi,
1852 2556 1969 2645 [ei]
2008 2557 2117 2641 qui
2152 2557 2343 2622 etiam
2375 2580 2549 2623 nunc

397 2674 452 2713 53
497 2651 757 2717 annales
817 2652 1078 2717 maximi
1137 2652 1568 2718 nominantur:
1630 2653 1796 2717 hanc
1858 2651 2331 2717 similitudinem
2393 2652 2551 2717 scri-

493 2746 686 2811 bendi
718 2746 902 2812 multi
938 2747 1138 2812 secuti
1175 2757 1350 2825 sunt,
1406 2747 1515 2830 qui
1552 2748 1689 2812 sine
1722 2745 1867 2812 ullis
1904 2746 2288 2812 ornamentis
2322 2768 2549 2811 monu-

491 2850 708 2905 menta
741 2840 949 2905 solum
983 2850 1364 2926 temporum,
1401 2840 1745 2917 hominum,
1782 2840 2064 2905 locorum
2098 2849 2547 2926 gestarumque

491 2952 703 2995 rerum
743 2933 1132 3016 reliquerunt
1139 2959 1158 3011 ;
1211 2933 1425 3017 itaque
1459 2934 1663 3017 qualis
1701 2935 1872 3019 apud
1908 2932 2189 2999 Graecos
2228 2932 2549 3017 Pherecy-

494 3023 638 3100 des,
701 3026 1106 3105 Hellanicus,
1178 3029 1480 3093 Acusilas
1543 3029 1667 3093 fuit
1726 3028 1955 3113 aliique
2014 3027 2338 3114 permulti,
2400 3026 2545 3091 talis

491 3126 709 3182 noster
747 3118 912 3186 Cato
949 3130 1014 3187 et
1043 3120 1263 3187 Pictor
1299 3133 1364 3187 et
1393 3122 1580 3200 Piso,
1634 3122 1745 3206 qui
1784 3144 1991 3206 neque
2026 3132 2271 3199 tenent,
2315 3120 2545 3204 quibus

491 3211 682 3275 rebus
720 3224 975 3278 ornetur
1010 3215 1208 3280 oratio
1243 3251 1332 3263 —-
1361 3215 1553 3280 modo
1598 3216 1769 3280 enim
1790 3216 1927 3280 ,huc
1970 3215 2095 3280 ista
2129 3223 2277 3279 sunt
2308 3214 2547 3299 impor-

494 3312 626 3368 tata
657 3339 746 3351 —-—
779 3315 870 3383 et,
927 3308 1079 3372 dum
1121 3309 1525 3395 intellegatur
1566 3309 1723 3393 quid
1774 3310 2012 3387 dicant,
2064 3330 2260 3373 unam
2294 3306 2548 3372 dicendi

397 3421 451 3465 54
493 3397 745 3463 laudem
777 3409 1003 3486 putant
1037 3424 1178 3467 esse
1212 3403 1608 3468 brevitatem.
1696 3404 1957 3489 paulum
1993 3424 2062 3467 se
2098 3402 2299 3467 erexit
2332 3411 2397 3465 et
2430 3401 2548 3465 ad-

493 3492 652 3556 didit
676 3493 978 3559 maiorem
1005 3494 1304 3561 historiae
1341 3519 1569 3562 sonum
1600 3493 1831 3583 [vocis]
1862 3497 1961 3561 vir
1986 3495 2280 3582 optimus,
2320 3492 2549 3560 Crassi

492 3584 848 3665 familiaris,
895 3589 1264 3674 Antipater3
1319 3590 1515 3655 ceteri
1546 3612 1677 3654 non
1710 3600 2115 3656 exornatores
2149 3611 2387 3665 rerum,
2424 3588 2549 3652 sed

390 3690 458 3744 13
493 3681 926 3745 tantummodo
976 3692 1332 3747 narratores
1387 3682 1681 3747 fuerunt?
1790 3689 1919 3749 ‘est
1926 3683 1965 3761 ‚'
2020 3681 2223 3765 inquit
2268 3679 2544 3747 Catulus

491 3776 594 3835 ‘ut
625 3772 812 3851 dicis3
867 3774 983 3839 sed
1014 3774 1135 3839 iste
1169 3774 1308 3860 ipse
1346 3773 1605 3841 Caelius
1640 3798 1847 3861 neque
1894 3775 2180 3840 distinxit
2213 3773 2548 3839 historiam

489 3864 792 3931 varietate
829 3867 1111 3932 colorum
1143 3889 1348 3952 neque
1393 3870 1732 3935 verborum
1775 3868 2204 3935 conlocatione
2239 3878 2303 3933 et
2334 3877 2549 3933 tractu

492 3956 791 4022 orationis
842 3958 972 4023 leni
1015 3970 1080 4025 et
1123 3961 1436 4045 aequabili
1488 3962 1825 4049 perpolivit
1867 3963 2066 4027 illud
2056 3985 2255 4048 opus3
2310 3960 2425 4025 sed
2464 3970 2548 4023 ut

491 4044 680 4111 homo
722 4072 928 4133 neque
979 4054 1202 4119 doctus
1247 4076 1452 4139 neque
1503 4057 1776 4122 maxime
1821 4067 2005 4142 aptus
2053 4055 2134 4120 ad
2180 4054 2545 4131 dicendum,
