2784 4575
417 283 502 350 58
1031 295 1108 350 M.
1145 294 1420 352 TULLn
1457 295 1855 353 mosaoms
1910 279 1924 327 ’-

311 417 326 455 ²
415 441 574 486 voce
608 440 830 484 versus
865 417 1099 484 multos
1135 441 1262 484 uno
1293 418 1519 506 spiritu
1545 418 1951 506 pronuntiare
1988 421 2481 502 consuescebat3

413 535 621 598 neque
653 512 710 578 is
739 511 1093 580 consistens
1121 513 1189 578 in
1213 512 1374 591 loce,
1415 513 1530 579 sed
1554 513 1955 578 inambulans
1984 523 2173 598 atque
2203 537 2483 582 ascensu

300 635 382 676 262
413 607 776 695 ingrediens
815 608 1031 674 arduo.
1117 607 1296 672 hisce
1331 629 1455 694 ego
1492 607 2047 686 cohortationibus,
2088 605 2355 688 Crasse,
2395 610 2483 675 ad

415 702 696 770 studium
749 713 814 768 et
867 703 949 768 ad
998 702 1284 768 laborem
1332 702 1688 768 incitandos
1754 702 2001 768 iuvenis
2066 702 2483 770 vehementer

413 796 734 864 adsentior
743 821 764 876 3
822 807 1060 875 cetera,
1116 817 1278 880 quae
1332 795 1669 882 conlegisti
1719 817 1799 860 ex
1852 796 2043 862 variis
2098 807 2163 862 et
2206 797 2478 863 diversis

414 890 642 956 studiis
680 900 744 957 et
780 891 1049 968 artibus,
1103 889 1358 956 tametsi
1391 891 1531 976 ipse
1568 911 1637 956 es
1674 889 1886 955 omnia
1920 900 2325 970 consecutus,
2378 901 2481 956 ta-

411 1005 560 1052 men
605 985 686 1050 ab
732 985 998 1050 oratoris
1050 983 1336 1071 proprio
1365 983 1577 1050 officio
1631 993 1819 1068 atque
1872 1007 2135 1050 munere
2190 985 2477 1050 seiuncta.

413 1100 556 1144 esse
593 1077 900 1146 arbitror?

306 1186 380 1240 62
533 1173 722 1238 Haec
758 1195 901 1250 cum
937 1171 1260 1238 Antonius
1299 1169 1593 1250 dixisset,
1650 1195 1802 1237 sane
1840 1171 2127 1237 dubitare
2162 1171 2334 1238 visus
2372 1182 2479 1238 est

415 1263 734 1352 Sulpicius
793 1275 858 1332 et
911 1263 1134 1344 Cotta,
1188 1265 1391 1330 utrius
1446 1265 1646 1331 oratio
1697 1265 1958 1354 propius
2012 1265 2095 1330 ad
2139 1265 2476 1330 veritatem

295 1385 378 1427 aas
411 1358 730 1424 videretur
765 1360 1092 1438 accedere,
1129 1355 1265 1424 tum
1301 1357 1579 1426 Crassus
1618 1360 2005 1446 ‘operarium
2046 1358 2223 1424 nobis
2266 1381 2479 1442 quen-

414 1453 590 1534 dam,
652 1453 927 1532 Antoni,
983 1463 1300 1519 oratorem
1333 1454 1495 1518 facis
1543 1464 1732 1538 atque
1786 1454 1961 1518 haud
2008 1453 2138 1519 scio
2174 1477 2257 1518 an
2291 1453 2479 1518 aliter

415 1547 653 1614 sentias
707 1559 773 1612 et
831 1557 1011 1613 utare
1075 1559 1185 1613 tua
1233 1548 1344 1613 illa
1393 1548 1659 1612 mirifica
1711 1549 1795 1612 ad
1843 1547 2262 1615 refellendum
2322 1567 2481 1612 con-

415 1642 774 1721 suetudine,
830 1665 956 1727 qua
999 1642 1115 1708 tibi
1155 1665 1342 1708 nemo
1386 1665 1689 1726 umquam
1723 1643 2063 1728 praestitit3
2118 1641 2297 1706 cuius
2336 1642 2479 1726 qui-

413 1739 562 1804 dem
610 1735 814 1824 ipsius
867 1735 1186 1802 facultatis
1241 1736 1606 1802 exercitatio
1669 1746 1988 1801 oratorum
2045 1735 2303 1823 propria
2352 1746 2475 1814 est,

413 1832 527 1898 sed
559 1831 690 1916 iam
721 1831 788 1895 in
821 1828 1345 1918 philosophorum
1371 1829 1826 1897 consuetudine
1851 1840 2140 1894 versatur
2166 1827 2478 1894 maxime-

413 1949 536 2010 que
589 1948 835 2002 eorum,
893 1925 1002 2008 qui
1037 1925 1117 1988 de
1155 1923 1327 1988 omni
1367 1947 1437 1989 re
1482 1923 1810 2010 proposita
1840 1923 1909 1988 in
1950 1933 2285 2006 utramque
2323 1945 2477 2010 par-

295 2041 378 2080 264
413 2031 544 2086 tem
597 2019 804 2084 solent
855 2017 1290 2104 copiosissime
1343 2017 1572 2082 dicere.
1661 2039 1881 2082 verum
1922 2039 2045 2103 ego
2088 2039 2219 2082 non
2264 2017 2475 2082 solum

413 2113 788 2188 arbitrabar,
843 2110 942 2174 his
995 2109 1370 2196 praesertim
1422 2110 1850 2188 audientibus,
1905 2134 1944 2175 a
1991 2133 2095 2176 me
2145 2109 2477 2176 informari

417 2214 734 2294 oportere,
773 2203 977 2289 qualis
1015 2225 1159 2270 esse
1193 2214 1416 2292 posset
1447 2203 1525 2282 is,
1562 2205 1672 2291 qui
1706 2205 2018 2269 habitaret
2050 2204 2118 2268 in
2152 2203 2472 2269 subselliis

408 2321 614 2384 neque
651 2298 988 2383 quicquam
1023 2299 1294 2385 amplius
1339 2299 1645 2377 adferret,
1700 2321 1889 2383 quam
1930 2299 2102 2383 quod
2137 2320 2474 2364 causarum

409 2392 758 2461 necessitas
793 2393 1174 2480 postularet,
1227 2394 1344 2459 sed
1385 2394 1589 2459 maius
1627 2394 1929 2479 quiddam
1964 2392 2287 2472 videbam,
2324 2413 2475 2459 cum

413 2487 753 2553 censebam
787 2496 1121 2565 oratorem,
1157 2486 1532 2573 praesertim
1564 2488 1632 2553 in
1665 2498 1885 2553 nostra
1915 2510 1985 2553 re
2018 2487 2294 2575 publica,
2330 2487 2476 2552 nul-

409 2582 532 2647 lius
569 2580 923 2647 ornamenti
956 2591 1283 2667 expertem
1327 2604 1472 2647 esse
1518 2592 1826 2668 oportere.
1914 2592 1987 2669 tu
2020 2590 2258 2659 aute'm,
2315 2604 2475 2665 quo-

407 2676 582 2741 niam
632 2674 878 2762 exiguis
941 2675 1322 2759 quibusdam
1371 2675 1603 2741 finibus
1658 2686 1861 2741 totum
1920 2675 2187 2741 oratoris
2236 2698 2471 2740 munus

412 2768 906 2846 circumdedisti,
960 2769 1082 2833 hoc
1133 2768 1382 2859 facilius
1426 2769 1611 2835 nobis
1658 2790 1937 2855 expones
1984 2791 2089 2847 ea,
2144 2791 2307 2853 quae
2352 2768 2471 2833 abs

403 2874 474 2927 te
528 2863 608 2927 de
661 2863 886 2927 officiis
937 2863 1418 2950 praeceptisque
1472 2863 1738 2929 oratoris
1790 2862 2079 2947 quaesita
2122 2872 2297 2942 sunt3
2354 2862 2475 2928 sed

395 2956 636 3041 opinor
679 2955 1025 3020 secundum
1078 2956 1246 3021 hunc
1297 2958 1496 3036 diem;
1552 2956 1707 3023 satis
1760 2957 1929 3021 enim
1973 2956 2174 3022 multa
2207 2980 2247 3021 a
2278 2956 2468 3021 nobis

295 3074 376 3118 265
410 3046 598 3113 hodie
635 3047 804 3113 dicta
839 3060 1005 3114 sunt.
1093 3072 1262 3115 nunc
1297 3060 1362 3115 et
1400 3048 1737 3128 Scaevola,
1784 3050 2082 3135 quoniam
2114 3044 2181 3115 in
2216 3048 2471 3115 Tuscu-

409 3141 626 3205 lanum
678 3141 769 3207 ire
823 3142 1176 3222 constituit,
1227 3144 1491 3233 paulum
1539 3144 1919 3228 requiescet,
1976 3146 2125 3210 dum
2168 3165 2237 3207 se
2290 3140 2468 3206 calor

406 3234 690 3319 frangat3
735 3247 799 3299 et
831 3241 950 3301 nos
984 3237 1138 3325 ipsi,
1183 3238 1483 3322 quoniam
1512 3238 1582 3302 id
1616 3238 1917 3324 temporis
1954 3250 2081 3316 est,
2114 3234 2467 3302 valetudini

393 3328 632 3393 ‘demus
686 3350 961 3415 operam.
976 3330 993 3359 ’
1094 3331 1334 3419 placuit
1396 3332 1490 3397 sic
1542 3331 1855 3397 omnibus.
1962 3342 2099 3396 tum
2152 3326 2469 3395 Scaevola

405 3422 620 3488 ‘sane’
674 3422 879 3506 inquit
929 3425 1190 3490 ‘vellem
1230 3448 1361 3493 non
1406 3424 1876 3493 constituissem
1918 3424 1985 3489 in
2029 3424 2471 3489 Tusculanum

410 3513 572 3605 [me]
627 3515 816 3582 hodie
881 3514 1246 3603 [venturum
1304 3518 1477 3608 esse]
1532 3518 1787 3597 Laeli03
1850 3518 2121 3584 libenter
2182 3516 2473 3583 audirem

408 3610 790 3689 Antonium3
803 3610 820 3639 ’
873 3622 964 3690 et,
1021 3634 1166 3677 cum
1201 3624 1599 3701 exsurgeret,
1654 3612 1843 3677 simul
1877 3612 2173 3677 adridens
2231 3616 2469 3693 ‘neque

405 3703 604 3767 enim’
650 3704 854 3789 inquit
897 3712 1058 3771 ‘tam
1091 3706 1246 3771 mihi
1278 3708 1584 3774 molestus
1631 3706 1778 3785 fuit,
1832 3706 2006 3789 quod
2039 3704 2155 3771 ius'
2176 3715 2471 3770 nostrum

410 3798 594 3863 civile
626 3800 945 3884 pervellit,
991 3822 1183 3886 quam
1226 3802 1570 3881 iucundus,
1616 3802 1787 3887 quod
1825 3824 1893 3867 se
1928 3801 1996 3865 id
2030 3799 2278 3865 ‘nescire
2316 3820 2472 3864 con-

405 3890 621 3955 fessus
659 3892 798 3958 est.’
