2784 4575
7 3994 16 4003 a
6 3821 14 3950 τρι-ψ·-

359 232 476 279 XII
1283 234 1629 277 PRAEFATIO.

357 352 578 415 orator,
615 344 892 399 inducens
928 344 1314 400 adversarium
1351 360 1434 399 se·
1472 353 1647 415 gnum
1674 344 1985 414 retinebat,
2026 345 2127 400 sed
2154 362 2325 417 saepe
2342 346 2557 405 invitus

355 432 486 469 cum
515 412 977 485 congredientem
1001 419 1062 467 et
1085 430 1192 485 pro
1229 428 1437 467 causae
1476 429 1679 467 causas
1690 411 2327 492 recipiebatpotentium
2342 418 2556 485 optatis

354 488 564 537 natura
607 480 792 535 lenius
838 487 943 537 aut
975 482 1278 537 violentius
1321 480 1432 533 liti-
1474 481 1711 535 cedens:
1749 480 1965 551 ahquid
1991 482 2355 537 tribuendum
2382 485 2553 539 etiam

354 556 602 620 gentem.
669 548 864 605 Sermo
903 550 962 605 iu
996 549 1110 603 illis
1146 551 1291 604 adeo
1331 564 1435 601 sua
1470 548 1890 603 misericordiae
1945 549 2189 605 hominis
2236 552 2555 606 clementis-

357 624 562 688 sponte
594 616 774 673 fluere
809 618 1060 687 videtur,
1095 623 1160 671 ut
1194 617 1431 684 impara—
1472 616 1597 669 simi
1624 617 1926 686 repudiare
1953 618 2203 675 nolentis
2232 619 2552 688 supplicum

357 691 534 743 cumn
571 692 632 741 et
665 703 734 741 ex
759 692 1013 757 tempore
1049 684 1208 755 loqui
1235 690 1431 751 putesr,
1472 686 1727 755 quamvis
1756 691 1925 739 antea
1950 685 2302 741 inimicorum
2328 704 2550 766 preces,

354 754 496 809 ordo
535 754 720 809 minus
756 758 1022 809 accurate
1051 754 1121 805 de
1150 752 1433 807 industria
1470 758 1570 806 aut
1612 753 1887 808 victoriae
1942 754 2131 807 studio
2183 753 2243 807 in
2290 754 2552 809 d1fficini-

351 828 650 878 notatus&
667 831 724 877 et
742 823 1074 877 distributus
1095 826 1208 887 est,
1247 836 1320 874 ne
1349 820 1431 873 di·
1468 820 1573 874 mis
1596 820 2055 876 contentionibus
2075 822 2552 903 adsequendae.48

355 898 574 962 gestam
595 890 1048 947 dissertationem
1067 888 1429 957 auditorpro-
1470 888 1675 943 Nullus
1714 889 1933 943 scilicet
1966 905 2099 943 reus
2134 891 2350 945 indlcta
2378 907 2553 946 causa

353 960 604 1015 nuntiari
623 958 928 1024 existimet;
964 956 1024 1008 in
1041 956 1252 1009 ultimis
1273 956 1429 1011 deni·
1470 956 1975 1025 condemnabatur,
1990 973 2159 1029 quam
2171 959 2245 1013 ob
2258 974 2371 1012 rem
2388 960 2551 1029 igno·

395 1046 465 1083 ue
512 1024 864 1081 orationibus
910 1029 976 1077 ut
1017 1024 1329 1093 Ligariana
1371 1029 1433 1078 et
1470 1026 1742 1079 scendum
1778 1030 1901 1079 erat
1925 1033 2197 1095 patrono,
2238 1028 2287 1080 si
2312 1044 2417 1096 pro
2447 1044 2553 1081 no-

351 1046 688 1164 {hilippicis
716 1093 920 1146 modus
949 1092 1176 1147 dicendi
1203 1091 1271 1145 fit
1298 1108 1427 1145 con·
1470 1098 1634 1147 cente
1656 1092 1845 1147 omnia
1856 1092 2205 1148 defensionis
2225 1096 2552 1150 adiumenta

351 1162 524 1217 cisior
567 1159 806 1215 servatis
853 1176 998 1230 quae
1042 1160 1102 1213 in
1145 1159 1429 1230 prioribus
1470 1160 1834 1233 conquireret
1880 1166 1938 1214 et
1979 1178 2095 1215 non
2130 1180 2323 1219 verum
2358 1165 2548 1231 mod0‚

352 1230 581 1285 elucent
613 1228 943 1297 virtutibus,
981 1244 1166 1308 eoque
1192 1227 1429 1297 propius
1471 1230 1575 1282 sed-
1608 1227 1778 1283 etiam
1812 1229 1931 1285 veri
1960 1229 2137 1285 simile
2148 1234 2198 1275 4⁷
2234 1238 2551 1311 usurparet.

349 1298 424 1353 ad
441 1296 884 1353 Demosthenem
903 1297 1210 1351 accedit.44
1467 1296 1635 1351 Hanc
1663 1296 2129 1351 consuetudinem
2158 1298 2384 1353 dicend1
2421 1316 2551 1353 cum

419 1365 480 1419 Si
509 1366 580 1422 de
611 1363 888 1420 Cicerone
913 1380 1031 1419 non
1059 1363 1139 1417 ini
1182 1380 1254 1418 uc
1287 1362 1430 1417 iudi·
1467 1363 1637 1418 laude
1682 1369 1741 1417 et
1784 1364 2157 1421 admiratione
2204 1366 2547 1437 auditorum,

355 1450 484 1489 care
513 1434 800 1499 volumus,
840 1438 1100 1503 spectare
1175 1432 1426 1500 ebemus,
1470 1448 1686 1487 summa
1714 1433 1899 1503 gratia
1924 1448 2150 1488 reorum
2166 1451 2285 1488 non
2303 1434 2551 1489 libenter

352 1519 465 1574 quo
513 1501 699 1555 omnia
741 1501 862 1554 eius
907 1499 1094 1555 studia
1139 1506 1198 1554 et
1235 1515 1429 1555 omnes
1470 1501 1799 1571 deponebat
1818 1500 2043 1570 Cicero,
2085 1504 2176 1556 cui
2202 1502 2260 1557 in
2289 1519 2359 1557 ea
2386 1518 2549 1573 prae-

350 1570 606 1625 actiones
628 1568 968 1639 dirigantur3
990 1569 1145 1640 quod
1159 1568 1427 1639 eloquen·
1470 1570 1637 1638 cipua
1688 1568 1839 1624 vitae
1895 1571 2045 1624 actio
2100 1576 2223 1625 erat
2263 1571 2551 1647 posita348

349 1638 464 1693 tiae
500 1638 820 1707 principatu
857 1636 1132 1695 contineri
1169 1636 1427 1691 dixerim:
1469 1642 1659 1692 cetera
1683 1646 1748 1691 ut
1764 1637 2162 1708 philosophiae
2184 1640 2429 1693 studium
2448 1644 2551 1693 aut

349 1708 459 1761 hac
480 1708 628 1761 enim
647 1711 769 1761 arte
787 1703 1431 1775 primaspartistenebat
1468 1706 1607 1760 artis
1646 1706 1929 1761 oratoriae
1966 1707 2270 1776 explicatio
2306 1708 2545 1760 accede-

348 1776 410 1833 iu
427 1775 681 1843 iudiciis,
718 1774 778 1827 in
799 1772 1089 1841 contione,
1127 1771 1186 1826 in
1207 1778 1427 1841 senatu,
1467 1774 1570 1829 bat
1587 1779 1873 1843 tamquam
1894 1775 2189 1846 πάρεργον,
2210 1774 2268 1826 in
2328 1774 2445 1827 uod
2462 1775 2545 1825 in-

350 1845 534 1899 donec
587 1844 788 1899 cedere
845 1840 1073 1895 militari
1132 1842 1428 1909 potentiae
1469 1842 1783 1909 cumberet,
1822 1857 1949 1894 cum
1968 1842 2041 1895 ab
2065 1841 2215 1893 omni
2234 1857 2313 1910 pu
2354 1840 2465 1894 lico
2486 1846 2545 1895 et

349 1917 584 1967 coactus
605 1916 717 1965 est:
755 1910 926 1964 talem
945 1908 1153 1963 exitum
1205 1908 1427 1989 opinor,
1466 1908 1722 1963 iudiciali
1756 1907 1988 1977 negotio
2026 1908 2442 1963 excluderetur:
2486 1908 2547 1963 in

347 1984 604 2033 metuens
633 1977 962 2047 Pompeium
1001 1976 1109 2031 sibi
1143 1948 1427 2031 devmcire
1467 1975 1627 2031 libris
1674 1993 1817 2047 quos
1861 1981 1979 2029 tum
2016 1974 2195 2029 edidit
2230 1976 2546 2031 scribendis

349 2048 684 2125 conabatur,
719 2051 786 2099 ut
821 2061 947 2099 cum
985 2060 1052 2099 eo
1091 2045 1427 2099 coniunctus
1469 2044 1917 2099 consolationem
1960 2045 2245 2123 quandam
2282 2044 2544 2098 sublatae

345 2116 406 2169 in
432 2132 495 2171 re
521 2115 752 2185 pubhca
780 2112 993 2183 optima
1022 2112 1265 2167 consilia
1299 2129 1425 2183 per·
1466 2112 1619 2166 illius
1654 2112 1805 2166 vitae
1839 2110 2105 2180 politicae
2117 2116 2167 2155 49
2204 2117 2304 2165 aut
2336 2112 2545 2166 refuta-

345 2182 516 2239 ficere
539 2188 598 2237 et
615 2182 948 2261 dignitatem
977 2198 1136 2235 suam
1166 2181 1427 2235 obtinere
1466 2179 1678 2235 tionem
1690 2179 2153 2244 adversariorum,
2168 2181 2374 2251 quibus
2386 2196 2546 2233 suum

343 2256 569 2336 posset,
590 2255 641 2294 45
681 2251 855 2322 ldque
889 2249 1004 2304 nisi
1037 2247 1425 2304 vehementius
2422 2254 2425 2257 ’

345 2321 430 2375 lui
471 2325 701 2375 senatus
727 2317 1060 2399 ,refragatus
1098 2323 1278 2398 e·⁸⁸(?t’.
1313 2318 1426 2371 for‘
1514 2355 1567 2392 46
1602 2363 1699 2392 cum
1738 2353 1906 2394 Vatinii
1938 2354 2239 2393 defensionem
2274 2354 2544 2402 suscepisset

345 2395 500 2445 tasse
528 2387 882 2458 perfecisset.
947 2385 1041 2441 Ab
1071 2386 1424 2440 admlnlstra·
1462 2407 1643 2454 rogante
1660 2403 1863 2452 Caesare,
1892 2405 1972 2444 vix
1998 2407 2169 2454 poterat
2194 2405 2311 2444 idem
2342 2403 2543 2451 Gabinio,

345 2457 504 2512 tione
525 2472 862 2510 summarum
880 2471 1064 2508 rerum
1074 2460 1324 2508 remotus
1342 2454 1425 2506 iu-
1464 2456 1709 2505 postulante
1718 2456 1943 2505 Pompeio,
1965 2456 2199 2504 denegare:
2220 2456 2408 2504 quihaec
2422 2454 2546 2494 Cice-

349 2525 626 2581 dieiorum
651 2529 842 2578 tamen
869 2524 1116 2594 quodam
1143 2523 1313 2576 modo
1341 2538 1425 2576 re·
1462 2507 2547 2608 {timpum⁰¹’13ffi223f23525522ffi222

1464 2611 1680 2658 aequitate
1707 2610 1889 2650 iudicari
1916 2610 1969 2648 de
1997 2619 2049 2649 ea
2066 2619 2112 2649 re
2130 2611 2293 2658 posset,
2322 2612 2545 2656 utramque

396 2667 446 2706 42
475 2663 627 2705 Cicero
654 2663 822 2712 poterat
855 2662 911 2700 de
940 2663 1080 2701 semet
1104 2663 1200 2712 ipso
1235 2661 1427 2702 iudicare
1464 2663 1703 2702 orationem
1730 2661 1958 2710 oportebat
1983 2671 2224 2710 superesse.
2280 2659 2545 2699 Gabinianus

345 2717 460 2766 quod
478 2717 525 2756 in
545 2716 669 2756 Brut.
689 2715 764 2754 139
791 2713 897 2752 dicit
911 2713 965 2751 de
983 2713 1201 2752 Antonio:
1242 2714 1252 2732 ‘
1265 2716 1358 2752 erat
1373 2733 1426 2743 -·
1466 2713 1823 2752 commentarium
1831 2715 1999 2752 tantum
2008 2713 2117 2762 legit
2126 2713 2416 2762 Hieronymus
2428 2709 2543 2758 (adv.

343 2769 463 2807 nulla
479 2767 773 2806 meditationis
799 2764 1008 2813 suspitio:
1047 2765 1284 2814 imparatus
1311 2774 1425 2804 sem·
1462 2763 1603 2804 Rufin.
1621 2765 1697 2810 IV,
1718 2765 1793 2804 351
1814 2764 1881 2804 ed.
1902 2762 2033 2812 Par.)-

343 2827 422 2867 per
447 2817 623 2866 adgredi
651 2817 706 2856 ad
731 2815 962 2854 dicendum
988 2815 1232 2863 videbatur,
1260 2816 1338 2855 sed
1365 2817 1428 2854 ita
1515 2818 1563 2856 47
1592 2815 1646 2854 de
1664 2815 1750 2856 Off.
1762 2815 1818 2862 11,
1830 2817 1880 2854 51
1902 2817 2003 2855 ‘nec
2013 2814 2471 2855 tamen—habendum
2481 2813 2547 2852 est

345 2870 436 2908 erat
453 2870 638 2917 paratus,
659 2870 708 2905 ut
725 2866 888 2906 iudices
908 2867 986 2906 illo
1005 2867 1176 2906 dicente
1195 2877 1282 2906 non
1301 2877 1426 2906 num·
1463 2868 1665 2916 religioni
1684 2871 1915 2906 nocentem
1941 2865 2185 2914 aliquando,
2205 2867 2333 2905 modo
2352 2875 2408 2904 ne
2426 2863 2546 2903 nefa-

343 2930 471 2968 quam
497 2919 746 2958 viderentur
774 2927 862 2956 non
889 2917 994 2956 satis
1021 2918 1159 2967 parati
1186 2917 1241 2957 ad
1269 2927 1426 2958 caven·
1462 2919 1575 2958 rium
1600 2919 1866 2966 impiumque
1894 2917 2147 2955 defendere:
2178 2915 2272 2954 volt
2296 2917 2381 2954 hoc
2398 2915 2545 2954 multi-

342 2971 447 3010 dum
467 2970 631 3009 fuisse-⁹
1462 2969 1583 3015 tudo,
1603 2969 1766 3016 patitur
1784 2967 2063 3012 consuetudo,
2093 2967 2177 3005 fert
2202 2967 2333 3005 etiam
2350 2965 2547 3006 humaui·

394 3022 444 3060 43
472 3021 524 3059 de
555 3019 633 3062 Or.
653 3019 709 3066 11.
729 3021 804 3060 177
833 3020 845 3040 ⁸
861 3021 1134 3069 interpuncta
1151 3021 1425 3067 argumento-
1466 3023 1549 3058 tas.
1604 3018 1761 3058 iudicis
1788 3021 1855 3058 est
1883 3027 2055 3066 semper
2082 3018 2129 3056 in
2148 3018 2291 3057 causis
2308 3027 2459 3056 verum
2476 3027 2546 3056 se-

339 3083 437 3112 rum
455 3071 704 3122 plerumque
725 3071 910 3118 occulus,
941 3081 997 3110 ne
1015 3071 1111 3120 quis
1131 3079 1184 3110 ea
1200 3079 1426 3110 numerare
1464 3071 1561 3118 qui:
1590 3069 1762 3118 patroni
1779 3079 1867 3107 non
1886 3079 2107 3117 nunquam
2124 3070 2217 3108 veri
2236 3069 2394 3116 simile,
2415 3069 2546 3108 etiam

343 3124 502 3172 possit,
542 3127 591 3162 ut
619 3133 665 3162 re
693 3122 1026 3171 distinguantur,
1063 3121 1210 3162 verbis
1247 3121 1427 3160 confusa
1464 3122 1663 3161 siminus
1682 3121 1740 3160 sit
1756 3129 1920 3168 verum,
1944 3120 2197 3160 defendere:
2228 3120 2343 3168 quod
2359 3118 2547 3159 seribere

342 3185 438 3214 esse
457 3173 716 3214 videantur?
1466 3191 1510 3200 —
1531 3183 1620 3211 non
1638 3172 1853 3218 auderem,
1881 3172 1967 3210 nisi
1994 3171 2108 3210 idem
2135 3171 2326 3221 placeret
2342 3171 2545 3220 gravissi·

393 3227 445 3264 44
479 3227 626 3274 itaque
661 3225 748 3265 alia
783 3227 850 3265 est
885 3225 1132 3269 maturitas,
1171 3233 1298 3272 quam
1333 3225 1427 3262 tum
1464 3233 1535 3263 mo
1554 3224 1796 3262 Stoicorum
1814 3223 2051 3262 Panaetio.'

342 3281 602 3316 consecutus
629 3286 726 3316 esse
751 3275 902 3316 Cicero
929 3276 1013 3316 sibi
1039 3275 1267 3314 videbatur
1304 3275 1428 3314 ‘cum
1514 3277 1566 3314 48
1590 3274 1717 3314 Asin.
1728 3273 1872 3314 Pollio
1890 3284 1961 3323 ap.
1982 3274 2188 3313 Senecam
2206 3274 2313 3322 12.ae
2332 3274 2401 3313 ed.
2416 3273 2543 3314 Burs.

341 3329 480 3368 oratio
499 3349 549 3358 —
567 3331 814 3367 canesceret
847 3327 1108 3376 haberetque
1143 3337 1266 3366 suam
1292 3336 1426 3374 quan-
1466 3327 1517 3365 ‘a
1545 3326 1685 3375 prisca
1714 3326 1947 3366 severitate
1975 3325 2147 3365 iudiciis
2166 3325 2333 3365 exactis
2358 3325 2547 3364 maxima
2586 3336 2589 3338 ’

317 3413 323 3418 .
344 3379 443 3418 dam
461 3379 747 3418 maturitatem
760 3381 805 3418 et
821 3380 948 3427 quasi
965 3377 1280 3424 senectutem3'
1301 3377 1427 3416 Brut.
1463 3381 1557 3416 tum
1582 3379 1813 3416 noxiorum
1838 3377 2069 3416 multitudo
2093 3377 2307 3426 provenit,
2336 3386 2443 3424 quos
2468 3376 2545 3415 ob·

344 3432 385 3470 8.
405 3430 506 3477 alia,
519 3440 644 3478 quam
664 3429 745 3469 sibi
754 3430 876 3470 Brut.
889 3430 966 3470 818
983 3427 1158 3468 trlbuit:
1181 3429 1296 3468 ‘eum
1311 3437 1426 3469 anno
1464 3430 1637 3469 strictos
1655 3428 1897 3477 patrocinio
1912 3428 2153 3467 incolumes
2167 3425 2395 3476 plerosque
2413 3425 2545 3467 habe·

343 3484 446 3530 post
465 3491 522 3520 ex
539 3482 687 3521 Sicilia
705 3491 772 3520 me
791 3481 1070 3529 recepissem,
1092 3481 1179 3520 iam
1197 3479 1429 3520 videbatur
1464 3481 1565 3520 bat.'
1612 3480 1719 3520 adeo
1738 3489 1866 3528 aegre
1888 3479 2055 3518 ferebat
2071 3479 2435 3518 intermissionem
2453 3479 2545 3517 eius

343 3533 451 3572 illud
471 3533 516 3572 in
534 3543 620 3580 me,
639 3531 846 3580 quidquid
863 3533 994 3578 esset,
1009 3539 1104 3570 esse
1122 3531 1362 3580 perfectum
1381 3533 1429 3570 et
1464 3531 1807 3580 consuetudinis,
1835 3533 1887 3569 ut
1916 3532 1927 3550 ‘
1939 3531 2122 3571 sublatis
2140 3531 2313 3570 iudiciis
2333 3528 2544 3568 —ludum

342 3583 504 3624 habere
522 3585 812 3624 maturitatem
831 3583 1044 3632 quandam
1063 3583 1218 3622 suam.'
1464 3583 1588 3632 quasi
1602 3583 1762 3622 habere
1781 3582 2018 3630 coeperit3'
2036 3583 2091 3622 de
2108 3593 2192 3632 quo
2210 3581 2359 3622 scrIbit
2376 3581 2545 3630 praeter
2616 3605 2621 3609 .

396 3636 447 3674 45
474 3636 615 3684 prodit
631 3635 714 3674 hoc
733 3633 886 3674 Cicero
905 3634 1026 3674 Fam:
1036 3634 1091 3682 V,
1103 3635 1202 3682 ἥδε
1224 3633 1299 3674 ‘ea
1315 3643 1427 3684 quae
1464 3635 1551 3674 alia
1576 3636 1661 3673 hoc
1688 3634 1745 3673 ad
1770 3633 1951 3673 Paetum
1978 3633 2053 3680 IX,
2074 3635 2140 3681 18,
2159 3634 2208 3672 8:
2248 3633 2366 3680 ‘ipse
2393 3629 2545 3668 melior

343 3695 425 3724 nos
441 3696 520 3734 pro
540 3687 677 3726 salute
695 3685 857 3734 patriae
875 3686 1089 3733 gessimus
1115 3696 1275 3725 —cum
1291 3695 1427 3726 vene-
1462 3686 1543 3734 fio;
1580 3687 1770 3735 primum
1808 3685 2057 3724 valetudine
2072 3712 2084 3732 ‚
2122 3694 2249 3733 quam
2284 3680 2543 3720 intermifflifl

342 3737 428 3783 ris,
456 3739 577 3776 tanto
605 3737 786 3776 consilio
813 3739 1018 3785 tantaque
1045 3737 1178 3776 animi
1209 3739 1427 3786 magnstu-
1464 3736 1850 3777 exercitationibus
1868 3736 2119 3780 amiseram:
2148 3732 2304 3772 deinde
2330 3732 2425 3780 ipsa
2450 3729 2540 3777 illa,

343 3787 446 3826 dine
473 3795 498 3824 a
525 3797 594 3826 me
629 3789 752 3836 gesta
787 3797 1048 3836 cognosces,
1086 3791 1136 3828 ut
1170 3789 1251 3828 tibi
1285 3790 1424 3829 multo
1463 3791 1585 3839 siqua
1604 3789 1688 3828 fuit
1704 3789 1752 3826 in
1768 3797 1839 3828 me
1858 3787 2039 3826 facultas
2057 3783 2278 3828 orationis,
2298 3782 2473 3820 nisime
2490 3779 2544 3818 ad

344 3837 510 3884 maiori,
527 3847 652 3886 quam
663 3839 892 3878 Africanus
909 3840 1004 3886 fuit.
1017 3842 1164 3880 tamen
1179 3851 1269 3880 non
1288 3841 1425 3880 multo
1461 3842 1541 3880 has
1553 3839 1887 3880 exercitationes
1898 3838 2015 3884 (cum
2023 3835 2182 3880 Hirtio,
2193 3831 2435 3883 Dolabella,
2446 3831 2543 3870 aliis

345 3891 553 3928 minorem
573 3899 700 3936 quam
717 3889 914 3930 Laelium
925 3891 1052 3930 facile
1071 3895 1116 3930 et
1134 3893 1236 3932 inre
1253 3893 1427 3942 publica
1464 3891 1702 3938 instimtas)
1720 3889 2000 3934 rettulissem,
2020 3883 2288 3925 exeruisset)

347 3941 454 3978 etin
479 3941 670 3980 amicitia
697 3941 946 3982 adiunctum
965 3953 1062 3982 esse
1079 3943 1272 3992 patiare:
1306 3945 1425 3983 Talis
1514 3944 1564 3982 49
1592 3943 1645 3981 de
1672 3941 1776 3980 Div.
1796 3937 1855 3986 11,
1875 3940 1915 3978 7.
1944 3935 2161 3984 ‘pristinis
2192 3932 2329 3972 orbati
2356 3932 2542 3971 muneri-

343 3991 536 4030 amicitia
555 3995 645 4031 erat
663 3992 844 4034 Isocrati
863 4005 961 4035 cum
979 3995 1223 4044 Timotheo,
1251 3995 1310 4035 et.
1329 3995 1425 4044 XV,
1464 3995 1543 4034 bus
1560 3995 1669 4032 haec
1687 3991 1829 4032 studia
1847 3995 2057 4028 renovare
2076 3985 2313 4032 coepimus,
2332 3983 2544 4022 ut—ani·

347 4041 562 4083 101—137.
1462 4055 1559 4086 mus
1576 4042 1790 4084 molestiis
1808 4041 1889 4080 hac
1905 4037 2180 4088 potissimum
2196 4043 2243 4074 re
2260 4031 2505 4073 levaretur:
