2784 4575
482 210 617 278 330
1095 219 1488 278 M.TULL11
1522 218 1926 278 CICERONIS

484 344 691 432 magis
726 355 793 411 et
824 343 892 410 in
924 343 1257 423 membris3
1306 341 1694 430 paucitatem
1725 343 1898 409 enim
1947 342 2184 430 pedum
2225 342 2590 429 gravitate

484 461 605 506 sua
646 449 713 506 et
760 437 1057 504 tarditate
1106 448 1498 524 compensat.
1581 437 1702 503 sed
1747 436 1870 504 hos
1921 457 2070 502 cum
2116 437 2187 502 in
2237 437 2586 504 clausulis

480 531 683 641 pedes
731 530 1021 608 nomino,
1078 551 1213 595 non
1258 529 1486 615 loquor
1533 529 1616 596 de
1665 552 1796 596 uno
1845 530 2012 616 pede
2059 540 2392 598 extremo·
2455 533 2586 598 ad-

482 625 709 712 iungo,
762 625 936 709 quod
966 622 1299 690 minimum
1330 624 1446 702 sit,
1496 624 1858 710 proximum
1891 624 2316 711 superiorem,
2355 647 2580 714 saepe

368 748 450 792 m
484 719 679 786 etiam
728 718 1005 784 tertium.
1089 739 1175 783 ne
1224 717 1475 783 iambus
1525 717 1812 802 quidem,
1863 719 1973 802 qui
2021 728 2123 783 est
2161 740 2200 784 e
2241 719 2448 784 brevi
2505 733 2576 786 et

482 815 706 902 longa,
758 824 873 879 aut
900 836 1021 901 par
1054 813 1313 891 choreo,
1365 812 1480 896 qui
1509 811 1706 878 habet
1735 811 1852 877 tris
1884 813 2127 892 brevis,
2177 813 2571 893 trochaeus,

480 908 600 974 sed
634 907 842 995 spatio
873 929 1019 994 par,
1053 929 1185 971 non
1218 860 1514 992 syllabis,
1567 915 1680 970 aut
1713 904 1908 970 etiam
1939 906 2258 992 dactylus,
2293 907 2422 991 qui
2462 921 2567 974 est

482 1025 521 1068 e
554 1001 748 1090 longa
780 1012 848 1067 et
880 1000 1128 1065 duabus
1163 998 1494 1077 brevibus,
1528 998 1586 1064 si
1620 1009 1721 1066 cst
1757 999 2084 1085 proximus
2121 1023 2162 1065 a
2189 1010 2562 1086 postremo,

478 1117 709 1182 parum
758 1093 1121 1161 volubiliter
1168 1092 1460 1179 pervenit
1510 1092 1595 1157 ad
1644 1103 2028 1170 extremum,
2081 1093 2139 1158 si
2180 1104 2284 1158 est
2335 1105 2560 1160 extre-

479 1209 625 1254 mus
660 1186 929 1254 choreus
964 1197 1073 1252 aut
1108 1187 1458 1274 spondeus3
1511 1208 1858 1270 numquam
1899 1186 2068 1250 enim
2099 1185 2374 1252 interest
2405 1200 2558 1253 uter

482 1283 569 1346 sit
616 1301 836 1346 eorum
884 1280 953 1344 in
1002 1280 1181 1366 pede'
1220 1290 1525 1346 extremo.
1611 1281 1729 1344 sed
1777 1278 1988 1344 eidem
2037 1279 2107 1344 hi
2155 1290 2288 1346 tres
2341 1282 2554 1367 pedes

480 1373 649 1439 male
682 1373 1095 1450 concludunt,
1146 1373 1203 1437 si
1236 1373 1380 1457 quis
1433 1395 1654 1439 eorum
1697 1372 1766 1436 in
1799 1385 2084 1438 extremo
2133 1372 2388 1439 locatus
2423 1389 2552 1452 est,

480 1467 608 1532 nisi
641 1488 787 1532 cum
821 1489 939 1554 pro
984 1465 1215 1532 cretico
1266 1477 1626 1553 postremus
1671 1477 1774 1531 est
1805 1466 2142 1576 dactylum·
2174 1465 2338 1532 nihil
2371 1469 2549 1534 enim

480 1562 745 1628 interest
776 1559 1067 1647 dactylus
1106 1560 1190 1625 sit
1224 1572 1544 1626 extremus
1581 1583 1668 1626 an
1699 1560 1999 1639 creticus,
2033 1561 2184 1644 quia
2213 1573 2549 1648 postrema

484 1655 731 1742 syllaba
778 1655 993 1722 brevis
1037 1677 1123 1720 an
1162 1653 1359 1742 longa
1403 1654 1515 1732 sit,
1563 1677 1648 1720 ne
1689 1655 1758 1719 in
1798 1675 1992 1719 versu
2023 1655 2280 1740 quidem
2319 1655 2546 1722 refert.

364 1773 447 1814 ιιι
481 1771 609 1833 qua
647 1771 719 1814 re
770 1749 965 1815 etiam
1012 1771 1261 1835 paeana
1310 1747 1426 1833 qui
1477 1703 1638 1814 dixit
1687 1748 2025 1834 aptiorem,
2077 1748 2148 1813 in
2187 1771 2312 1833 quo
2361 1762 2546 1816 esset

476 1845 674 1930 longa
704 1854 1056 1929 postrema,
1109 1841 1269 1907 vidit
1297 1864 1554 1952 parum,
1605 1841 1906 1926 quoniam
1935 1842 2098 1906 nihil
2129 1842 2214 1907 ad
2241 1865 2378 1908 rem
2409 1855 2540 1922 est,

476 1948 803 2024 postrema
844 1959 1039 2022 quam
1070 1937 1267 2022 longa
1310 1936 1414 2001 sit.
1497 1936 1630 2001 iam
1679 1957 1914 2023 paean,
1967 1936 2140 2020 qnod
2181 1936 2374 2023 plmis
2405 1937 2537 2000 ha-

476 2033 630 2098 beat
662 2031 941 2115 syllabas
977 2051 1171 2113 quam
1204 2029 1350 2107 tris,
1392 2052 1696 2096 numerus
1732 2054 1774 2096 a
1803 2031 2205 2115 quibusdam,
2235 2051 2362 2094 non
2393 2051 2530 2115 pes

478 2123 767 2188 habetur.
855 2133 955 2188 est
988 2122 1272 2206 quidem,
1322 2133 1398 2187 ut
1438 2122 1606 2188 inter
1657 2125 1863 2190 omnis
1921 2134 2168 2190 constat
2209 2122 2536 2207 antiquoS,

475 2215 911 2294 Aristotelem,
938 2214 1475 2303 Theophrastum,
1502 2217 1957 2297 Theodectem,
1987 2219 2340 2307 Ephorum,
2361 2239 2538 2282 unus

478 2308 845 2397 aptissimus
904 2309 1177 2376 orationi
1227 2310 1333 2377 vel
1384 2311 1613 2379 orienti
1663 2313 1770 2378 vel
1825 2312 2104 2391 mediae;
2162 2322 2393 2401 putant
2439 2311 2536 2377 illi

478 2404 670 2471 etiam
714 2404 999 2482 cadenti,
1060 2426 1191 2489 quo
1248 2404 1393 2472 loco
1451 2404 1609 2471 mihi
1669 2406 1920 2473 videtur
1977 2406 2188 2493 aptior
2244 2403 2538 2471 creticus.

476 2498 807 2565 dochmius
858 2509 1073 2565 autem
1104 2522 1143 2565 e
1184 2500 1464 2585 quinque
1507 2500 1800 2587 syllabis,
1850 2500 2060 2579 brevi,
2106 2502 2354 2567 duabus
2397 2500 2540 2565 lon-

474 2593 599 2681 gis,
630 2594 833 2673 brevi,
864 2594 1087 2682 longa,
1129 2604 1203 2659 ut
1234 2606 1337 2661 est
1367 2595 1520 2661 hoc·
1573 2596 1840 2661 ‘amicos
1875 2606 2076 2673 tenes,
2076 2594 2096 2625 '
2131 2594 2360 2680 quovis
2393 2594 2542 2659 loco

477 2699 662 2776 aptus
704 2699 833 2766 est,
886 2688 1041 2753 dum
1074 2689 1275 2755 semel
1315 2698 1617 2775 ponatur.
1668 2690 1932 2755 iteratus
1977 2700 2090 2755 aut
2131 2690 2539 2755 continuatus

374 2782 443 2838 65
476 2804 813 2848 numerum
864 2793 1155 2869 apertum
1206 2793 1272 2851 et
1320 2782 1510 2849 nimis
1561 2784 1880 2870 insignem
1927 2784 2102 2850 facit.
2189 2784 2290 2849 his
2339 2784 2542 2872 igitur

364 2856 443 2897 ²²⁹
477 2885 574 2943 tot
623 2876 1223 2945 commutationibus
1276 2887 1536 2962 tamque
1585 2877 1780 2944 variis
1824 2878 1881 2943 si
1919 2888 2200 2956 utemur,
2251 2899 2373 2943 nec
2423 2878 2538 2943 de-

474 2966 903 3057 prehendetur
950 2970 1291 3037 manifesto
1335 2970 1510 3055 quod
1543 2994 1586 3037 a
1615 2972 1802 3037 nobis
1847 2972 1930 3037 de
1961 2970 2278 3037 industria
2321 2970 2434 3037 fiet
2469 2983 2536 3035 et

474 3072 837 3129 occurretur
886 3063 1188 3143 satietati3
1242 3073 1309 3128 et
1358 3064 1510 3149 quia
1555 3086 1688 3131 non
1745 3087 2010 3131 numero
2063 3066 2272 3131 solum
2309 3086 2540 3129 nume-

472 3177 625 3221 rosa
656 3155 886 3235 oratio,
924 3157 1041 3221 sed
1082 3168 1149 3223 et
1182 3157 1642 3243 compositione
1673 3159 1749 3224 fit
1781 3170 1848 3225 et
1879 3180 2142 3246 genere,
2178 3158 2351 3245 quod
2383 3170 2534 3224 ante

474 3248 716 3315 dictmn
767 3260 893 3328 est,
946 3249 1420 3330 concinnitatis,
1473 3252 1930 3340 compositione
1971 3264 2186 3340 potest
2223 3252 2533 3341 intellegi,

473 3365 621 3411 cum
656 3344 753 3410 ‘ita
784 3354 1024 3411 structa
1064 3343 1263 3411 verba
1306 3355 1485 3423 sunt,
1535 3356 1610 3411 ut
1649 3368 1950 3413 numerus
2001 3369 2134 3416 non
2181 3347 2534 3432 quaesitus,

474 3438 593 3503 sed
618 3438 763 3523 ipse
798 3447 1057 3505 secutus
1090 3460 1238 3505 esse
1270 3438 1591 3519 videatur,
1641 3451 1718 3507 ut
1751 3441 1924 3528 apud
1957 3438 2297 3508 Crassum:
2351 3447 2534 3507 ‘nam

472 3530 587 3595 ubi
615 3529 834 3611 lubido
886 3530 1273 3611 dominatur,
1324 3532 1726 3601 innocentiae
1773 3535 1918 3601 leve
1949 3534 2338 3621 praesidium
2357 3559 2365 3565 ·⁴
2388 3536 2531 3602 est?

474 3624 630 3690 ordo
683 3624 853 3690 enim
902 3626 1265 3693 verborum.
1294 3627 1492 3693 efficit
1547 3650 1884 3695 numerum
1933 3628 2071 3695 sine
2128 3628 2262 3695 ulla
2309 3640 2532 3715 aperta

474 3717 741 3785 oratoris
783 3717 1111 3787 industria.
1198 3721 1416 3804 itaque
1459 3721 1516 3787 si
1557 3745 1721 3806 quae
1765 3735 2012 3790 veteres
2053 3722 2149 3789 illi
2185 3757 2278 3771 —
2317 3725 2532 3789 Hero-

472 3812 695 3877 dotum
747 3811 889 3877 dico
938 3824 1007 3879 ct
1056 3813 1502 3900 Thucydidem
1553 3826 1876 3902 totamque
1927 3839 2072 3883 eam
2120 3828 2392 3883 aetatem
2438 3852 2532 3866 —-

476 3917 622 3988 apte
654 3926 1116 3989 numeroseque
1148 3907 1464 3985 dixerunt,
1499 3930 1579 3973 ea
1609 3933 1740 3976 non
1771 3931 2037 3978 numero
2070 3910 2376 3995 quaesito,
2411 3910 2532 3979 sed

372 4014 457 4054 κιο
474 3994 811 4057 verborum
846 3996 1277 4064 conlocatione
1310 3999 1690 4067 ceciderunt.
1761 4004 2004 4069 formae
2037 4025 2190 4070 vero
2215 4002 2529 4089 quaedam
