2784 4575
484 227 568 296 62
973 237 1397 297 CORNIFICII
1430 236 2048 298 RHETORICORUM

481 361 852 433 ostendam?
909 361 1002 430 sic
1031 358 1362 448 [meroem]
1381 361 1511 448 ipsi
1536 363 1645 446 qui
1669 361 2015 439 venditant,
2044 360 2297 428 aliunde
2322 383 2557 428 exem-

482 458 658 544 plum
711 457 1090 541 quaeritent,
1146 467 1258 528 aut
1303 457 1374 524 in
1426 457 1595 523 areis
1644 479 1907 523 acervos
1960 478 2033 525 se
2084 455 2299 526 dicant
2350 455 2555 524 tritici

481 553 716 616 habere
759 561 826 616 et
875 573 1094 617 eorum
1144 550 1509 636 exemplum
1559 572 1776 636 pugno
1828 571 1959 619 non
2010 549 2313 626 habeant,
2370 551 2554 633 quod

479 645 837 715 ostendant.
928 644 982 708 si
1025 643 1485 730 Triptolemus,
1542 667 1687 712 cum
1738 643 2097 714 hominibus
2154 665 2371 712 semen
2415 644 2551 714 lar·

479 741 744 829 giretur,
807 740 946 826 ipse
1001 741 1082 806 ab
1137 739 1274 807 aliis
1332 739 1404 804 id
1456 739 1816 810 hominibus
1874 749 2269 807 mutuaretur
2322 749 2431 807 aut
2490 739 2550 804 si

477 835 928 912 Prometheus,
981 855 1127 903 cum
1157 834 1533 926 mortalibus
1568 834 1783 920 ignem
1819 833 2101 900 dividere
2134 832 2354 910 vellet,
2399 832 2549 919 ipse

478 953 520 994 a
570 929 794 996 vicinis
849 951 995 993 cum
1045 938 1210 994 testo
1272 927 1603 996 ambulans
1666 927 2079 994 carbunculos
2143 939 2543 1013 conrogaret,

476 1024 778 1091 ridiculus
831 1023 1178 1089 videretur:
1230 1021 1338 1090 isti
1387 1021 1678 1108 magistri
1726 1023 2013 1090 omnium
2062 1020 2313 1087 dicendi
2354 1043 2546 1106 prae-
2618 1078 2631 1086 ,

479 1129 766 1202 ceptores
803 1138 933 1186 non
967 1115 1260 1182 videntur
1295 1116 1418 1182 sibi
1451 1115 1711 1180 ridicule
1746 1116 1986 1194 facere,
2038 1137 2187 1184 cum
2219 1114 2313 1191 id,
2368 1115 2547 1198 quod

477 1211 617 1278 aliis
644 1210 1038 1303 pollicentur,
1077 1210 1158 1274 ab
1193 1209 1332 1276 aliis
1369 1221 1699 1294 quaerunt.
1776 1209 1831 1274 si
1863 1211 1974 1293 qui
2010 1232 2079 1276 se
2115 1209 2308 1274 fontis
2336 1209 2543 1277 maxi-

476 1327 616 1374 mos
658 1303 911 1390 penitus
965 1303 1370 1393 absconditos
1426 1304 1749 1390 aperuisse
1794 1304 1965 1373 dicat
2006 1315 2072 1370 et
2113 1303 2272 1370 haec
2316 1303 2537 1374 sitiens

477 1419 630 1467 cum·
657 1397 930 1468 maxime
965 1397 1258 1481 loquatur
1291 1419 1499 1482 neque
1534 1399 1785 1476 habeat,
1822 1397 1932 1482 qui
1967 1397 2138 1464 sitim
2173 1399 2371 1474 sedet,
2406 1421 2540 1463 non

475 1493 791 1563 rideatur?
850 1492 982 1570 isti,
1037 1513 1183 1558 cum
1227 1515 1358 1559 non
1399 1493 1591 1564 modo
1633 1492 1925 1562 dominos
1964 1516 2033 1557 se
2069 1492 2365 1570 fontium,
2420 1492 2541 1558 sed

477 1609 548 1652 se
581 1587 757 1696 ipsos
794 1586 988 1652 fontis
1025 1609 1168 1652 esse
1204 1587 1418 1652 dicant
1450 1598 1517 1654 et
1548 1587 1832 1654 omnium
1880 1586 2089 1674 rigare
2134 1585 2459 1652 debeant
2439 1609 2539 1650 m·-

476 1681 692 1767 genia,
728 1705 858 1746 non
889 1676 1116 1768 putant
1149 1680 1286 1746 fore
1319 1681 1674 1759 ridiculum,
1712 1681 1786 1758 si,
1823 1703 1967 1748 cum
2002 1680 2070 1745 id
2101 1680 2533 1766 polliceantur,

474 1787 763 1844 arescant
815 1775 941 1861 ipsi
997 1775 1296 1840 siccitate.
1389 1773 1634 1844 Chares
1680 1775 1761 1840 ab
1805 1775 2097 1862 Lysippo
2150 1784 2393 1840 statuas
2439 1774 2536 1840 fa„-

475 1892 617 1936 cere
651 1894 782 1936 non
815 1870 939 1934 isto
974 1871 1164 1936 modo
1201 1869 1441 1946 didicit,
1477 1881 1550 1935 ut
1583 1869 1913 1956 Lysippus
1950 1881 2140 1956 caput
2174 1869 2535 1935 ostenderet

408 1995 414 2000 ·
472 1965 871 2048 Myronium,
924 1963 1186 2028 brachia
1219 1963 1595 2041 Praxitelia,
1649 1973 1871 2050 pectus
1913 1962 2363 2048 Polycletium,
2418 1963 2533 2028 sed

474 2055 688 2125 omnia
737 2079 951 2122 coram
1010 2057 1386 2143 magist
1438 2057 1777 2124 facientem
1836 2057 2119 2136 videbat,
2184 2068 2532 2122 ceterorum

474 2173 670 2238 opera
719 2151 821 2216 vel
879 2173 996 2216 sua
1048 2161 1274 2237 sponte
1325 2161 1576 2236 poterat
1627 2151 2057 2222 consideraret
2108 2151 2216 2216 isti
2271 2151 2533 2216 credunt

477 2265 616 2321 eos,
673 2244 781 2329 qui
832 2244 992 2311 haec
1043 2245 1242 2311 velint
1293 2244 1565 2325 discere,
1619 2246 1745 2313 alia
1792 2245 2035 2313 ratione
2090 2245 2300 2313 doceri
2342 2266 2529 2332 posse

399 2350 448 2460 17
476 2339 887 2406 commodius.
975 2350 1308 2425 praeterea
1347 2363 1431 2407 ne
1473 2352 1745 2427 possunt
1780 2339 2034 2424 quidem
2072 2364 2176 2417 ea,
2231 2360 2405 2423 quae
2428 2363 2531 2405 su

399 2422 728 2497 ¹⁰muntur
787 2433 870 2497 ab
934 2432 1103 2511 aliis,
1165 2434 1461 2543 exempla
1520 2446 1651 2500 tam
1713 2456 1857 2499 esse
1916 2434 2400 2501 adcommodata
2450 2434 2531 2503 ad

422 2572 424 2575 ψ
474 2536 698 2604 artem,
751 2537 1088 2614 propterea
1138 2527 1368 2611 quod
1349 2552 1418 2593 m
1470 2528 1737 2597 dicendo
1790 2527 2013 2593 leviter
2054 2550 2219 2593 unus
2268 2527 2529 2611 quisque

471 2618 648 2685 locus
706 2619 1076 2706 plerumque
1137 2621 1445 2707 tangitur,
1516 2644 1599 2687 ne
1660 2644 1762 2687 ars
1826 2633 2155 2709 appareat,
2226 2622 2293 2685 in
2350 2642 2529 2707 prae-

471 2712 762 2798 cipiendo
798 2738 1100 2801 expresse
1138 2715 1499 2801 conscripta
1530 2737 1767 2801 ponere
1802 2725 2053 2801 oportet
2080 2714 2406 2800 exempla,
2441 2714 2529 2778 uti

469 2806 536 2869 in
578 2808 732 2872 artis
780 2810 1050 2875 formam
1103 2808 1441 2877 convenire
1493 2809 1771 2895 possint3
1826 2820 1892 2873 at
1934 2820 2085 2895 post
2132 2808 2199 2872 in
2245 2808 2527 2885 dicendo,

471 2922 552 2963 ne
601 2902 809 2985 possit
860 2924 962 2965 ars
1015 2902 1292 2968 eminere
1345 2914 1412 2968 et
1464 2902 1565 2967 ab·
1598 2902 1891 2967 omnibus
1946 2901 2172 2978 videri,
2232 2900 2528 2968 facultate

472 2994 738 3057 oratoris
776 2994 1142 3061 occultatur.
1230 3018 1384 3083 ergo
1420 2996 1645 3073 etiam,
1690 3007 1761 3061 ut
1794 2995 1999 3081 magis
2048 3018 2151 3065 ars
2186 3014 2529 3079 eognosca-

474 3094 594 3162 tur,
633 3086 765 3151 suis
804 3089 1108 3175 exemplis
1143 3089 1370 3156 melius
1409 3102 1507 3156 est
1539 3090 1653 3155 uti.
1722 3100 2045 3175 postremo
2088 3087 2247 3153 haec
2282 3108 2527 3172 quoque

469 3201 572 3243 res
626 3201 744 3245 nos
799 3180 981 3245 duxit
1031 3183 1114 3248 ad
1165 3184 1330 3249 hanc
1389 3184 1730 3261 rationem,
1794 3182 1967 3265 quod
2016 3180 2275 3247 nomina
2321 3204 2528 3249 rerum

473 3270 723 3337 Graeca
781 3276 1236 3343 convertimus:
1297 3300 1376 3343 ea
1432 3287 1677 3346 remota
1740 3285 1887 3341 sunt
1948 3298 1989 3339 a
2048 3274 2525 3354 consuetudine3

471 3389 632 3451 quae
687 3367 856 3433 enim
905 3392 1010 3435 res
1065 3372 1236 3457 apud
1293 3381 1545 3437 nostros
1598 3392 1729 3435 non
1782 3380 1988 3445 erant,
2054 3392 2271 3437 earum
2321 3392 2527 3451 rerum

467 3461 726 3528 nomina
775 3486 905 3528 non
945 3474 1239 3549 poterant
1291 3486 1435 3531 esse
1485 3463 1719 3530 usitata
1725 3488 1744 3542 3
1796 3484 1953 3548 ergo
2007 3462 2165 3529 haec
2212 3464 2527 3550 asperiora

469 3556 672 3641 primo
711 3555 1044 3621 videantur
1077 3580 1342 3623 necesse
1379 3567 1507 3635 est,
1544 3557 1611 3621 id
1646 3557 1819 3640 quod
1850 3556 1963 3621 fiet
1993 3557 2113 3634 rei,
2150 3580 2281 3623 non
2312 3568 2525 3624 nostra

470 3649 872 3728 difficultate3
916 3648 1230 3734 reliquum
1267 3649 1615 3736 scripturae
1650 3660 2057 3718 consumetur
2089 3650 2156 3715 in
2193 3649 2521 3735 exemplis:

469 3742 628 3809 haec
663 3743 872 3811 aliena
907 3743 963 3807 si
996 3743 1465 3829 posuissemus,
1505 3744 1744 3809 factum
1778 3755 1978 3823 esset,
2016 3754 2114 3823 ut,
2152 3743 2323 3827 quod
2356 3763 2522 3809 com·

467 3836 718 3902 modius
765 3847 938 3903 esset
978 3836 1046 3901 in
1089 3838 1212 3903 hoc
1253 3838 1445 3917 libro,
1498 3840 1567 3905 id
1608 3850 1898 3906 nostrum
1930 3863 2061 3906 non
2106 3847 2304 3917 esset,
2355 3837 2523 3922 quod

471 3923 757 4014 asperius
809 3941 874 3996 et
922 3930 1321 4011 inusitatum,
1384 3933 1454 3999 id
1504 3935 1755 4022 proprie
1807 3934 1991 3999 nobis
2054 3931 2518 4009 attribueretur3

471 4043 622 4109 ergo
660 4023 824 4089 hanc
851 4046 1101 4109 quoque
1136 4024 1717 4098 incommoditatem
1746 4027 2051 4117 figimus.
2122 4026 2223 4096 his
2260 4028 2341 4095 de
2374 4048 2521 4093 cau-
