2784 4575
404 279 491 344 62
1011 285 1095 342 Μ.
1135 284 1409 342 TULLII
1446 279 1847 340 CICERONIS

402 425 477 480 ut
499 412 784 502 ipsorum
807 431 966 476 usus
992 409 1256 485 ferebat,
1293 405 1675 472 amicissime
1708 403 2244 470 consalutassent:
2284 401 2473 488 ‘quid

405 529 522 574 vos
585 503 907 572 tandem?
972 501 1250 568 Crassus
1317 498 1804 582 ‘numquidnam
1824 497 1843 524 '
1921 495 2129 582 inquit
2219 497 2467 564 “novit''

408 597 594 664 ‘nihil
645 619 800 664 sane
807 597 856 676 ‚'
917 595 1125 680 inquit
1177 592 1449 660 Catulus
1502 592 1766 658 ‘etenim
1816 589 1999 656 vides
2052 613 2199 658 esse
2247 591 2470 670 ludos3

407 693 526 760 sed
554 727 645 742 ·-—
675 691 780 758 vel
814 701 886 755 tu
926 712 1044 756 nos
1079 689 1330 774 ineptos
1363 685 1541 754 licet’
1586 685 1793 770 inquit
1834 685 1967 752 ‘vel
1998 686 2306 752 molestos
2348 708 2475 772 pu·-

407 798 506 854 tes
539 821 630 836 ·-
671 807 818 852 cum
861 784 946 850 ad
995 803 1099 848 me
1142 783 1212 846 in
1245 781 1684 846 Tusculanum
1722 777 1979 868 [inquit]
2026 779 2165 844 heri
2214 779 2473 866 vesperi

407 880 690 948 venisset
723 875 966 944 Caesar
1001 875 1082 942 de
1116 874 1485 940 Tusculano
1522 896 1667 952 suo,
1704 872 1865 938 dixit
1894 871 2052 937 mihi
2086 896 2129 937 a
2162 895 2235 940 se
2272 871 2472 938 Scae-

407 973 621 1040 volam
654 971 804 1038 hinc
837 981 1094 1037 euntem
1135 991 1284 1034 esse
1325 979 1737 1046 conventum,
1792 988 1875 1032 ex
1908 987 2037 1050 quo
2076 967 2243 1032 mira
2274 988 2472 1050 quae-s

411 1069 560 1133 dam
593 1090 665 1133 se
700 1065 958 1131 audisse
1002 1063 1256 1128 dicebat
1263 1088 1284 1142 ;
1336 1074 1430 1140 te,
1485 1083 1675 1145 quem
1718 1083 1841 1148 ego
1882 1058 2117 1126 totiens
2162 1059 2335 1126 omni
2364 1083 2472 1124 ra-

412 1162 584 1227 tione
635 1169 954 1246 temptans
999 1158 1083 1222 ad
1133 1156 1587 1243 disputandum
1640 1155 1866 1221 elicere
1917 1177 2048 1220 non
2096 1153 2471 1240 potuissem,

410 1253 728 1341 permulta
761 1253 841 1318 de
885 1251 1246 1337 eloquentia
1287 1271 1437 1316 cum
1468 1249 1755 1316 Antonio
1800 1248 2171 1314 disseruisse
2204 1259 2271 1312 et
2296 1257 2470 1326 tam-

411 1369 604 1431 quam
635 1347 704 1411 in
739 1345 959 1413 schola
989 1367 1188 1431 prope
1224 1344 1309 1408 ad
1351 1341 1746 1410 Graecorum
1781 1341 2298 1408 consuetudinem
2332 1341 2473 1405 dis-

335 1470 388 1511 11
411 1451 700 1528 putasse:
735 1441 828 1506 ita
857 1463 962 1508 me
996 1441 1191 1506 frater
1216 1439 1504 1505 exoravit
1533 1461 1618 1504 110
1650 1438 1862 1526 ipsum
1897 1439 2151 1522 quidem
2184 1461 2227 1501 a
2258 1435 2475 1502 studio

414 1537 710 1603 audiendi
761 1535 948 1600 nimis
1002 1535 1473 1612 abhorrentem,
1538 1534 1657 1600 sed
1704 1534 2067 1600 mehercule
2126 1542 2474 1609 verentem,

409 1654 492 1697 ne
525 1630 780 1697 molesti
813 1629 996 1697 vobis
1028 1629 1585 1707 interveniremus,
1637 1639 1713 1693 ut
1745 1629 1871 1693 huc
1905 1651 2123 1694 secum
2156 1627 2441 1693 venirem
2453 1652 2473 1703 3

413 1725 647 1790 etenim
683 1721 1062 1790 Scaevolam
1103 1723 1194 1789 ita
1237 1723 1447 1790 dicere
1490 1723 1727 1800 aiebat,
1781 1724 2017 1788 bonam
2054 1732 2304 1808 partem
2340 1743 2479 1786 ser-

409 1820 618 1884 monis
659 1818 728 1884 in
779 1818 950 1884 hunc
1003 1817 1171 1882 diem
1221 1840 1366 1882 esse
1420 1817 1698 1881 dilatam.
1787 1817 1911 1881 hoc
1952 1829 2025 1880 tu
2070 1816 2127 1880 si
2180 1814 2476 1901 cupidius

411 1914 654 1978 factum
688 1911 1046 1988 existimas,
1095 1909 1366 1978 Caesari
1400 1910 1734 1989 attribues3
1790 1911 1848 1977 si
1881 1910 2285 1988 familiarius,
2318 1907 2479 1974 utri-

413 2029 537 2091 que
586 2017 903 2084 nostrum3
955 2027 1073 2070 nos
1119 2005 1406 2089 quidem,
1458 2007 1587 2070 nisi
1630 2007 1793 2073 forte
1838 2005 2091 2072 molesti
2132 2003 2478 2070 interveni-

345 2095 382 2148 4
415 2123 590 2178 mus,
643 2099 898 2164 venisse
953 2098 1266 2164 delectat.'
1355 2109 1493 2164 tum
1538 2097 1817 2166 Crassus
1875 2099 2227 2184 ‘equidem,
2282 2120 2478 2184 quae-

337 2167 388 2206 15
415 2213 687 2276 cumque
720 2213 838 2258 vos
874 2213 1074 2258 causa
1103 2191 1228 2257 huc
1265 2193 1607 2272 attulisset,
1652 2193 1949 2272 laetarer,
1986 2215 2133 2259 cum
2166 2193 2336 2279 apud
2368 2215 2475 2256 me

416 2284 700 2351 viderem
751 2284 1038 2352 homines
1092 2285 1250 2353 mihi
1313 2287 1676 2355 carissimos
1730 2299 1798 2354 et
1846 2286 2295 2365 amicissimos;
2360 2285 2476 2352 sed

415 2390 656 2459 tamen,
709 2402 860 2446 vere
895 2380 1128 2460 dicam,
1173 2383 1451 2492 quaevis
1494 2383 1753 2448 mallem
1793 2383 2050 2460 fuisset,
2103 2403 2297 2466 quam
2327 2381 2474 2459 ista,

414 2496 606 2560 quam
647 2474 826 2541 dicis.
915 2498 1038 2562 ego
1089 2476 1288 2555 enim,
1341 2488 1439 2554 ut,
1493 2499 1685 2562 quem
1738 2478 1820 2542 ad
1870 2477 2130 2542 modum
2184 2476 2477 2551 sentiam,

412 2568 664 2653 loquar,
713 2591 1059 2654 numquam
1093 2571 1252 2637 mihi
1282 2572 1492 2636 minus
1528 2593 1722 2655 quam
1754 2572 2053 2637 hesterno
2090 2571 2193 2635 die
2226 2570 2478 2657 placui3

413 2662 620 2749 magis
665 2664 826 2730 adeo
868 2663 937 2729 id
979 2665 1282 2731 facilitate
1327 2687 1521 2748 quam
1564 2665 1691 2730 alia
1736 2664 1871 2729 ulla
1913 2664 2101 2751 culpa
2140 2687 2285 2729 mea
2326 2684 2482 2728 con-

415 2756 589 2843 tigit,
634 2758 770 2841 qui,
805 2756 958 2823 dum
993 2758 1313 2842 obsequor
1347 2758 1891 2836 adulescentibus,
1936 2780 2040 2822 me
2077 2780 2297 2823 senem
2332 2778 2483 2823 esse

414 2850 646 2915 oblitus
683 2873 828 2915 sum
861 2852 1110 2935 fecique
1143 2852 1242 2930 id,
1281 2851 1455 2935 quod
1484 2875 1569 2918 ne
1604 2852 1979 2918 adulescens
2016 2852 2274 2935 quidem
2307 2852 2481 2915 fece-

413 2964 581 3020 ram,
615 2954 690 3007 ut
723 2943 814 3009 eis
852 2944 932 3009 de
965 2946 1178 3023 rebus,
1218 2968 1380 3029 quae
1419 2946 1707 3013 doctrina
1740 2945 1954 3029 aliqua
1986 2946 2479 3021 continerentur,

416 3034 824 3123 disputarem.
915 3040 1031 3105 sed
1075 3040 1200 3107 hoc
1244 3052 1461 3108 tamen
1512 3040 1740 3105 cecidit
1780 3042 1937 3105 mihi
1988 3051 2480 3128 peropportune,

415 3130 587 3213 quod
620 3134 956 3199 transactis
990 3134 1120 3199 iam
1151 3134 1313 3199 meis
1365 3135 1653 3220 partibus
1693 3135 1776 3200 ad
1806 3136 2162 3201 Antonium
2213 3132 2480 3197 audien-

338 3246 389 3285 16
416 3224 569 3287 dum
620 3224 922 3291 venistis!
1012 3236 1149 3291 tum
1205 3226 1448 3294 Caesar
1504 3229 1826 3312 ‘equidem
1837 3228 1875 3307 ,'
1928 3229 2133 3313 inquit
2182 3223 2476 3303 ‘Crasse,

415 3318 508 3381 ita
540 3338 683 3384 sum
735 3317 1001 3404 cupidus
1044 3320 1114 3385 in
1145 3320 1256 3386 illa
1298 3322 1585 3408 longiore
1620 3333 1683 3388 te
1718 3345 1793 3388 ac
1834 3332 2145 3409 perpetua
2194 3320 2485 3405 disputa-

416 3410 586 3477 tione
623 3410 945 3492 audiendi,
997 3424 1098 3493 ut,
1154 3415 1210 3479 si
1243 3414 1312 3481 id
1345 3415 1503 3481 mihi
1546 3415 1757 3481 minus
1802 3415 2157 3502 contingat,
2208 3414 2314 3479 vel
2356 3413 2485 3478 hcc

419 3506 540 3571 sim
592 3506 906 3573 cotidiano
960 3518 1072 3575 tuo
1133 3531 1427 3576 sermone
1488 3520 1823 3577 contentus
1834 3536 1853 3588 ;
1912 3510 2131 3593 itaque
2192 3505 2483 3593 experiar

417 3600 710 3683 equidem
739 3597 952 3688 [illud]
981 3612 1055 3667 ut
1085 3626 1168 3669 110
1182 3621 1187 3626 ·
1201 3601 1523 3690 Sulpicius
1560 3603 1887 3669 familiaris
1922 3625 2103 3668 meus
2142 3611 2252 3667 aut
2285 3597 2489 3665 >Cotta

415 3694 560 3780 plus
607 3716 798 3778 quam
841 3718 964 3781 ego
1017 3697 1189 3783 apud
1224 3708 1287 3766 te
1323 3698 1535 3764 valere
1580 3698 1941 3775 videantur,
1996 3707 2062 3761 et
2094 3706 2161 3760 te
2200 3693 2487 3760 exorabo

415 3790 733 3875 profecto,
783 3800 858 3855 ut
898 3791 1056 3855 mihi
1087 3813 1358 3875 ,quoque
1404 3804 1468 3858 et
1514 3790 1747 3859 Catulo
1790 3805 1937 3857 tuae
1991 3788 2323 3855 suavitatis
2370 3786 2487 3851 ali-

419 3884 573 3966 quid
603 3884 957 3970 impertias3
1016 3887 1115 3954 sin
1151 3887 1267 3953 tibi
1297 3888 1367 3951 id
1409 3887 1617 3957 minus
1660 3887 1903 3966 licebit,
1956 3908 2086 3951 non
2130 3896 2194 3949 te
2237 3882 2485 3969 urgebo

418 3996 625 4058 neque
661 3979 1072 4056 committam,
1107 3991 1200 4057 ut,
1237 3982 1390 4046 dum
1424 4004 1684 4047 vereare
1720 3992 1791 4046 tu
1824 4003 1906 4045 ne
1942 3979 2031 4045 sis
2066 3978 2343 4064 ineptus,
2378 3997 2485 4039 me

342 4092 392 4133 1⁷
420 4088 564 4131 esse
597 4067 880 4135 iudices.’
955 4068 1121 4157 [tum
1156 4073 1290 4160 1110]
1333 4080 1483 4161 ‘ego
1516 4074 1905 4141 mehercule’
1960 4072 2166 4156 inquit
2201 4068 2483 4137 Crassus
