2784 4575
17 2929 20 3004 ---<
15 2717 30 2922 q-v—-—-
15 2301 26 2712 -=·——--—--—--·---—
15 2188 25 2292 *mum-a-
15 2150 23 2181 -ι

1022 272 1332 330 BRUTUS
1371 273 1626 328 36-44·
1694 265 1701 275 ‘
2213 258 2343 326 205

279 399 450 466 infra
488 393 936 486 [superiorem]
983 395 1358 482 Lycurgum
1411 396 1558 474 fuit,
1615 419 1653 460 a
1688 417 1812 480 quo
1859 405 1958 462 est
2012 394 2345 482 disciplina

283 491 940 559 Lacedaemoniorum
1001 490 1258 556 astricta
1315 489 1589 576 legibus.
1696 489 1812 554 sed
1865 487 2145 554 studium
2205 488 2341 555 eius
2382 521 2436 561 ιι

282 587 534 674 generis
587 585 912 669 maiorque
964 583 1060 648 vis
1115 584 1481 670 agnoscitur
1531 583 1599 647 in
1649 583 2018 663 Pisistrat03
2074 583 2344 668 denique

283 683 454 747 hunc
513 678 804 768 proximo
869 677 1123 744 saeculo
1175 677 1641 744 Themistocles
1702 677 2026 743 insecutus
2081 686 2206 758 est,
2272 689 2346 742 ut

283 775 456 862 apud
505 797 654 852 nos,
716 772 1158 861 perantiquus,
1219 782 1292 836 ut
1343 771 1516 859 apud
1565 770 2012 852 Atheniensis,
2074 794 2204 838 non
2255 770 2347 836 ita

282 891 436 936 sane
473 881 688 934 vetus:
769 867 891 933 fuit
925 867 1094 932 enim
1127 891 1242 932 sua
1275 877 1583 954 regnante
1618 866 1747 931 iam
1780 870 1849 932 in
1886 865 2184 946 Graecia,
2229 889 2345 934 no-

283 975 416 1029 stra
453 973 669 1028 autem
714 961 968 1026 civitate
1011 985 1142 1027 non
1175 961 1265 1025 ita
1306 961 1553 1046 pridem
1598 960 1925 1027 dominatu
1966 961 2143 1048 regio
2185 961 2344 1026 libe-

280 1068 449 1124 rata:
477 1079 626 1122 nam
649 1056 890 1122 bellum
913 1055 1297 1124 Volscorum
1322 1055 1480 1120 illud
1504 1055 1970 1142 gravissimum,
2000 1056 2100 1120 cui
2122 1053 2345 1122 Corio-

283 1153 475 1218 lanus
512 1152 694 1218 exsul
725 1150 1041 1230 interfuit,
1087 1151 1315 1217 eodem
1348 1150 1483 1216 fere
1518 1162 1801 1239 tempore
1838 1172 1963 1235 quo
1997 1150 2344 1216 Persarum

283 1248 522 1314 bellum
557 1247 706 1325 fuit,
745 1246 1094 1331 similisque
1131 1246 1386 1312 fortuna
1422 1246 1733 1312 clarorum
1768 1245 2073 1325 virorum3
2109 1245 2169 1310 si
2204 1245 2341 1330 qui-
2384 1270 2437 1310 42

284 1342 432 1408 dem
477 1353 742 1424 uterque
786 1363 932 1406 cum
977 1339 1132 1405 civis
1187 1339 1485 1426 egregius
1530 1339 1785 1418 fuisset,
1839 1339 2060 1427 populi
2110 1339 2343 1426 ingrati

285 1435 507 1522 pulsus
543 1435 770 1500 iniuria
822 1457 892 1500 se
929 1435 1012 1498 ad
1062 1435 1264 1500 hestis
1318 1434 1583 1500 contulit
1632 1445 2050 1518 conatumque
2094 1433 2343 1500 iracun-

289 1530 430 1596 diae
484 1552 636 1595 suae
687 1539 891 1595 morte
944 1529 1218 1607 sedavit3
1278 1552 1429 1593 nam
1480 1528 1601 1594 etsi
1651 1527 1831 1593 aliter
1884 1539 1983 1594 est
2035 1529 2206 1615 apud
2256 1539 2339 1606 te,

287 1623 531 1701 Attice,
587 1623 666 1688 de
722 1621 1093 1702 Coriolano,
1157 1623 1435 1688 concede
1461 1635 1465 1639 “
1488 1634 1730 1700 tamen,
1759 1699 1763 1702 ἢ
1792 1632 1865 1686 ut
1916 1621 2065 1687 huic
2123 1621 2344 1708 generi

287 1716 508 1782 mortis
542 1715 754 1803 potius
791 1716 1151 1782 adsentiar.'
1241 1726 1308 1780 at
1340 1715 1447 1781 ille
1480 1715 1695 1781 ridens
1740 1721 1880 1782 ‘tuo
1918 1715 2094 1781 vero'
2138 1715 2355 1798 inquit
2380 1728 2445 1780 11

290 1817 308 1846 ‘
321 1810 654 1886 arbitratu3
715 1811 1013 1893 quoniam
1073 1809 1330 1894 quidem
1391 1831 1769 1876 concessum
1829 1819 1929 1875 est
1984 1808 2342 1876 rhetoribus

289 1901 578 1968 ementiri
618 1902 686 1967 in
729 1903 1036 1982 historiis,
1090 1915 1162 1968 ut
1205 1903 1443 1988 aliquid
1478 1903 1685 1970 dicere
1728 1903 1979 1991 possint
2028 1903 2310 1990 argutius
2322 1927 2341 1980 3

287 2008 359 2062 ut
392 1996 560 2061 enim
595 2006 666 2061 tu
709 2018 879 2062 nunc
914 1998 994 2062 de
1032 1995 1403 2076 Coriolano,
1461 1998 1555 2063 sic
1590 1993 1979 2076 Clitarchus,
2036 1997 2129 2062 sic
2165 1993 2345 2062 Strae
2368 2025 2381 2034 ·

287 2091 484 2156 tocles
523 2089 601 2156 de
637 2089 1070 2156 Themistocle
1102 2091 1312 2158 finxit:
1348 2115 1499 2157 nam
1532 2083 1722 2176 quem
1759 2090 2199 2176 Thucydides,
2236 2088 2345 2174 qui
2387 2115 2440 2156 43

287 2195 353 2250 et
385 2183 799 2249 Atheniensis
838 2195 973 2250 erat
1007 2195 1072 2249 et
1107 2205 1353 2253 summo
1387 2185 1530 2252 loco
1564 2195 1752 2251 natus
1802 2207 2213 2270 summusque
2248 2184 2345 2250 vir

287 2287 355 2343 et
385 2279 575 2364 paulo
613 2287 818 2345 aetate
853 2278 1183 2366 posterior,
1219 2291 1465 2346 tantum
1491 2281 1704 2348 morbo,
1737 2292 2058 2347 mortuum
2093 2277 2347 2368 scripsit

287 2382 354 2437 et
385 2371 454 2437 in
486 2372 708 2438 Attica
741 2373 904 2439 clam
937 2374 1268 2441 humatum
1303 2376 1658 2461 addiditque
1692 2374 1893 2441 fuisse
1929 2374 2343 2460 suspitionem

289 2488 536 2531 veneno
593 2464 714 2531 sibi
766 2467 1151 2535 conscivisse
1203 2479 1501 2546 mortem,
1564 2468 1735 2532 hunc
1784 2467 1892 2533 isti
1944 2468 2145 2544 aiunt,
2199 2488 2345 2531 cum

289 2570 542 2625 taurum
573 2560 1063 2641 immolavisset,
1119 2563 1451 2649 excepisse
1497 2559 1873 2647 sanguinem
1914 2572 2135 2646 patera
2169 2569 2234 2624 et
2268 2582 2344 2623 eo

288 2664 440 2739 poto
474 2665 793 2720 mortuum
846 2655 1228 2735 concidisse3
1283 2656 1451 2721 hanc
1503 2654 1672 2720 enim
1722 2665 1992 2720 mortem
2035 2652 2347 2717 rhetorice

291 2757 356 2812 et
407 2749 644 2833 tragice
697 2772 922 2815 ornare
972 2760 1340 2838 potuerunt,
1393 2749 1504 2815 illa
1553 2771 1724 2815 mors
1779 2747 2055 2835 volgaris
2108 2746 2348 2810 nullam

292 2841 636 2925 praebebat
662 2842 989 2908 materiem
1019 2844 1100 2909 ad
1126 2842 1498 2911 ornandum.
1546 2864 1673 2927 qua
1697 2863 1768 2907 re
1797 2839 2095 2925 quoniam
2122 2838 2236 2906 tibi
2258 2838 2351 2904 ita

295 2934 564 3018 quadrat
621 2936 834 3002 omnia
893 2936 1092 3003 fuisse
1154 2937 1569 3003 Themistocli
1628 2935 1807 3024 paria
1866 2944 1931 2999 et
1984 2931 2346 3012 CoriolanO,

291 3038 578 3113 pateram
621 3051 873 3113 quoque
919 3053 958 3095 a
998 3053 1105 3096 me
1147 3054 1362 3097 sumas
1406 3031 1555 3097 licet
1562 3056 1581 3109 3
1634 3029 1953 3117 praebebo
2000 3028 2193 3093 etiam
2235 3027 2350 3092 ho-

293 3120 508 3199 stiam,
554 3133 626 3187 ut
663 3119 1042 3189 Coriolanus
1090 3124 1174 3190 sit
1215 3124 1405 3212 plane
1448 3125 1606 3190 alter
1640 3121 2147 3190 Themistocles.'
2238 3120 2351 3185 ‘sit
2392 3144 2446 3185 44

293 3214 495 3293 sane,'
539 3214 800 3299 inquam
843 3222 943 3281 ‘ut
982 3216 1166 3298 libet,
1221 3219 1301 3285 de
1335 3218 1460 3285 isto
1470 3244 1490 3299 3
1545 3229 1608 3284 et
1644 3241 1764 3306 ego
1802 3216 2046 3283 cautius
2082 3212 2351 3301 posthac

291 3308 624 3375 historiam
673 3311 982 3397 attingam
1036 3323 1098 3377 te
1153 3314 1477 3391 audiente,
1532 3335 1723 3397 quem
1774 3334 1986 3378 rerum
2028 3310 2352 3376 Romana-

291 3424 437 3466 rum
471 3415 792 3469 auctorem
823 3404 1084 3471 laudare
1117 3429 1383 3492 possum
1416 3406 1983 3494 religiosissimum.
2065 3402 2181 3469 sed
2216 3412 2351 3466 tum

293 3495 429 3561 fere
462 3496 743 3563 Pericles
779 3496 1144 3587 Xanthippi
1177 3500 1375 3580 filius,
1434 3502 1513 3567 de
1549 3524 1674 3587 quo
1711 3511 1857 3566 ante
1894 3498 2053 3575 dixi,
2108 3494 2347 3584 primus

293 3588 584 3655 adhibuit
627 3590 978 3659 doctrinam
985 3618 1005 3673 3
1061 3616 1222 3679 quae
1266 3616 1651 3679 quamquam
1693 3603 1827 3659 tum
1869 3592 2045 3657 nulla
2088 3600 2223 3656 erat
2256 3589 2350 3654 di-

293 3682 506 3762 cendi,
563 3695 776 3751 tamen
827 3688 909 3752 ab
951 3688 1344 3775 Anaxagora
1391 3687 1659 3776 physico
1712 3686 1992 3753 eruditus
2045 3683 2351 3750 exercitae

295 3778 532 3843 tionem
565 3778 796 3845 mentis
833 3804 874 3846 a
905 3780 1244 3847 reconditis
1290 3780 1726 3865 abstrusisque
1768 3781 1958 3847 rebus
1996 3777 2078 3845 ad
2122 3800 2348 3843 causas

291 3867 568 3939 forensis
611 3874 1060 3961 popularisque
1103 3876 1290 3942 facile
1341 3876 1727 3944 traduxerat.
1812 3873 2000 3939 huius
2038 3871 2348 3937 suavitate

289 3964 570 4032 maxime
615 3966 919 4034 hilaratae
954 3968 1251 4035 Athenae
1295 3981 1445 4036 sunt
1452 3993 1472 4048 3
1515 3967 1705 4033 huius
1748 3968 2103 4033 ubertatem
2145 3976 2209 4031 et
2243 3986 2351 4031 co-

293 4055 467 4143 piam
504 4058 848 4131 admiratae
883 4062 1168 4131 eiusdem
1202 4061 1334 4128 vim
1367 4060 1620 4127 dicendi
1665 4071 2089 4146 terroremque
2125 4059 2351 4125 timue-
