2784 4575
10 3386 13 3397 <
9 3262 13 3299 --
10 3136 16 3253 -———-
10 3064 19 3129 ν...-

955 283 1266 343 mm'rns
1303 284 1613 341 ess-294.
1682 279 1719 300 ··
2134 261 2139 264 ’
2177 273 2309 344 265

251 407 550 480 maxime.
639 405 743 476 sin
777 418 988 476 autem
1024 404 1326 486 acutum,
1363 405 1645 495 prudens
1682 417 1747 473 et
1777 407 1949 474 idem
1993 407 2309 476 sincerum
2343 435 2425 476 ιιι

254 519 324 574 et
382 506 655 572 solidum
703 514 771 570 et
820 502 1243 570 exsiccatum
1261 523 1467 588 genus
1520 501 1821 567 orationis
1872 501 2148 596 probant
2187 524 2308 569 nec

254 601 368 666 illo
420 597 712 686 graviore
763 607 992 664 ornatu
1041 594 1314 662 oratorio
1375 605 1641 660 utuntur
1690 605 1754 660 et
1805 589 1947 660 hoc
1986 595 2313 683 proprium

254 717 403 760 esse
420 692 799 776 Atticorum
848 689 1100 768 volunt,
1151 701 1324 756 recte
1372 686 1662 766 laudant3
1716 698 1815 754 est
1856 689 2028 754 enim
2069 687 2137 754 in
2180 701 2315 757 arte

245 799 440 854 tanta
471 797 726 886 tamque
769 785 948 852 varia
991 785 1182 862 etiam
1222 785 1372 860 huic
1415 783 1696 850 minutae
1738 784 2069 850 subtilitati
2100 782 2313 853 locus.
2296 812 2312 827 ·

254 881 348 947 ita
378 882 517 960 fiet,
568 891 642 946 ut
682 903 813 946 non
854 901 1108 958 omnes,
1158 879 1267 963 qui
1297 878 1547 956 Attice,
1601 877 1809 944 eidem
1850 879 2060 957 bene,
2096 881 2213 947 sed
2242 891 2317 945 ιιι

252 995 502 1054 omnes,
539 974 648 1074 qui
680 975 864 1050 bene,
901 972 1108 1038 eidem
1143 973 1334 1038 etiam
1367 972 1587 1038 Attice
1622 973 1854 1038 dicant.
1943 973 2058 1038 sed
2091 974 2315 1040 redea-

257 1090 404 1134 mus
437 1090 658 1134 rursus
696 1067 780 1132 ad
811 1065 1291 1132 Hortensium?

293 1185 302 1190 ·
381 1159 586 1226 ‘Sane
633 1159 938 1244 quidem,
990 1159 1196 1243 inquit
1233 1159 1477 1225 Brutus
1533 1165 1945 1270 ‘quamquam
1993 1160 2119 1226 ista
2160 1159 2317 1226 mihi
2348 1159 2419 1212 85

259 1268 373 1321 tua
405 1254 528 1320 fuit
560 1254 952 1340 periucunda
987 1276 1028 1318 a
1058 1255 1388 1340 proposita
1420 1254 1704 1320 oratione
1740 1254 2091 1342 digressio?
2180 1230 2401 1320 tum'29

257 1350 515 1416 Atticus
559 1349 965 1435 ‘aliquotiens
1009 1349 1182 1414 sum’
1229 1349 1436 1434 inquit
1486 1356 1808 1430 ‘conatus,
1862 1351 1980 1417 sed
2021 1350 2317 1437 interpel-

258 1445 392 1510 lare
425 1441 628 1510 nolui:
680 1465 852 1508 nunc
885 1443 1183 1528 quoniam
1218 1443 1302 1508 ad
1341 1445 1767 1530 perorandum
1819 1455 2105 1530 spectare
2140 1444 2316 1510 vide-

259 1551 365 1604 tur
401 1535 607 1604 sermo
642 1547 820 1613 tuus,
865 1537 1104 1614 dicam,
1149 1537 1401 1624 opinor,
1447 1538 1618 1623 quod
1654 1538 1896 1606 sentio?
1940 1612 1945 1615 ,
1986 1545 2087 1604 ‘tu
2119 1537 2313 1616 vero,’

258 1633 520 1717 inquam
571 1632 764 1697 ‘Tite
778 1630 796 1661 ’
901 1645 1038 1698 tum
1087 1632 1196 1698 ille
1257 1638 1278 1669 ‘
1290 1633 1440 1720 ego'
1501 1633 1705 1716 inquit
1768 1633 2063 1700 ‘ironiam
2119 1633 2313 1710 inam,

257 1747 454 1808 quam
494 1724 564 1789 in
609 1723 872 1792 Socrate
925 1726 1142 1791 dicunt
1192 1727 1423 1806 fuisse,
1476 1748 1603 1811 qua
1652 1726 1759 1792 ille
1809 1727 1879 1792 in
1917 1725 2207 1792 Platonis
2252 1736 2318 1790 et

259 1817 712 1908 Xenophontis
758 1831 823 1886 et
863 1820 1206 1886 Aeschinis
1259 1821 1435 1887 libris
1487 1820 1709 1900 utitur,
1764 1821 2039 1886 facetam
2082 1831 2150 1886 et
2190 1818 2319 1884 ele-

261 1924 521 2000 gantem
554 1912 739 2000 puto,
776 1925 876 1980 est
910 1913 1082 1981 enim
1115 1925 1179 1980 et
1211 1913 1469 1981 minime
1511 1915 1711 2003 inepti
1743 1914 2016 1981 hominis
2052 1924 2118 1979 et
2151 1913 2319 1978 eius-

257 2007 408 2073 dem
443 2007 635 2075 etiam
669 2008 878 2086 faceti,
915 2029 1060 2091 cum
1094 2009 1173 2074 de
1211 2009 1520 2096 sapientia
1553 2009 1957 2096 disceptetur,
1980 2007 2162 2074 'hanc
2184 2005 2319 2072 «sibi

260 2101 474 2187 ipsum
505 2101 878 2180 detrahere,
933 2100 1024 2168 eis
1061 2102 1336 2168 tribuere
1387 2103 1805 2182 inludentem,
1860 2102 1969 2186 qui
2011 2123 2154 2166 eam
2198 2098 2320 2166 sibi
2398 2171 2402 2175 ,

260 2196 605 2280 adrogant,
655 2205 730 2261 ut
773 2196 944 2282 apud
985 2193 1342 2262 Platonem‘
1367 2193 1668 2262 Socrates
1719 2197 1789 2262 in
1839 2196 2085 2262 caelum
2135 2193 2323 2260 effert

261 2289 556 2354 laudibus
616 2289 1064 2377 Protagoram,
1136 2292 1473 2379 Hippiam,
1542 2291 1915 2369 Pr0dicum,
1990 2287 2319 2376 Gorgiam,

265 2392 542 2459 ceteros,
597 2404 668 2447 se
713 2392 927 2447 autem
976 2384 1258 2449 omnium
1306 2406 1523 2449 rerum
1570 2383 1859 2449 inscium.
1884 2383 2068 2469 fingit
2110 2392 2177 2447 et
2215 2404 2323 2446 ru·-

261 2476 440 2554 dem3
494 2466 678 2540 decet
727 2475 850 2542 hoc
899 2476 1115 2542 nescio
1168 2498 1296 2560 quo
1345 2477 1538 2542 modo
1590 2477 1797 2556 illum3
1850 2498 1971 2542 nec
2016 2475 2319 2560 Epicure,

263 2569 393 2653 qui
408 2568 476 2634 id
508 2567 940 2655 reprehendit,
993 2569 1342 2634 adsentior.
1389 2568 1556 2633 sed’
1537 2591 1606 2632 ιιι
1640 2568 1929 2647 historia,
1985 2590 2111 2652 qua
2145 2578 2215 2631 tu
2249 2588 2321 2631 es

262 2684 420 2728 usus
455 2662 524 2725 in
557 2660 731 2727 omni
765 2683 1076 2739 sermone,
1114 2683 1258 2728 cum
1293 2650 1496 2747 qualis
1532 2660 1799 2745 quisque
1828 2672 2038 2727 orator
2072 2659 2321 2737 fuisset,

263 2776 646 2865 exponeres,
693 2754 868 2833 vide,
914 2754 1202 2839 quaeso?
1256 2755 1515 2840 inquit‘
1523 2778 1605 2820 ne
1640 2764 1771 2819 tam
1803 2752 2325 2840 reprehendenda

267 2849 351 2914 sit
385 2848 589 2914 ironia
623 2869 814 2933 quam
847 2848 914 2912 in
948 2848 1348 2915 testimonio?
1440 2848 1765 2932 ‘’quor-sus
1801 2848 2061 2932 inquam
2096 2845 2322 2912 ‘istuc?

265 2964 396 3013 non
433 2941 618 3007 'enim
668 2941 1010 3029 intellego!
1099 2942 1279 3026 ‘quia
1328 2941 1627 3029 primum'
1680 2940 1887 3025 inquit
1938 2940 2055 3007 ‘ita
2102 2938 2324 3005 lauda·-
2355 2967 2434 3008 293

269 3036 418 3104 visti
453 3036 766 3121 quosdam
815 3048 1126 3115 oratores,
1178 3046 1253 3101 ut
1300 3036 1625 3122 imperitos
1676 3056 1903 3123 posses
1935 3033 2006 3099 in
2048 3054 2325 3099 errorem

268 3130 570 3196 inducere
581 3156 599 3196 z
635 3129 932 3214 equidem
963 3130 1033 3194 in
1067 3128 1445 3215 quibusdam
1469 3128 1669 3196 risum
1694 3128 1803 3195 vix
1828 3127 2142 3206 tenebam,
2180 3149 2323 3192 cum

269 3224 489 3290 Attico
533 3223 776 3309 Lysiae
822 3223 1137 3291 Catonem
1185 3234 1475 3290 nostrum
1525 3223 1967 3310 comparabas,
2020 3242 2325 3307 magnum

269 3316 629 3382 mehercule
681 3317 1002 3384 hominem
1056 3316 1159 3385 vel
1208 3318 1421 3405 potius
1474 3338 1791 3383 summum
1833 3328 1899 3383 et
1941 3314 2327 3401 singularem

271 3409 506 3487 virum,
560 3430 748 3476 nemo
781 3410 952 3477 dicet
985 3432 1200 3477 secus:
1255 3411 1371 3477 sed
1412 3412 1763 3478 oratorem?
1816 3410 1931 3477 sed
1964 3408 2156 3474 etiam
2187 3406 2327 3491 Ly-

273 3502 406 3567 siae
443 3502 752 3569 similem?
787 3525 912 3587 quo
947 3505 1106 3570 nihil
1139 3515 1353 3593 potest
1387 3527 1531 3571 esse
1563 3504 1816 3593 pictius.
1902 3502 2073 3569 bella
2102 3499 2324 3578 ironia,

273 3596 330 3661 si
361 3596 711 3661 iocaremur
718 3621 737 3674 3
777 3596 876 3663 sin
911 3599 1388 3677 adseveramus,
1424 3598 1571 3665 vide
1603 3620 1687 3663 ne
1718 3596 1941 3683 religio
1975 3594 2159 3661 nobis
2195 3604 2327 3659 tam

273 3690 634 3756 adhibenda
667 3690 753 3756 sit
779 3713 973 3775 quam
1007 3692 1066 3758 si
1099 3693 1529 3759 testimonium
1555 3692 1929 3759 diceremus.
1998 3712 2122 3777 ego
2156 3688 2324 3755 enim
2360 3716 2441 3757 294

273 3782 591 3849 Catonem
625 3794 805 3849 tuum
837 3796 910 3850 ut
944 3785 1176 3865 civem,
1219 3795 1294 3851 ut
1327 3797 1712 3863 senatorem,
1756 3796 1831 3851 ut
1860 3785 2323 3871 imperatorem,

271 3886 344 3941 ut
376 3877 582 3943 virum
615 3877 886 3961 denique
921 3900 1076 3945 cum·
1114 3880 1451 3966 prudentia
1494 3890 1558 3945 et
1600 3878 1927 3965 diligentia
1968 3888 2106 3943 tum
2154 3876 2327 3943 omni

274 3971 504 4039 virtute
539 3973 951 4040 excellentem
985 3975 1214 4061 prob03
1268 3974 1584 4041 orationes
1632 3983 1844 4040 autem
1877 3973 2042 4051 eius,
2094 3982 2168 4036 ut
2196 3970 2324 4036 illis

273 4067 692 4155 temporibus,
746 4068 932 4141 valde
963 4069 1184 4149 laud03
1239 4068 1599 4155 significant
1632 4068 1801 4155 enim
1843 4066 2161 4152 quandam
2194 4066 2325 4132 for-
