2784 4575
760 296 868 353 DE
901 296 1388 357 mvENTIONm
1424 299 1501 353 11.
1537 298 1745 355 5-11.
2159 284 2287 353 155

231 432 368 487 arte
401 430 738 509 praecepta
769 419 1138 507 reperimus.
1225 442 1308 488 ex
1349 422 1449 489 his
1486 422 1732 487 duabus
1786 421 2053 487 diversis
2106 419 2292 487 sicuti
2324 436 2359 489 3
2476 492 2480 501 Α

231 515 514 594 familiis,
579 536 845 599 quarum
897 514 1096 581 altera
1145 538 1290 581 cum
1341 526 1701 583 versaretur
1750 516 1817 580 in
1868 516 2288 603 philosophia,

229 632 359 676 non
377 610 616 676 nullam
631 608 980 674 rhetoricae
1017 630 1266 693 quoque
1303 610 1456 675 artis
1494 610 1615 676 sibi
1652 632 1867 675 curam
1896 610 2289 690 adsumebat,

231 704 430 769 altera
463 726 614 769 vero
657 703 864 769 omnis
897 702 966 767 in
1007 703 1259 769 dicendi
1304 713 1441 769 erat
1495 702 1704 769 studio
1742 716 1805 769 et
1846 704 2291 793 praeceptione

230 808 568 883 occupata,
623 819 820 862 unum
874 797 1192 881 quoddam
1227 810 1328 865 est
1367 798 1713 864 conflatum
1756 820 1959 885 genus
1996 822 2039 863 a
2076 808 2291 884 poste-

230 891 536 973 rioribus,
585 889 695 975 qui
737 890 821 956 ab
863 889 1148 975 utrisque
1191 914 1295 970 ea,
1351 914 1513 976 quae
1568 893 1895 959 commode
1940 890 2067 957 dici
2115 890 2293 959 vide-

227 984 486 1064 bantur,
535 984 606 1052 in
657 1008 806 1051 suas
863 984 1014 1051 artis
1059 986 1487 1065 contulerunt3
1541 1008 1701 1070 quos
1743 986 1919 1073 ipsos
1966 985 2153 1051 simul
2198 996 2293 1050 01-

233 1101 358 1163 que
407 1080 553 1145 illos
609 1078 968 1164 superiores
1031 1102 1150 1145 1108
1211 1080 1399 1147 nobis
1458 1080 1695 1158 omnis,
1758 1080 1971 1164 quoad
2020 1079 2291 1145 facultas

231 1172 392 1249 tulit,
427 1172 873 1258 proposuimus
911 1185 975 1237 et
1008 1196 1091 1239 ex
1122 1185 1342 1242 nostro
1377 1195 1630 1260 quoque
1664 1197 1795 1241 non
1828 1173 2037 1243 nihil
2018 1198 2085 1239 m
2121 1196 2295 1239 com-

229 1288 420 1331 mune
476 1266 874 1332 contulimus.
965 1268 1193 1351 quodsi
1243 1291 1349 1347 ea,
1402 1291 1568 1353 quae
1609 1268 1682 1333 in
1720 1268 1821 1333 his
1864 1267 2041 1333 libris
2096 1290 2291 1355 expo-
2323 1290 2351 1331 9

110 1356 112 1361 ’
229 1371 482 1439 nuntur,
520 1371 698 1427 tanto
725 1384 914 1447 opere
943 1361 1239 1449 eligenda
1265 1364 1540 1441 fuerunt,
1579 1373 1815 1447 quanto
1852 1363 2063 1429 studio
2090 1363 2293 1429 electa

231 1464 408 1536 sunt,
460 1454 746 1539 profecto
781 1477 987 1537 neque
1022 1478 1159 1521 nos
1183 1478 1389 1540 neque
1433 1457 1595 1522 >alios
1636 1456 1983 1523 industriae
2034 1467 2289 1521 nostrae

228 1545 605 1635 paenitebit3
662 1546 761 1611 sin
803 1556 1018 1611 autem
1052 1560 1288 1615 temere
1325 1549 1565 1635 aliquid
1606 1550 1867 1615 alicuius
1908 1551 2289 1637 praeterisse

231 1652 340 1706 aut
374 1664 504 1707 non
537 1639 694 1706 satis
731 1640 1056 1727 eleganter
1091 1643 1294 1707 secuti
1327 1644 1709 1722 videbimur,
1756 1644 1925 1711 docti
1960 1646 2041 1709 ab
2078 1644 2289 1727 aliquo

228 1733 416 1802 facile
461 1746 526 1800 et
577 1733 846 1799 libenter
899 1736 1427 1803 commutabimus
1482 1738 1887 1816 sententiam,
1939 1761 2068 1803 non
2123 1737 2292 1803 enim

227 1850 454 1929 parum
489 1850 831 1915 cognosse,
875 1830 1044 1895 sed
1025 1854 1093 1895 m
1125 1854 1352 1918 parum
1387 1832 1643 1919 cognito
1680 1833 1869 1899 stulte
1906 1843 1965 1899 et
2004 1832 2114 1897 (1111
2146 1854 2291 1918 per-

230 1946 560 1989 severasse
614 1934 798 2009 turpe
849 1934 978 2001 est,
1039 1934 1376 2012 propterea
1428 1927 1601 2011 quod
1652 1926 1919 1993 alterum
1972 1924 2291 1992 communi

227 2016 556 2085 hominum
587 2016 963 2096 infirmitati,
1011 2018 1278 2084 alterum
1315 2020 1623 2107 singulari
1658 2021 1965 2104 cuiusque
2000 2019 2163 2085 vitio
2190 2029 2291 2083 est

230 2111 618 2177 attributum.
708 2133 834 2196 qua
875 2135 946 2177 re
997 2136 1116 2179 nos
1169 2114 1429 2197 quidem
1484 2115 1621 2180 sine
1672 2115 1805 2181 ulla
1853 2114 2289 2179 adfirmatione
2316 2137 2368 2179 10

231 2205 420 2271 simul
454 2216 830 2290 quaerentes
863 2206 1226 2274 dubitanter
1255 2228 1459 2275 unum
1505 2209 1785 2294 quidque
1828 2209 2140 2286 dicemus,
2186 2230 2289 2285 ne,

230 2302 384 2366 dum
415 2301 751 2386 parvulum
783 2302 906 2370 hoc
941 2325 1433 2388 consequamur,
1470 2317 1545 2370 ut
1578 2306 1731 2370 satis
1768 2304 1927 2370 h’aec
1960 2303 2292 2372 commode

227 2393 676 2482 perscripsisse
709 2395 1065 2475 videamur,
1100 2396 1262 2464 illud
1296 2399 1689 2477 amittamus,
1738 2399 1912 2483 quod
1943 2398 2292 2464 maximum

229 2499 356 2568 081,
400 2500 473 2554 111
505 2510 587 2556 110
624 2489 728 2554 0111
758 2489 852 2556 rei
886 2501 1122 2557 temere
1161 2503 1347 2577 atque
1383 2493 1765 2580 adroganter
1802 2492 2291 2560 adsenserimus.

229 2605 452 2648 verum
483 2582 618 2660 hoc,
642 2583 900 2666 quidem
923 2607 1043 2648 nos
1081 2594 1143 2648 et
1177 2585 1244 2649 in
1280 2585 1403 2650 hoc
1438 2595 1721 2672 tempore
1756 2596 1821 2650 01
1853 2586 1921 2649 111
1954 2584 2127 2649 omni
2161 2583 2293 2646 vita

233 2675 536 2753 studiose,
574 2676 786 2759 quoad
811 2675 1084 2741 facultas
1118 2677 1300 2755 feret,
1339 2700 1818 2762 consequemur,
1853 2693 2024 2742 nunc
2059 2686 2290 2753 autem,

229 2791 313 2835 ne
355 2768 608 2854 longius
655 2767 854 2834 oratio
907 2791 1251 2854 progressa
1294 2771 1611 2850 videatur,
1665 2773 1745 2837 de
1786 2770 2073 2854 reliquis,
2127 2791 2291 2853 quae

227 2861 680 2952 praecipienda
712 2861 1007 2928 videntur
1043 2885 1214 2942 esse,
1251 2863 1554 2932 dicemus.

348 2956 555 3043 Igitur
605 2957 848 3044 primus
899 2956 1091 3037 liber,
1149 2959 1443 3046 exposito
1496 2981 1732 3047 genere
1780 2959 1969 3027 huius
2023 2957 2175 3024 artis
2228 2967 2295 3023 et
2318 2982 2369 3054 ¹¹.

231 3051 442 3118 officio
479 3062 545 3118 et
567 3051 694 3118 fine
731 3061 796 3116 et
819 3051 1086 3118 materia
1119 3063 1184 3118 et
1214 3053 1524 3164 partibus,
1562 3075 1799 3141 genera
1830 3052 2293 3119 controversia-

225 3142 504 3232 rum[et
526 3145 924 3214 inventiones
951 3156 1016 3212 et
1040 3147 1521 3214 constitutiones
1560 3158 1623 3214 et
1656 3145 2103 3234 iudicationes]
2140 3169 2293 3212 con-

228 3239 497 3318 11ῃο1101,
553 3239 782 3306 (10111ᾶο
831 3240 1032 3328 partis
1084 3241 1388 3309 orationis
1434 3253 1501 3308 et
1538 3242 1609 3308 in
1654 3265 1763 3308 eas
1817 3241 2023 3308 omnis
2080 3241 2293 3306 omnia

227 3343 586 3442 praecepta.
667 3357 795 3419 qua
825 3357 896 3400 re
932 3357 1078 3400 cum
1109 3335 1180 3400 in
1213 3359 1291 3402 eo
1329 3337 1554 3402 ceteris
1592 3337 1671 3402 (10
1703 3337 1897 3404 rebus
1932 3335 2289 3401 distinctius

232 3424 472 3490 dictum
525 3425 636 3504 sit,
689 3426 974 3513 disperse
1027 3439 1240 3494 autem
1291 3431 1372 3495 de
1429 3429 1905 3496 confirmatione
1958 3439 2023 3494 et
2066 3428 2146 3494 de
2188 3450 2291 3493 re-

227 3519 682 3608 prehensione,
734 3543 902 3588 nunc
953 3534 1160 3590 certos
1214 3523 1628 3591 confirmandi
1669 3535 1736 3591 et
1784 3521 2291 3610 reprehendendi

227 3614 298 3679 in
333 3611 586 3700 singula
627 3634 961 3680 causarum
1003 3637 1242 3704 genera
1283 3615 1461 3684 locos
1506 3617 1847 3684 tradendos
1894 3614 2287 3692 arbitramur,

230 3719 296 3774 et
329 3706 508 3794 quia,
563 3728 688 3793 quo
730 3719 932 3796 pacto·
964 3709 1218 3776 tractari
1270 3711 1639 3778 conveniret
1690 3706 2287 3797 argumentationes,

227 3802 296 3866 in
329 3801 492 3869 libro
525 3802 730 3890 primo
765 3825 895 3869 non
927 3801 1340 3891 indiligenter·
1357 3805 1717 3893 expositum
1752 3813 1869 3880 est,
1906 3799 2010 3866 hic
2045 3810 2291 3864 tantum

229 3895 374 3982 ipsa
411 3896 674 3964 inventa
715 3921 909 3964 unam
955 3921 1269 3986 quamque
1301 3901 1372 3964 in
1411 3921 1549 3966 rem
1602 3906 1997 3985 exponentur
2050 3893 2289 3979 simpli-

233 3989 388 4054 citer
432 3989 568 4058 sine
611 3991 744 4058 ulla
783 3992 1222 4072 exornatione,
1273 4004 1347 4060 ut
1389 4015 1472 4060 ex
1516 3992 1637 4059 hoc
1688 3991 1945 4058 inventa
1985 3988 2155 4076 ipsa,
2208 4011 2289 4054 ex

233 4084 560 4174 superiore
613 4099 824 4154 autem
891 4087 1192 4177 expolitio
1243 4087 1647 4154 inventorum
1702 4085 1954 4174 petatur
1960 4109 1981 4165 3
2042 4105 2169 4169 qua
2216 4105 2287 4148 re
