2784 4575
741 256 849 313 Dn
883 257 1372 316 INVENTIONE
1407 248 1455 315 1.
1488 251 1729 316 56-’60
2139 232 2289 318 133

221 391 282 449 et
318 403 504 467 quam
547 380 1002 469 copiosissimis
1048 380 1258 448 verbis
1305 382 1642 468 approbari
1682 393 1910 470 putant
1953 396 2262 472 oportere,

221 476 332 542 hoc
365 476 584 543 modo:
621 482 639 511 ‘
652 476 878 542 domus
915 497 1016 554 ea,
1053 497 1216 560 quae
1250 477 1495 542 ratione
1528 478 1797 564 regitur,
1837 479 2127 544 omnibus
2164 493 2267 546 est

220 569 567 637 instructior
599 571 792 636 rebus
830 580 896 635 et
930 571 1316 658 apparatior,
1363 593 1555 656 quam
1589 595 1693 652 ea,
1732 595 1893 657 quae
1929 583 2165 640 temere
2203 587 2267 640 et

219 665 380 738 nullo
431 664 695 731 consilio
749 664 1240 730 administratur.
1337 666 1651 732 exercitus
1703 667 1790 746 is,
1844 667 1947 731 cui
1996 690 2267 755 praepo-

221 760 366 824 situs
403 769 505 826 est
539 760 792 846 sapiens
829 770 896 825 et
929 759 1193 824 callidus
1228 760 1598 847 imperator,
1630 761 1937 827 omnibus
1981 762 2267 848 partibus

218 853 599 920 commodius
652 853 921 941 regitur,
976 876 1166 938 quam
1207 854 1296 932 is,
1346 855 1461 938 qui
1506 855 1771 920 stultitia
1812 867 1877 920 et
1918 857 2269 922 temeritate

219 949 472 1014 alicuius
511 947 1002 1014 administratur.
1091 948 1315 1014 eadem
1349 949 1591 1036 navigii
1622 950 1784 1014 ratio
1822 959 1938 1038 est,
1974 972 2125 1014 nam
2158 974 2271 1015 na—

219 1042 310 1106 vis
343 1041 578 1127 optime
624 1062 878 1106 cursum
919 1042 1172 1106 conficit
1207 1065 1311 1121 ea,
1367 1065 1532 1127 quae
1576 1042 1995 1110 scientissimo
2038 1045 2271 1132 guber-

219 1145 429 1200 natore
472 1135 710 1200 utitur!
797 1157 945 1200 cum
986 1137 1336 1224 propositio
1382 1147 1483 1202 est
1524 1137 1647 1203 hoc
1686 1149 1876 1225 pacto
1921 1139 2271 1226 approbata
2310 1155 2365 1222 5⁹

219 1239 280 1294 et
309 1229 472 1295 duae
506 1240 720 1316 partes
757 1231 1144 1296 transierunt
1183 1231 1709 1309 ratiocinationis,
1764 1233 1949 1298 tertia
1989 1232 2057 1298 in
2088 1244 2269 1321 parte

218 1323 415 1400 aiunt,
462 1324 636 1407 quod
671 1311 1007 1390 ostendere
1041 1324 1230 1403 velis,
1273 1327 1343 1390 id
1377 1337 1457 1391 e'x
1488 1326 1559 1390 vi
1590 1327 2039 1413 propositionis
2084 1350 2272 1415 opor-

217 1428 343 1482 tere
391 1418 751 1496 adsumere,
805 1418 928 1484 hoc
971 1429 1187 1504 pacto.
1243 1420 1427 1485 ‘nihil
1474 1431 1685 1485 autem
1738 1420 2018 1486 omnium
2058 1444 2271 1486 rerum

215 1511 436 1576 melius
450 1560 467 1589 ,
514 1533 706 1595 quam
741 1512 946 1576 omnis
981 1513 1287 1590 mundus,
1335 1514 1847 1580 administratur?
1932 1514 2122 1580 huius
2159 1515 2273 1580 ad-

217 1605 586 1691 sumptionis
623 1616 848 1692 quarto
884 1606 950 1668 in
983 1605 1124 1670 loco
1161 1605 1350 1692 aliam
1383 1621 1581 1692 porro¹
1614 1607 1925 1672 inducunt
1956 1609 2272 1696 approba—

213 1701 472 1777 tionem,
527 1699 650 1765 hoc
701 1699 921 1765 modo:
987 1706 1166 1764 ‘nam
1218 1709 1282 1765 et
1333 1700 1662 1787 signorum
1712 1711 1888 1766 ortus
1942 1713 2009 1767 et
2059 1702 2270 1768 obitus

213 1795 537 1859 definitum
572 1795 890 1878 quendam
926 1793 1212 1860 ordinem
1249 1805 1507 1860 servant
1542 1807 1605 1860 et
1640 1816 1887 1860 annuae
1922 1803 2271 1861 commuta-

213 1888 412 1954 tiones
447 1911 578 1954 non
613 1889 828 1954 modo
839 1889 1115 1972 quadam
1151 1909 1232 1952 ex
1263 1889 1746 1954 necessitudine
1762 1897 2013 1976 'semper
2048 1889 2273 1954 eodem

211 1983 398 2049 modo
439 1983 629 2060 fiunt,
683 2005 906 2048 verum
951 1983 1034 2048 ad
1077 1982 1379 2050 utilitates
1432 2005 1683 2069 quoque
1734 2005 1947 2048 rerum
1990 1981 2273 2050 omnium

148 2075 154 2082 ’
212 2088 359 2142 sunt
393 2065 939 2156 adcommodatae,
987 2087 1052 2142 et
1086 2077 1346 2142 diurnae
1383 2089 1855 2162 nocturnaeque
1888 2076 2273 2142 vicissitudi-

209 2193 324 2236 nes
359 2193 478 2236 nec
511 2172 694 2236 ulla
675 2195 744 2238 m
785 2195 856 2237 re
891 2193 1199 2256 umquam
1235 2183 1517 2238 mutatae
1562 2185 1731 2250 sunt,
1785 2195 1891 2237 nec
1934 2172 2274 2256 quicquam

209 2265 584 2330 nocuerunt’
645 2263 836 2351 [quae
891 2266 1074 2353 signo
1131 2276 1278 2332 sunt
1329 2266 1541 2333 omnia
1584 2291 1713 2333 non
1764 2265 2066 2333 mediocri
2119 2287 2273 2350 quo-

211 2360 360 2425 dam
396 2360 660 2425 consilio
694 2371 986 2425 naturam
1021 2361 1242 2425 mundi
1279 2360 1756 2447 administrari}
1835 2362 2055 2444 quinto
2088 2359 2273 2424 indu-

209 2463 363 2519 cunt
394 2454 536 2520 loco
581 2455 1085 2541 complexionem
1131 2478 1301 2533 eam,
1359 2476 1521 2538 quae
1558 2466 1669 2519 aut
1699 2455 1768 2518 id
1801 2454 1994 2518 infert
2046 2452 2271 2530 00111111,

208 2549 381 2632 quod
417 2572 497 2614 ex
532 2549 826 2615 omnibus
871 2549 1159 2634 partibus
1207 2550 1483 2635 cogitur,
1538 2549 1661 2614 hoc
1702 2550 1923 2613 modo}
1980 2547 2272 2612 ‘consilio

206 2640 404 2727 igitur
453 2643 728 2706 mundus
785 2640 1314 2719 administratur3’
1371 2653 1481 2707 aut
1523 2654 1721 2705 unum
1763 2642 1831 2705 in
1872 2642 2086 2706 locum
2130 2660 2275 2707 cum

207 2734 588 2800 conduxerit
627 2734 906 2801 breviter
946 2733 1445 2820 propositionem
1491 2746 1556 2800 et
1589 2734 2125 2821 adsumptionem,
2164 2733 2275 2799 ad—

203 2827 444 2915 iungit,
483 2828 636 2913 quid
669 2851 752 2893 ex
785 2827 886 2892 his
923 2828 1317 2905 conficiatur,
1365 2830 1449 2893 ad
1483 2828 1652 2893 hunc
1684 2829 1972 2893 modum:
2018 2827 2277 2913 ‘quodsi

203 2924 439 2989 melius
475 2935 782 3011 geruntur
817 2946 919 3002 ea,
967 2946 1129 3011 quae
1165 2923 1459 3001 consilio,
1504 2945 1699 3008 quam
1734 2940 1897 3007 quae
1944 2923 2079 2988 sine
2126 2944 2275 2987 con-

205 3019 353 3085 silio
409 3019 954 3098 administrantur,
1009 3018 1168 3107 pihil
1213 3028 1427 3083 autem
1470 3017 1752 3083 omnium
1792 3030 2007 3093 10111111
2048 3016 2273 3083 melius

203 3114 712 3194 administratur,
751 3136 944 3199 quam
978 3113 1184 3180 omnis
1219 3113 1495 3178 mimdus
1509 3160 1527 3191 ,
1565 3111 1829 3178 consi-lio
1862 3112 2059 3199 igitur
2092 3134 2277 3178 mun-

203 3209 332 3275 dus
396 3210 885 3275 administratur.
898 3208 915 3239 '
1021 3207 1596 3301 quinquepertitam
1652 3207 1848 3295 igitur
1906 3208 2029 3273 1100
2087 3218 2276 3295 pacto

201 3312 443 3389 putant
475 3322 620 3369 esse
655 3304 1285 3392 argumentationem.
1360 3302 1469 3389 qui
1503 3314 1715 3368 autem
1750 3302 2127 3389 tripertitam
2158 3324 2327 3389 pu·
2312 3296 2381 3353 35

202 3407 356 3461 tant
398 3418 559 3475 esse,
597 3398 657 3462 ei
690 3420 820 3463 non
855 3398 1036 3463 aliter
1071 3397 1328 3463 tractari
1352 3408 1583 3483 putant
1614 3408 1905 3484 oportere
1942 3369 2373 3483 &gumen-⁶⁰

204 3490 551 3568 tationem,-
605 3491 720 3555 sed
759 3490 1162 3577 partitionem
1211 3490 1441 3556 horum
1490 3491 1987 3579 reprehendunt,
2038 3500 2277 3575 negant

201 3584 388 3651 enim
424 3606 630 3669 neque
666 3606 706 3649 a
735 3584 1168 3669 propositione
1203 3604 1411 3668 neque
1446 3586 1526 3650 ab
1572 3584 2011 3672 adsumptione
2050 3603 2280 3667 appro-

201 3679 506 3745 bationes
551 3698 771 3743 earum
822 3677 1102 3765 separari
1154 3686 1471 3764 oportere,
1525 3700 1731 3762 neque
1780 3675 2281 3763 propositionem

205 3773 580 3838 absolutam
632 3792 838 3857 neque
899 3772 1409 3858 adsumptionem
1464 3772 1584 3837 sibi
1644 3772 1997 3861 perfectam
2056 3768 2276 3847 videri,

200 3885 384 3949 quae
437 3866 892 3953 approbatione
946 3866 1315 3931 confirmata
1354 3889 1486 3932 non
1528 3866 1637 3944 sit,
1694 3885 1820 3948 qua
1860 3886 1931 3929 re
1985 3884 2143 3948 quas
2186 3862 2279 3927 illi

201 3961 381 4025 duas
423 3962 622 4047 partis
665 3970 1025 4040 numerent,
1079 3960 1578 4049 propositionem
1620 3971 1687 4025 et
1736 3958 2275 4046 approbationem,

199 4055 340 4122 sibi
377 4076 571 4121 unam
603 4068 850 4145 partem
883 4056 1112 4137 videri,
1165 4057 1689 4145 propositionem,
1744 4076 1907 4139 quae
1954 4053 2011 4119 01
2052 4075 2281 4141 appro-
