2784 4575
473 295 554 362 10
603 313 609 315 ’
945 259 952 267 ¹
1036 308 1114 362 M.
1155 307 1430 364 TULLII
1465 305 1867 362 CICERONIS

469 431 728 500 omnino
771 429 1126 516 quaesisse,
1177 428 1336 494 nihil
1381 429 1543 496 scire
1586 428 2031 496 convincerent
2038 455 2058 510 3
2114 441 2179 495 et
2212 452 2361 496 cum
2396 429 2538 496 uni-

467 526 638 592 versi
697 525 766 590 in
817 536 882 592 te
941 525 1248 611 impetum
1309 523 1643 602 fecissent,
1707 534 1843 588 tum
1904 524 2191 612 singulae
2253 523 2535 590 familiae

367 645 423 685 43
467 619 645 686 litem
697 619 815 685 tibi
863 618 1291 697 intenderent;
1351 617 1621 684 instaret
1667 618 2053 696 Academia,
2107 640 2301 702 quae,
2358 617 2535 704 quic-

468 713 622 799 quid
674 712 976 792 dixisses,
1031 712 1101 777 id
1134 721 1198 776 te
1229 711 1445 798 ipsum
1493 734 1731 799 negare
1780 722 2065 799 cogeret3
2123 710 2327 780 Stoici
2378 735 2533 780 vero

465 806 668 874 nostri
721 806 1223 894 disputationum
1275 828 1534 871 suarum
1588 815 1777 890 atque
1827 806 2397 894 interrogationum
2437 807 2535 873 la-

465 901 645 986 queis
681 911 746 967 te
778 901 1100 968 inretitum
1126 910 1439 978 tenerent3
1473 900 1879 986 Peripatetici
1906 911 2119 966 autem
2145 900 2333 966 etiam
2364 897 2531 967 haec

465 997 638 1083 ipsa,
667 1017 846 1080 ⁴quae
877 993 1137 1082 propria
1171 1004 1495 1060 oratorum
1526 1005 1717 1081 putas
1754 1017 1899 1062 esse
1940 994 2303 1061 adiumenta
2330 1004 2526 1079 atque

465 1099 838 1157 ornamenta
870 1087 1149 1166 dicendi,
1197 1109 1238 1152 a
1269 1109 1341 1153 se
1375 1087 1509 1174 peti
1543 1088 1871 1153 vincerent
1911 1098 2233 1176 oportere,
2288 1109 2363 1153 ac
2390 1111 2526 1170 non

467 1184 676 1250 solum
707 1182 999 1260 meliora,
1035 1182 1153 1248 sed
1187 1181 1378 1246 etiam
1412 1181 1611 1248 multo
1645 1182 1833 1269 plura
1862 1181 2279 1248 Aristotelem
2313 1181 2528 1249 Theo-

463 1275 920 1364 phrastumque
973 1275 1054 1342 de
1103 1274 1246 1340 istis
1299 1275 1523 1354 rebus,
1586 1297 1779 1360 quam
1828 1276 2035 1343 omnis
2088 1275 2343 1342 dicendi
2390 1299 2526 1342 ma-

366 1396 426 1438 44
467 1370 700 1460 gistros
749 1369 1081 1457 scripsisse
1124 1369 1553 1436 ostenderent.
1640 1369 1873 1436 missos
1916 1370 2083 1438 facio
2124 1369 2525 1436 mathemati·-

467 1485 607 1542 cos,
659 1463 1134 1552 grammaticos,
1187 1463 1497 1543 musicos,
1550 1486 1822 1549 quorum
1864 1465 2105 1532 artibus
2150 1475 2375 1531 vestra·
2401 1463 2523 1530 ista

471 1557 720 1624 dicendi
778 1557 877 1623 vis
937 1579 1022 1624 ne
1079 1557 1346 1623 minima
1404 1557 1663 1642 quidem
1732 1559 2056 1626 societate
2101 1557 2521 1645 coniungitur.

467 1674 661 1736 quam
691 1654 775 1720 ob
807 1675 946 1718 rem
977 1653 1105 1718 ista
1137 1663 1316 1719 tanta
1337 1663 1595 1736 tamque
1628 1653 1830 1718 multa
1852 1653 2224 1741 profitenda,
2265 1650 2523 1730 Crasse,

465 1770 595 1813 non
630 1768 892 1828 cense03
945 1748 1102 1814 satis
1136 1747 1207 1813 id
1240 1759 1340 1814 est
1371 1771 1707 1835 magnum,
1755 1748 1928 1834 quod
1959 1759 2143 1836 potes
2177 1756 2522 1836 praestare,

464 1850 538 1906 ut
569 1841 638 1907 in
670 1841 918 1908 iudiciis
955 1864 1036 1908 ea
1069 1842 1290 1920 causa,
1344 1862 1808 1926 quamcumque
1851 1854 1921 1907 tu
1963 1842 2151 1920 dicis,
2203 1841 2427 1908 melior
2460 1850 2524 1905 et

463 1935 850 2020 probabilior
885 1957 1029 2001 esse
1064 1934 1383 2013 videatur,
1427 1944 1503 2001 ut
1532 1935 1601 2000 in
1634 1935 2033 2002 contionibus
2070 1946 2136 2002 et
2166 1935 2235 2000 in
2270 1945 2524 2000 senten-

465 2027 570 2092 tiis
607 2027 890 2092 dicendis
940 2028 1023 2092 ad
1063 2029 1577 2115 persuadendum
1610 2040 1723 2095 tua
1764 2029 2107 2117 plurimum
2139 2028 2353 2094 valeat
2382 2051 2523 2094 ora-

467 2120 585 2197 tio,
639 2120 912 2204 denique
951 2131 1026 2186 ut
1074 2119 1493 2207 prudentibus
1544 2120 1809 2200 diserte,
1864 2123 2075 2190 stultis
2126 2123 2319 2190 etiam
2373 2145 2521 2188 vere

467 2210 721 2278 videare
757 2213 985 2280 dicere.
1054 2214 1179 2280 hoc
1213 2214 1485 2303 amplius
1524 2217 1581 2282 si
1614 2217 1769 2303 quid
1799 2217 2067 2305 poteris,
2102 2239 2233 2282 non
2264 2215 2333 2280 id
2364 2215 2521 2282 mihi

465 2305 782 2373 videbitur
815 2318 1053 2389 orator,
1111 2309 1226 2376 sed
1262 2308 1541 2377 Crassus
1588 2335 1707 2377 sua
1740 2312 2015 2396 quadam
2055 2311 2340 2399 propria,
2392 2333 2521 2378 non

361 2400 430 2454 11
467 2401 784 2467 communi
818 2414 1138 2469 oratorum
1171 2402 1473 2471 facultate
1505 2404 1739 2491 posse.’
1827 2416 1965 2471 tum
2004 2406 2111 2472 ille
2154 2411 2311 2472 ‘non
2348 2406 2517 2471 sum’

362 2472 420 2513 ⁴⁵
460 2496 670 2580 inquit
728 2496 1008 2563 ‘nescius
1015 2545 1036 2577 ,
1101 2496 1446 2578 Scaevola,
1510 2500 1637 2565 ista
1693 2496 1859 2567 inter
1920 2498 2203 2567 Graecos
2268 2499 2397 2565 dici
2459 2510 2522 2567 et

465 2590 804 2679 disceptari
856 2591 1092 2671 solere,
1157 2593 1372 2659 audivi
1426 2592 1596 2659 enim
1650 2616 1933 2660 summos
1995 2593 2281 2660 homines
2294 2642 2312 2672 ,
2376 2616 2523 2659 cum

462 2696 761 2769 quaestor
797 2708 878 2751 ex
909 2686 1299 2753 Macedonia
1330 2688 1653 2753 venissem
1684 2688 2011 2767 Athenas,
2046 2688 2309 2755 florente
2342 2688 2523 2753 Aca-

459 2780 699 2859 demia,
743 2788 816 2844 ut
851 2782 1238 2867 temporibus
1283 2782 1409 2847 illis
1445 2781 1796 2862 ferebatur,
1840 2804 1988 2848 eum
2032 2804 2173 2848 eam
2209 2780 2523 2849 Charma-

459 2872 576 2937 das
613 2885 678 2939 et
713 2870 1150 2941 Clitomachus
1187 2886 1252 2941 et
1283 2875 1644 2943 Aeschines
1698 2876 2093 2953 obtinebant3
2149 2887 2284 2942 erat
2326 2876 2521 2943 etiam

458 2965 896 3047 Metrodorus,
951 2968 1061 3052 qui
1104 2989 1250 3034 cum
1292 2968 1419 3035 illis
1471 2992 1603 3035 una
1641 2969 1853 3060 ipsum
1895 2970 2075 3035 illum
2120 2967 2521 3038 Carneadem

460 3056 824 3143 diligentius
880 3060 1195 3140 audierat,
1256 3062 1579 3129 hominem
1638 3064 1922 3129 omnium
1970 3064 2039 3128 in
2090 3063 2383 3140 dicendo,
2445 3074 2521 3127 ut

461 3150 778 3229 ferebant,
815 3154 1192 3241 acerrimum
1225 3166 1292 3221 et
1325 3155 1865 3242 copiosissimum3
1923 3156 2299 3244 vigebatque
2334 3155 2521 3221 audi-

459 3254 558 3309 tor
589 3242 880 3311 Panaetii
912 3246 1082 3314 illius
1119 3249 1211 3313 tui
1242 3248 1670 3317 Mnesarchus
1706 3262 1775 3317 et
1802 3250 2213 3338 Peripatetici
2249 3247 2521 3316 Critolai

357 3364 416 3405 46
457 3336 810 3418 Diodorus3
863 3340 1048 3405 multi
1099 3355 1281 3409 erant
1319 3355 1651 3432 praeterea
1701 3346 1854 3413 clari
1895 3346 1963 3411 in
2004 3344 2411 3434 philosophia
2454 3355 2520 3411 et

457 3431 732 3511 nobiles,
779 3456 819 3498 a
853 3433 1080 3518 quibus
1117 3436 1412 3504 omnibus
1455 3462 1585 3505 una
1614 3462 1819 3527 paene
1854 3462 2011 3507 voce
2052 3440 2275 3527 repelli
2308 3449 2519 3507 orato-

454 3547 592 3591 rem
627 3548 668 3591 a
699 3527 1146 3614 gubernaculis
1199 3530 1554 3612 civitatum,
1610 3533 1862 3599 excludi
1897 3534 1978 3600 ab
2022 3534 2197 3599 omni
2230 3532 2519 3599 doctrina

455 3640 792 3706 rerumque
850 3622 1163 3689 maiorum
1233 3624 1497 3691 scientia
1564 3647 1643 3691 ac
1701 3638 1948 3693 tannim
2014 3627 2082 3691 in
2149 3626 2385 3693 iudicia
2452 3637 2519 3693 et

459 3715 892 3783 contiunculas
961 3728 1286 3803 tamquam
1333 3720 1405 3784 in
1455 3720 1711 3803 aliquod
1760 3720 2099 3806 pistrinum
2149 3720 2402 3786 detrudi
2452 3730 2519 3786 et

359 3835 412 3875 47
459 3808 779 3897 compingi
811 3810 1110 3877 videbam
1117 3838 1138 3892 3
1175 3813 1292 3879 sed
1325 3835 1449 3899 ego
1482 3836 1688 3899 neque
1713 3814 1837 3880 illis
1868 3814 2271 3881 adsentiebar
2304 3836 2516 3897 neque

455 3901 682 3967 harum
717 3904 1216 3991 disputationum
1259 3906 1575 3973 inventori
1608 3918 1673 3974 et
1704 3906 1973 3995 principi
2005 3907 2197 3995 longe
2232 3906 2517 3973 omnium

456 3992 525 4055 in
559 3994 828 4063 dicendo
861 3999 1240 4084 gravissimo
1279 3996 1374 4085 [et
1408 3999 1950 4089 eloquentissimo]
1962 4049 1982 4080 ,
2016 4000 2293 4079 Platoni,
2331 3999 2513 4065 euius

458 4096 596 4151 tum
639 4090 912 4157 Athenis
965 4115 1112 4159 cum
1155 4094 1522 4161 Charmada
1574 4096 1935 4182 diligentius
1989 4094 2119 4181 legi
2172 4093 2483 4180 Gorgiam
2490 4118 2511 4171 ς
