2784 4575
463 200 547 266 78
953 209 1378 269 com-umen
1410 209 2033 268 RHETORICORUM

425 366 432 374 ·
465 335 616 400 dam
646 336 928 445 leporem
973 334 1314 422 superioris
1368 355 1674 420 cunisque
1727 334 1949 401 crebra
1996 333 2287 421 repetitio
2324 336 2527 415 verbi,

360 2037 430 2092 26

465 452 628 514 quae
660 430 920 517 propria
951 440 1052 496 est
1085 429 1272 494 huius
1309 429 1758 496 exornationis.

583 523 890 592 Definitio
941 534 1067 600 est,
1123 545 1286 607 quae
1335 522 1431 588 rei
1484 521 1747 588 alicuius
1800 522 2088 608 proprias
2126 522 2529 634 amplectitur

463 629 812 706 potestates
865 619 1142 684 breviter
1185 628 1251 681 et
1293 615 1582 682 absolute
1618 617 1741 682 hoc
1788 618 2012 682 modo.
2068 617 2395 682 ‘maiestas
2430 620 2529 684 rei

463 712 757 800 publicae
809 723 936 790 est,
998 712 1067 776 in
1127 733 1256 794 qua
1311 710 1669 776 continetm·
1730 711 2007 797 dignitas
2060 721 2127 776 et
2176 711 2527 798 amplitudo

465 807 776 872 civitatis?
865 806 1046 871 item:
1103 804 1394 870 ‘iniuriae
1432 815 1607 882 sunt,
1650 827 1813 888 quae
1850 814 1961 868 aut
1992 805 2351 890 pulsatione
2386 827 2528 871 cor-

464 924 586 988 pus
624 912 734 966 aut
768 900 1044 966 convitio
1080 898 1250 964 auris
1279 908 1390 962 aut
1423 898 1637 982 aliqua
1660 897 2045 984 turpitudine
2082 898 2281 964 vitam
2312 899 2529 964 cuius-

463 996 638 1081 piam
673 993 952 1060 violant?
1023 993 1206 1058 itemt
1245 998 1404 1057 ‘non
1436 1001 1539 1056 est
1560 991 1689 1057 ista
1714 991 2059 1078 diligentia,
2098 993 2214 1057 sed
2240 993 2525 1072 avaritia,
2743 1019 2762 1071 ζ

463 1089 608 1152 ideo
663 1086 834 1170 quod
895 1084 1222 1173 diligentia
1273 1095 1374 1150 est
1424 1086 1726 1150 adcurate
1784 1085 2181 1151 conservatio
2236 1108 2523 1166 suorum3
2746 1146 2749 1155 .

467 1181 731 1246 avaritia
781 1181 1086 1248 iniuriosa
1138 1180 1441 1266 appetitio
1496 1179 1883 1246 alienorum?
1960 1181 2162 1246 ⁴item=
2218 1187 2375 1246 ‘non
2424 1193 2527 1247 est
2744 1177 2749 1259 Ι

463 1275 589 1340 ista
639 1275 970 1353 fortitudo,
1032 1275 1148 1340 sed
1199 1275 1553 1352 temeritas,
1606 1287 1943 1362 propterea
1996 1275 2171 1359 quod
2220 1276 2523 1342 fortitudo

465 1379 566 1433 est
598 1369 980 1454 contemptio
1015 1368 1250 1434 laboris
1285 1379 1352 1434 et
1383 1367 1649 1456 periculi
1682 1390 1829 1436 cum
1860 1368 2105 1434 ratione
2138 1367 2423 1434 utilitatis
2460 1379 2527 1434 et

463 1463 978 1548 compensatione
1029 1463 1531 1540 commodorum,
1586 1462 1906 1528 temeritas
1960 1471 2061 1528 est
2110 1483 2257 1526 cum
2304 1462 2525 1528 incon-
2760 1447 2762 1482 ⁴

465 1556 740 1623 siderata
773 1557 1062 1623 dolorum
1085 1556 1498 1644 perpessione
1525 1555 1901 1644 gladiatoria
1924 1557 2348 1643 periculorum
2382 1579 2525 1624 sus-
2760 1557 2762 1670 ἶ

465 1650 712 1738 ceptio?
817 1651 978 1718 haec
1026 1651 1172 1716 ideo
1227 1651 1565 1717 commoda
1623 1661 1881 1737 putatur
1934 1649 2289 1727 exornatio,
2352 1651 2527 1735 quod

464 1767 718 1811 omnem
751 1744 846 1810 rei
879 1744 1233 1831 cuiuspiam
1267 1745 1400 1808 vim
1434 1755 1499 1809 et
1530 1753 1913 1830 potestatem
1946 1744 2037 1808 ita
2070 1743 2343 1809 dilucide
2378 1767 2525 1830 pro-
2760 1747 2762 1780 *

462 1839 643 1926 ponit
695 1849 760 1903 et
809 1838 1114 1915 breviter,
1175 1847 1250 1902 ut
1301 1859 1509 1920 neque
1559 1837 1847 1923 pluribus
1900 1838 2111 1904 verbis
2166 1838 2523 1924 oportuisse

466 1933 592 1996 dici
625 1931 914 1996 videatur
948 1951 1155 2014 neque
1199 1929 1455 1994 brevius
1490 1931 1777 2016 potuisse
1814 1931 1941 1996 dici
1971 1941 2246 2017 putetur.
2730 1898 2747 2084 ί

585 2023 906 2089 Transitio
951 2033 1240 2101 vocatur,
1296 2045 1459 2107 quae
1504 2045 1649 2088 cum
1692 2025 1971 2091 ostendit
2010 2023 2315 2102 breviter,
2370 2024 2527 2108 quid

465 2119 704 2182 dictum
755 2117 863 2195 sit,
917 2118 1215 2204 proponit
1265 2118 1419 2184 item
1469 2119 1648 2184 brevi
1700 2120 1855 2202 quid
1898 2129 2349 2202 consequatur,
2400 2118 2523 2184 hoc
2742 2119 2753 2257 ¹

463 2221 681 2299 pacto:
748 2217 768 2247 ‘
775 2211 844 2276 in
892 2222 1221 2299 parentem
1273 2212 1455 2278 cuius
1507 2213 1682 2280 modi
1733 2213 1951 2291 fuerit,
2012 2213 2293 2291 habetis3
2354 2233 2526 2278 nunc

463 2327 694 2392 parens
722 2306 925 2391 qualis
955 2307 1284 2386 exstiterit,
1321 2308 1757 2373 considerate?
1812 2308 1995 2373 item:
2033 2312 2206 2373 ‘mea
2237 2307 2305 2371 in
2328 2306 2527 2373 istum
2746 2289 2755 2353 ¹

465 2400 772 2465 beneficia
805 2401 1192 2488 cognovistis
1203 2427 1221 2481 3
1275 2424 1473 2481 nunc,
1521 2424 1647 2487 quo
1680 2402 1872 2469 modo
1906 2402 2029 2467 iste
2062 2401 2219 2467 mihi
2253 2400 2525 2488 gratiam

463 2495 798 2573 rettulerit,
854 2495 1160 2582 accipite.’
1247 2496 1499 2584 proficit
1548 2496 1709 2561 haec
1754 2496 2144 2579 aliquantum
2196 2494 2523 2561 exornatio

465 2589 549 2655 ad
591 2590 750 2657 duas
795 2612 930 2656 res:
981 2612 1133 2654 nam
1177 2601 1242 2655 et
1283 2591 1438 2676 quid
1488 2590 1720 2655 dixerit
1770 2600 2129 2655 commonet
2164 2600 2229 2653 et
2264 2588 2346 2654 ad
2379 2588 2526 2653 reli-

465 2705 659 2767 quum
694 2694 1020 2770 comparat
1053 2684 1423 2750 auditorem.

588 2775 914 2843 Correctio
951 2788 1077 2854 est,
1125 2800 1286 2862 quae
1323 2778 1487 2843 tollit
1518 2778 1613 2855 id,
1658 2776 1830 2861 quod
1866 2776 2101 2841 dictum
2138 2787 2265 2853 est,
2311 2786 2376 2841 et
2407 2800 2523 2863 pro

467 2892 542 2935 eo
579 2870 672 2943 id,
718 2871 891 2954 quod
923 2871 1130 2957 magis
1165 2873 1467 2937 idoneum
1507 2872 1784 2948 videtur,
1826 2870 2103 2956 reponit,
2148 2870 2273 2935 hoc
2304 2880 2523 2957 pacto:

467 2962 671 3045 ‘quod
689 2962 746 3026 si
769 2963 889 3029 iste
917 2986 1068 3029 suos
1087 2964 1370 3052 hospites
1396 2976 1707 3052 rogasset,
1734 2964 1929 3029 immo
1958 2963 2285 3029 adnuisset
2302 2964 2520 3041 modo,

465 3054 652 3120 facile
687 3055 808 3121 hoc
841 3057 1059 3142 perfici
1092 3060 1351 3145 posset!
1420 3060 1601 3124 item:
1641 3065 1817 3123 ‘nam
1840 3068 2181 3144 postquam
2214 3058 2322 3123 isti
2356 3058 2525 3123 vice-

465 3162 643 3227 runt,
699 3161 886 3235 atque
939 3152 1099 3220 adeo
1153 3155 1304 3220 victi
1355 3165 1533 3221 suntz
1588 3176 1731 3219 eam
1782 3175 1907 3236 quo
1960 3153 2151 3219 modo
2195 3152 2526 3218 victoriam

468 3243 806 3329 appellem,
862 3266 1024 3330 quae
1077 3247 1419 3314 victoribus
1469 3249 1615 3336 plus
1670 3245 2044 3312 calamitatis
2058 3296 2075 3325 ,
2130 3268 2322 3330 quam
2371 3244 2527 3311 boni

469 3338 774 3403 dederit?’
819 3340 1000 3407 item:
1040 3346 1108 3408 ‘o
1143 3342 1390 3408 virtutis
1431 3364 1643 3409 comes
1678 3340 1945 3417 invidia,
1981 3362 2146 3423 quae
2181 3341 2387 3405 bonos
2424 3362 2526 3405 se·-

467 3438 679 3517 queris
737 3433 1109 3521 plerumque
1171 3446 1358 3521 atque
1422 3438 1581 3502 adeo
1640 3436 1971 3503 insectaris
1984 3434 2027 3498 1'
2092 3446 2525 3501 commovetur

466 3526 590 3593 hoe
631 3550 866 3615 genere
912 3530 1160 3593 animus
1215 3529 1549 3608 auditoris3
1601 3553 1705 3595 res
1752 3530 1922 3594 enim
1964 3528 2285 3595 communi
2326 3529 2525 3593 verbo
2566 3555 2597 3561 ”

467 3621 634 3687 elata
667 3633 913 3687 tantum
955 3623 1146 3689 modo
1191 3623 1360 3687 dicta
1402 3623 1650 3688 videtur
1696 3634 1909 3701 antea,
1962 3633 2113 3732 post
2142 3622 2343 3708 ipsius
2382 3642 2523 3685 ora-

469 3715 622 3779 toris
661 3716 1047 3782 correctione
1081 3716 1288 3801 magis
1321 3715 1553 3781 idonea
1584 3716 1658 3781 fit
1690 3716 2135 3825 pronuntiatio.
2213 3720 2369 3778 ‘non
2401 3712 2525 3801 igi-

465 3817 568 3871 tur
613 3809 810 3875 satius
865 3809 988 3874 est’
1047 3808 1216 3873 dicet
1265 3807 1491 3890 aliquis
1547 3810 1657 3876 ‘ab
1700 3809 1905 3889 initio,
1958 3806 2332 3895 praesertim
2378 3828 2524 3872 cum

469 3900 734 3979 scribas,
791 3903 875 3966 ad
916 3892 1224 3987 optimum
1267 3910 1332 3965 et
1371 3900 1789 3968 lectissimum
1840 3905 2104 3971 verbum
2156 3901 2520 3967 devenire?

467 4003 592 4072 est,
655 4015 799 4059 cum
850 4018 980 4060 non
1031 4005 1130 4059 est
1181 3994 1407 4073 satius,
1472 3996 1528 4063 si
1590 3997 1994 4063 commutatio
2055 3995 2235 4061 verbi
2282 3996 2353 4061 id
2406 3995 2527 4061 erit
