2784 4575
392 1063 473 1104 129

401 1719 476 1762 130

402 2355 475 2409 38

397 2426 474 2469 1³2

393 3226 472 3267 132

510 246 641 314 306
1124 255 1205 311 Μ.
1242 253 1516 312 TULLII
1551 253 1948 314 CICERONIS

514 380 749 448 Graeci
798 375 1039 464 ἠθικὸν
1092 387 1352 456 vocant,
1409 375 1492 442 ad
1541 389 1799 443 naturas
1855 388 1924 442 et
1974 378 2059 442 ad
2107 401 2318 444 mores
2371 390 2441 447 et
2493 383 2580 446 ad

508 497 763 541 omnem
823 475 993 539 vitae
1055 472 1582 538 consuetudinem
1635 473 2217 550 adcommodatum3
2281 474 2576 552 alterum,

510 569 681 654 quod
706 568 916 634 eidem
940 563 1321 654 παθητικὸν
1347 565 1696 644 nominant,
1734 588 1861 650 quo
1895 568 2345 676 perturbantur
2377 568 2577 636 animi

508 675 575 728 et
609 663 1033 739 concitantur,
1082 661 1151 726 in
1187 682 1312 746 quo
1347 682 1478 726 uno
1513 671 1742 746 regnat
1773 660 1996 726 oratio.
2082 661 2244 726 illud
2279 663 2574 748 superius

510 779 717 834 come,
768 755 1142 832 iucundum,
1198 755 1283 818 ad
1322 754 1832 820 benevolentiam
1875 755 2338 821 conciliandam
2385 779 2574 846 para-

510 864 671 930 tum3
723 850 848 917 hoc
898 849 1272 927 vehemens,
1324 848 1686 926 incensum,
1749 849 2107 928 incitatum,
2162 871 2288 935 quo
2341 873 2576 918 causae

510 945 887 1033 eripiuntur3
924 945 1099 1030 quod
1132 967 1277 1010 cum
1309 944 1533 1032 rapide
1567 943 1796 1021 seruit,
1841 943 2140 1010 sustineri
2173 945 2350 1012 nullo
2382 959 2572 1034 pacto

509 1051 748 1128 potest:
784 1063 911 1126 quo
946 1060 1179 1126 genere
1212 1061 1331 1104 nos
1362 1037 1714 1103 mediocres
1751 1049 1862 1103 aut
1887 1039 2085 1106 multo
2121 1039 2312 1106 etiam
2338 1041 2570 1128 minus,

511 1134 626 1199 sed
658 1157 893 1222 magno
932 1155 1183 1220 semper
1214 1132 1318 1196 usi
1350 1131 1593 1218 impetu
1631 1155 1822 1218 saepe
1849 1132 2247 1199 adversarios
2285 1135 2368 1200 de
2403 1147 2572 1202 statu

509 1226 683 1294 omni
716 1229 1057 1294 deiecimus
1072 1253 1091 1292 z
1134 1226 1319 1293 nobis
1354 1249 1472 1314 pro
1526 1227 1821 1292 familiari
1861 1250 1973 1293 reo
2019 1251 2305 1294 summus
2360 1242 2572 1298 orator

508 1345 640 1388 non
693 1323 1023 1410 respondit
1064 1322 1480 1399 Hortensius3
1537 1345 1574 1386 a
1624 1321 1809 1387 nobis
1861 1321 2054 1389 homo
2107 1324 2572 1392 audacissimus

496 1415 789 1482 Catilina
830 1417 898 1481 in
945 1426 1169 1482 senatu
1224 1425 1558 1480 accusatus
1605 1415 1920 1480 obmutuit
1926 1441 1947 1494 3
2000 1416 2184 1482 nobis
2219 1418 2473 1504 privata
2502 1419 2572 1485 in

512 1533 708 1577 causa
739 1533 977 1598 magna
1008 1521 1074 1575 et
1107 1509 1289 1597 gravi
1323 1530 1470 1573 cum
1505 1508 1822 1594 coepisset
1858 1507 2054 1576 Curio
2087 1522 2272 1597 pater
2304 1535 2572 1600 respon-

510 1605 690 1684 dere,
744 1605 953 1670 subito
998 1603 1273 1682 adsedit,
1328 1625 1475 1667 cum
1519 1602 1640 1669 sibi
1683 1603 1947 1668 venenis
1993 1615 2276 1692 ereptam
2327 1629 2572 1674 memo-

508 1699 672 1764 riam
704 1699 960 1765 diceret.
1032 1697 1189 1783 quid
1224 1720 1345 1784 ego
1382 1698 1462 1762 de
1495 1697 2006 1763 miserationibus
2041 1699 2304 1783 loquar?
2337 1701 2567 1786 quibus

512 1816 589 1858 eo
625 1815 767 1858 sum
800 1815 957 1859 usus
992 1792 1311 1879 pluribus,
1358 1792 1558 1875 quod,
1611 1791 1801 1858 etiam
1837 1791 1893 1856 si
1924 1792 2140 1878 plures
2178 1795 2566 1874 dicebamus,

508 1888 973 1976 perorationem
1006 1886 1163 1951 mihi
1196 1897 1410 1951 tamen
1447 1908 1668 1952 omnes
1711 1886 2179 1970 relinquebant;
2231 1889 2298 1953 in
2331 1911 2458 1973 quo
2491 1903 2568 1956 ut

509 1981 756 2047 viderer
808 1981 1113 2046 excellere
1166 2003 1296 2046 non
1346 1979 1635 2077 ingenio,
1701 1980 1818 2044 sed
1871 1981 2087 2046 dolore
2147 1982 2560 2064 adsequebar.

508 2099 671 2160 quae
708 2076 1248 2161 qualiacumque‘
1228 2100 1296 2140 ιιι
1328 2098 1434 2140 me
1471 2086 1647 2140 sunt:
1681 2111 1770 2124 —
1801 2098 1906 2142 me
1940 2077 2108 2142 enim
2146 2077 2350 2164 ipsum
2395 2099 2568 2164 pae-

506 2169 667 2234 nitet
719 2180 956 2254 quanta
1006 2169 1135 2234 sint
1181 2203 1272 2218 --
1324 2170 1441 2234 sed
1494 2181 1803 2257 apparent
1851 2170 1920 2234 in
1971 2171 2382 2248 orationibus,
2438 2173 2568 2238 etsi

509 2272 727 2327 carent
758 2262 905 2327 libri
938 2262 1164 2351 spiritu
1196 2261 1338 2342 illo,
1391 2274 1651 2353 propter
1685 2284 1874 2349 quem
1916 2265 2158 2331 maiora
2199 2265 2426 2331 eadem
2453 2265 2568 2333 illa

508 2380 655 2423 cum
689 2368 963 2445 aguntur
996 2379 1187 2442 quam
1223 2380 1369 2424 cum
1402 2360 1699 2447 leguntur
1734 2359 1934 2425 videri
1969 2361 2194 2428 solent.
2257 2382 2376 2427 nec
2413 2383 2566 2427 vero

507 2452 909 2518 miseratione
937 2453 1145 2519 solum
1170 2476 1351 2519 mens
1378 2454 1658 2518 iudicum
1682 2455 2113 2540 permovenda
2137 2465 2256 2533 est,
2295 2477 2420 2540 qua
2446 2478 2568 2521 nos

506 2547 599 2611 ita
632 2547 917 2611 dolenter
951 2546 1046 2611 uti
1081 2547 1388 2626 solemus,
1423 2558 1496 2611 ut
1527 2570 1796 2632 puerum
1827 2547 2190 2613 infantem
2169 2572 2238 2614 m
2271 2548 2568 2614 manibus

506 2651 875 2727 perorantes
914 2642 1327 2718 tenuerimus,
1363 2651 1438 2705 ut
1473 2640 1596 2705 alia
1627 2640 1694 2705 in
1729 2662 1950 2720 causa,
1997 2642 2272 2707 excitato
2303 2665 2416 2709 reo
2450 2666 2570 2708 no-

506 2733 649 2812 bili,
705 2734 955 2799 sublato
991 2735 1179 2799 etiam
1213 2735 1345 2801 filio
1378 2756 1606 2820 parvo,
1659 2734 1966 2823 plangore
2011 2747 2075 2801 et
2113 2736 2570 2803 lamentatione

508 2824 949 2913 complerimus
985 2827 1193 2894 forum
1206 2876 1223 2905 ,
1270 2827 1388 2892 sed
1421 2828 1612 2893 etiam
1647 2838 1749 2893 est
1791 2828 2180 2907 faciendum,
2225 2840 2300 2894 ut
2329 2830 2573 2895 irasca-

506 2930 609 2984 tur
642 2920 835 2985 iudex
860 2920 1203 3009 mitigetur,
1230 2921 1512 2987 invideat
1544 2922 1776 2996 faveat,
1815 2932 2174 2986 contemnat
2199 2922 2574 3001 admiretur,

507 3014 710 3081 oderit
744 3013 996 3101 diligat,
1052 3015 1265 3101 cupiat
1308 3016 1598 3079 satietate
1644 3014 1999 3090 adficiatur,
2055 3023 2267 3099 speret
2299 3026 2576 3095 metuat,

504 3108 773 3173 laetetur
807 3108 1043 3187 doleat3
1094 3108 1162 3173 in
1196 3129 1323 3191 qua
1354 3107 1656 3171 varietate
1701 3104 2020 3170 duriorum
2055 3104 2373 3170 accusatio
2410 3128 2580 3195 sup-

505 3201 814 3311 peditabit
863 3201 1179 3287 exempla,
1240 3200 1561 3265 mitiorum
1621 3197 2026 3263 defensiones
2078 3220 2280 3265 meae.
2385 3200 2574 3268 nullo

504 3295 675 3361 enim
706 3296 897 3361 modo
933 3295 1176 3359 animus
1208 3292 1518 3358 audientis
1555 3303 1666 3357 aut
1695 3292 1942 3357 incitari
1977 3304 2088 3359 aut
2110 3292 2298 3359 leniri
2327 3305 2568 3382 potest,

504 3391 614 3475 qui
658 3390 885 3456 modus
922 3410 963 3453 a
992 3409 1095 3452 me
1136 3410 1267 3453 non
1310 3397 1652 3476 temptatus
1700 3386 1811 3454 sit.
1865 3387 2142 3455 dicerem
2184 3389 2567 3475 perfectum,

506 3485 563 3549 si
594 3484 685 3548 ita
725 3483 1098 3560 iudicarem,
1150 3503 1271 3547 nee
1310 3482 1379 3547 in
1422 3482 1686 3549 veritate
1721 3482 1960 3549 crimen
2005 3482 2414 3571 adrogantiae
2449 3504 2572 3549 ex-

503 3578 931 3659 timescerem3
990 3578 1133 3657 sed,
1185 3590 1259 3644 ut
1299 3600 1496 3667 supra
1537 3579 1694 3658 dixi,
1747 3579 1926 3645 nulla
1965 3602 2069 3647 me
2120 3578 2388 3667 ingenii,
2445 3580 2570 3644 sed

504 3694 740 3759 magna
756 3672 868 3737 ‚vis
906 3672 1099 3737 animi
1130 3673 1507 3752 inflammat,
1541 3685 1615 3739 ut
1648 3696 1752 3739 me
1786 3673 1926 3761 ipse
1958 3697 2090 3741 non
2123 3684 2403 3753 teneam3
2438 3694 2568 3737 nec

502 3788 807 3852 umquam
838 3766 925 3843 is,
972 3765 1080 3850 qui
1114 3768 1317 3845 audit,
1362 3768 1830 3847 incenderetur,
1865 3768 1990 3833 nisi
2025 3768 2255 3835 ardens
2293 3768 2378 3833 ad
2409 3788 2568 3832 eum

502 3860 863 3947 perveniret
895 3860 1113 3926 oratio,
1184 3872 1396 3928 uterer
1431 3862 1737 3948 exemplis
1775 3860 2159 3940 domesticis,
2195 3860 2320 3927 nisi
2355 3882 2433 3927 ea
2467 3862 2568 3925 le—

430 3955 441 3998 ’-
505 3952 741 4033 gisses;
786 3963 997 4017 uterer
1029 3953 1249 4019 alienis
1260 4002 1280 4033 ,
1322 3955 1429 4019 vel
1463 3954 1746 4031 Latinis,
1793 3954 1849 4020 si
1881 3956 2014 4020 ulla
2042 3955 2414 4041 reperirem,
2453 3952 2567 4019 vel

508 4038 800 4119 Graecis,
854 4044 911 4107 si
962 4044 1233 4111 deceret.
1330 4046 1446 4113 sed
1499 4046 1720 4113 Crassi
1751 4068 2074 4135 perpauca
2117 4060 2265 4115 sunt
2305 4068 2424 4113 nec
2479 4068 2568 4113 ea
