2784 4575
535 269 620 334 14
1151 279 1227 333 M.
1267 277 1539 336 TULLII
1577 275 1982 333 CICERONIS

529 405 672 492 ipsa
704 413 770 470 et
801 402 1247 468 mathematica
1281 413 1344 467 et
1380 423 1543 485 quae
1576 399 1769 487 paulo
1796 409 1941 464 ante
1977 407 2329 463 ceterarum
2360 399 2595 466 artium

528 498 784 587 propria
813 498 1112 587 posuisti,
1167 497 1470 564 scientiae
1505 506 1653 561 sunt
1698 516 1943 605 eorum,
1996 492 2108 577 qui
2140 491 2253 558 illa
2282 494 2595 580 profiten-

529 605 658 671 tur,
711 593 1050 659 inlustrare
1103 602 1316 658 autem
1367 590 1652 658 oratione
1694 589 1751 654 si
1803 588 1943 672 quis
1993 587 2150 654 istas
2201 587 2381 676 ipsas
2437 591 2592 656 artis

441 716 485 752 ει
533 688 715 767 velit,
753 687 837 752 ad
870 686 1136 753 oratoris
1173 686 1234 752 ei
1267 684 1764 772 confugiendum
1798 694 1898 749 est
1930 682 2324 763 facultatem3
2379 706 2592 775 neque

533 780 727 861 enim,
774 780 832 848 si
862 780 1205 847 Philonem
1236 779 1419 844 illum
1452 778 1893 855 architectum,
1938 776 2048 860 qui
2080 776 2591 844 Atheniensibus

533 874 1083 940 armamentarium
1116 873 1296 952 fecit,
1341 882 1592 939 constat
1621 870 1973 959 perdiserte
2003 869 2240 957 populo
2272 872 2592 938 rationem

533 967 738 1052 operis
775 967 874 1034 sui
906 966 1289 1044 reddidisse,
1345 964 1837 1032 existimandum
1870 973 1971 1029 est
2004 963 2323 1029 architecti
2364 964 2590 1050 potius

533 1061 791 1128 artificio
844 1061 1151 1127 disertum
1194 1082 1385 1145 quam
1420 1059 1687 1126 oratoris
1739 1058 1939 1125 fuisse
1949 1082 1970 1137 3
2013 1078 2164 1136 nec,
2210 1057 2267 1123 si
2296 1057 2450 1123 huic
2479 1059 2589 1124 M.

530 1155 814 1221 Antonio
864 1178 983 1242 pro
1017 1155 1423 1222 Hermodoro
1476 1153 1706 1219 fuisset
1756 1152 1837 1218 de
1887 1151 2207 1218 navalium
2251 1174 2443 1237 opere
2491 1151 2589 1215 di-

533 1248 827 1327 cen-dum,
862 1271 1020 1327 non,
1057 1269 1201 1313 cum
1237 1249 1319 1314 ab
1350 1248 1462 1314 illo
1498 1269 1757 1313 causam
1792 1244 2142 1323 didicisset,
2185 1245 2326 1332 ipse
2363 1255 2585 1311 ornate

533 1344 609 1404 de
649 1342 849 1408 alieno
885 1342 1145 1409 artificio
1181 1342 1563 1429 copioseque
1598 1341 1892 1451 dixissen
1926 1360 2132 1424 neque
2166 1361 2319 1405 vero
2353 1339 2586 1404 Ascle-

529 1434 860 1520 pi=1des,‘1s
897 1457 1022 1520 quo
1055 1458 1176 1502 nos
1210 1436 1459 1502 medico
1495 1435 1823 1520 amicoque
1856 1434 1960 1499 usi
1995 1455 2233 1512 sumus,
2273 1454 2421 1497 cum
2456 1433 2586 1498 elo-

533 1529 785 1612 quentia
818 1529 1112 1596 vincebat
1145 1541 1390 1596 ceteros
1425 1528 1761 1596 medicos
1741 1552 1811 1594 ιιι
1845 1550 1921 1593 eo
1956 1528 2119 1614 ipso,
2156 1527 2329 1612 quod
2365 1537 2583 1593 ornate

529 1624 589 1688 1:11
597 1623 806 1701 flebat
857 1624 1208 1690 medicinae
1252 1623 1555 1689 facultate
1596 1623 1921 1701 utebatur,
1974 1644 2103 1687 non
2155 1620 2583 1705 eloquentiae3

437 1744 485 1780 ιι
533 1732 718 1800 atque
759 1717 917 1783 illud
970 1728 1070 1784 est
1117 1717 1540 1805 probabilius,
1591 1737 1800 1800 neque
1843 1727 2056 1782 tamen
2107 1736 2357 1793 verum,
2413 1715 2584 1801 quod

533 1812 829 1877 Socrates
864 1811 1073 1878 dicere
1110 1811 1382 1890 solebat,
1429 1809 1634 1877 omnis
1668 1810 1739 1875 in
1772 1831 1880 1889 eo,
1916 1809 2090 1894 quod
2128 1808 2389 1887 scirent,
2427 1809 2581 1874 satis

533 1928 673 1972 esse
727 1905 1107 1990 eloquentis3
1175 1905 1337 1971 illud
1388 1905 1630 1985 verius,
1691 1926 1901 1988 neque
1953 1924 2334 1988 quemquam
2383 1903 2453 1967 in
2506 1926 2582 1969 eo

529 2000 832 2064 disertum
867 2021 1011 2064 esse
1043 2021 1256 2085 posse,
1293 2000 1468 2083 quod
1498 1999 1761 2077 nesciat,
1795 2020 2022 2083 neque,
2061 1997 2115 2063 si
2149 1996 2386 2084 optime
2421 1997 2583 2062 sciat

529 2092 913 2176 ignarusque
957 2092 1041 2157 sit
1082 2092 1419 2159 faciundae
1462 2115 1538 2159 ac
1584 2093 1919 2181 poliendae
1962 2091 2291 2169 orationis,
2346 2091 2581 2157 diserte

430 2184 493 2232 15
529 2184 593 2248 id
629 2184 862 2268 ipsum,
915 2185 998 2251 de
1032 2207 1160 2270 quo
1195 2185 1382 2265 sciat,
1428 2207 1625 2273 posse
1658 2186 1887 2253 dicere.
1976 2207 2166 2270 quam
2200 2185 2283 2250 ob
2316 2206 2481 2263 rem,
2526 2184 2581 2250 si

529 2278 669 2360 quis
719 2278 1083 2348 universam
1128 2292 1191 2347 et
1231 2281 1553 2369 propriam
1596 2280 1862 2349 oratoris
1913 2280 2044 2347 vim
2096 2278 2358 2348 definire
2410 2301 2580 2346 com-

526 2371 838 2458 plectique
872 2374 1026 2454 vult,
1061 2374 1119 2441 is
1155 2386 1364 2443 orator
1400 2374 1519 2442 erit
1549 2397 1695 2441 mea
1728 2375 2043 2441 sententia
2073 2374 2198 2441 hoc
2230 2384 2364 2439 tam
2399 2373 2580 2461 gravi

529 2467 757 2552 dignus
790 2467 1074 2547 nomine,
1127 2469 1266 2553 qui,
1321 2490 1758 2554 quaecumque
1789 2492 1896 2536 res
1928 2468 2244 2545 inciderit,
2298 2489 2463 2551 quae
2497 2466 2581 2532 sit

529 2560 799 2627 dictione
834 2562 1238 2650 explicanda,
1290 2564 1636 2651 prudenter
1670 2573 1736 2629 et
1779 2562 2127 2649 composite
2162 2572 2227 2627 et
2260 2571 2482 2626 ornate
2516 2572 2581 2625 et

529 2656 884 2723 memoriter
934 2657 1102 2725 dicet
1154 2679 1298 2723 cum
1353 2657 1629 2742 quadam
1680 2657 1946 2723 actionis
1999 2656 2190 2722 etiam
2242 2654 2578 2741 dignitate3

433 2777 477 2813 [ι.
529 2753 625 2813 sin
661 2750 932 2838 cuipiam
965 2751 1153 2818 nimis
1187 2752 1504 2818 infinitum
1538 2751 1810 2829 videtur,
1849 2750 2020 2837 quod
2054 2750 2145 2815 ita
2169 2748 2358 2835 posui
2394 2754 2579 2833 ‘qua-

529 2865 794 2928 cumque
830 2845 910 2909 de
944 2867 1014 2910 re
1025 2844 1064 2923 ‚'
1117 2844 1269 2911 licet
1301 2845 1452 2910 hinc
1495 2855 1803 2929 quantum
1846 2844 2074 2928 cuique
2106 2842 2424 2908 videbitur
2460 2841 2580 2907 cir-

529 2936 839 3001 cumcidat
881 2949 1069 3022 atque
1121 2950 1433 3024 amputet,
1487 2950 1701 3005 tamen
1751 2937 1909 3003 illud
1960 2936 2219 3015 tenebo,
2274 2935 2358 3013 si,
2413 2956 2578 3019 quae

529 3030 750 3096 ueteris
801 3030 869 3096 in
921 3033 1160 3099 artibus
1214 3044 1325 3099 aut
1376 3033 1603 3099 studiis
1660 3032 1782 3099 sita
1834 3043 2007 3111 sunt,
2070 3042 2280 3098 orator
2325 3030 2584 3115 ignoret

529 3137 890 3211 tantumque
929 3149 1006 3193 ea
1039 3138 1278 3207 teneat,
1325 3151 1491 3214 quae
1527 3129 1655 3193 sint
1684 3128 1753 3193 in
1790 3126 2345 3215 disceptationibus
2381 3135 2580 3209 atque

525 3225 585 3285 in
625 3242 744 3285 usu
778 3220 1044 3299 forensi,
1097 3232 1312 3289 tamen
1346 3222 1447 3288 his
1485 3224 1565 3289 de
1599 3223 1793 3289 rebus
1845 3221 2004 3308 ipsis
2050 3221 2107 3286 si
2152 3222 2235 3287 sit
2268 3219 2329 3285 ei
2361 3218 2579 3285 dicen-

529 3317 703 3391 dum,
757 3333 905 3379 cum
946 3315 1317 3403 cognoverit
1360 3316 1444 3381 ab
1495 3316 1618 3394 eis,
1674 3316 1784 3399 qui
1824 3310 2073 3393 ten‘ent,
2126 3336 2289 3399 quae
2344 3311 2470 3377 sint
2509 3313 2579 3377 in

525 3433 649 3473 una
682 3428 932 3492 quaque
963 3428 1054 3487 re,
1088 3409 1289 3475 multo
1321 3407 1722 3498 [oratorem]
1714 3409 1968 3476 melius
1972 3430 2167 3519 quam
2198 3408 2376 3496 ipsos
2411 3407 2577 3485 illos,

429 3533 477 3569 ις
525 3524 789 3585 quorum
824 3523 938 3568 eae
972 3501 1101 3568 sint
1133 3513 1332 3582 artes,
1371 3526 1517 3570 esse
1551 3503 1883 3569 dicturum.
1969 3502 2061 3569 ita
2094 3502 2151 3568 si
2187 3503 2268 3568 de
2304 3524 2381 3567 re
2413 3500 2580 3565 mili—

521 3597 641 3661 fari
688 3595 1025 3663 dicendum
1074 3596 1226 3662 huic
1278 3597 1397 3663 erit
1452 3596 1766 3707 Sulpicio,
1830 3607 2091 3682 quaeret
2141 3618 2182 3661 a
2233 3592 2313 3662 C.
2364 3593 2579 3660 Mario

525 3690 713 3753 adfini
745 3700 966 3758 nostro
999 3700 1091 3769 et,
1145 3712 1289 3756 cum
1325 3692 1668 3779 acceperit,
1712 3691 1803 3756 ita
1835 3689 2295 3778 pronuntiabit,
2348 3699 2421 3754 ut
2452 3688 2581 3776 ipsi

525 3785 598 3849 Π.
637 3784 848 3851 Mario
880 3806 1085 3869 paene
1119 3784 1225 3850 hic
1256 3786 1515 3864 melius,
1570 3806 1763 3871 quam
1795 3784 1964 3871 ipse,
2009 3784 2121 3850 illa
2164 3783 2327 3849 scire
2361 3781 2582 3848 videa-

525 3897 645 3953 τηις
699 3877 797 3943 sin
832 3877 912 3943 de
947 3878 1082 3944 iure
1118 3877 1314 3959 civili,
1365 3891 1577 3945 tecum
1620 3879 2105 3946 communicabit
2150 3888 2340 3962 atque
2374 3875 2582 3942 homi-

521 3993 667 4033 nem
715 3970 1277 4057 prudentissimum
1319 3983 1383 4039 et
1416 3972 1871 4059 peritissimum
1911 3972 1979 4037 in
2024 3972 2117 4037 eis
2159 3971 2318 4059 ipsis
2361 3969 2580 4047 rebus,

429 4089 477 4125 ffi-
525 4085 681 4141 {pias
717 4063 830 4128 abs
867 4074 930 4127 te
967 4064 1269 4146 didicerit,
1307 4066 1557 4133 dicendi
1594 4078 1725 4133 arte
1762 4066 2110 4154 superabit;
2151 4066 2249 4131 sin
2277 4086 2439 4149 quae
2473 4084 2580 4128 res
