2784 4575
422 630 498 672 125

425 1337 503 1378 12⁶

419 2279 497 2319 1⁴2⁷

428 3094 500 3149 34

529 237 662 304 224
1145 247 1224 302 Μ.
1262 247 1536 306 TULLn
1572 245 1974 304 CICERONIS

531 371 708 438 nulla
749 383 814 436 et
855 371 1056 437 multa
1107 371 1267 436 dixit
1307 382 1374 436 et
1422 370 1715 436 inlustria
1756 381 1823 435 et
1862 370 1933 434 in
1980 392 2245 434 numero
2294 380 2617 457 patrono-
2733 331 2734 420 ξ

529 491 676 534 rum
709 466 858 545 fuit,
910 477 986 531 ut
1017 487 1166 532 eum
1215 465 1437 544 mirer,
1490 486 1635 530 cum
1669 475 1736 530 et
1777 465 1911 529 vita
1960 463 2509 550 suppeditavisset
2544 478 2611 531 et

429 559 502 612 33
536 560 836 649 splendor
887 559 948 625 ei
997 581 1130 626 non
1189 559 1529 639 defuisset,
1592 559 1919 624 consulem
1968 580 2099 623 non
2150 558 2375 624 fuisse.
2488 563 2609 626 sed

534 677 683 724 ecce
735 656 803 721 in
851 654 1147 722 manibus
1200 655 1298 719 vir
1349 664 1417 720 et
1465 654 2012 741 praestantissimo
2052 653 2321 740 ingenio
2376 665 2445 719 et
2486 655 2609 718 fla-

533 750 745 840 granti
798 749 1008 816 studio
1044 760 1110 815 et
1151 748 1376 815 doctus
1415 771 1454 814 a
1484 771 1683 837 puero
1721 745 1799 814 C.
1838 747 2199 827 Gracchus3
2252 747 2385 814 noli
2430 749 2608 814 enim

533 856 758 933 putare
810 865 1223 928 quemquam,
1273 844 1503 921 Brute,
1557 843 1907 930 pleniorem
1949 853 2063 908 aut
2110 843 2470 908 uberiorem
2518 844 2611 908 ad

533 938 874 1005 dicendum
925 939 1145 1005 fuisse.
1233 949 1302 1003 et
1339 937 1447 1002 ille
1500 937 1624 1002 ‘sic
1666 937 1956 1024 prorsus’
2008 937 2217 1021 iuquit
2264 934 2611 1002 ‘existimo

537 1044 726 1119 atque
759 1033 955 1098 istum
997 1032 1078 1099 de
1121 1032 1551 1119 superioribus
1602 1054 1806 1119 paene
1853 1031 2061 1103 solum
2095 1029 2278 1118 lego?
2364 1031 2609 1096 ‘immo

532 1127 764 1215 plane,'
800 1127 1060 1212 inquam
1087 1127 1336 1204 ‘Brute,
1372 1125 1553 1213 legas
1592 1148 1853 1205 cense03
1891 1126 2193 1192 damnum
2219 1125 2391 1191 enim
2420 1125 2607 1191 illius

533 1223 871 1286 immaturo
905 1219 1162 1285 interitu
1194 1241 1300 1285 res
1333 1219 1665 1286 Romanae
1700 1220 2098 1304 Latinaeque
2142 1219 2391 1286 litterae
2426 1220 2605 1286 fece-

535 1323 703 1378 runt.
810 1313 1054 1377 utinam
1113 1335 1244 1378 non
1305 1323 1435 1378 tam
1500 1313 1680 1379 fratri
1738 1314 2039 1399 pietatem
2100 1335 2292 1398 quam
2352 1314 2603 1400 patriae

534 1416 859 1494 praestare
894 1406 1230 1472 voluisset!
1284 1428 1477 1491 quam
1510 1407 1617 1472 ille
1652 1407 1839 1472 facile
1874 1407 1987 1472 tali
2017 1407 2303 1493 ingenio,
2358 1408 2599 1474 diutius

537 1500 594 1565 si
627 1499 913 1577 vixisset,
949 1499 1055 1566 vel
1087 1511 1420 1587 paternam
1455 1511 1627 1566 esset
1660 1501 1763 1566 vel
1798 1501 2034 1565 avitam
2067 1501 2339 1588 gloriam
2375 1525 2599 1569 conse-

535 1593 750 1660 cutus!
805 1593 1166 1678 eloquentia
1197 1595 1457 1678 quidem
1496 1595 1714 1660 nescio
1750 1618 1833 1660 an
1866 1595 2197 1661 habuisset
2231 1619 2445 1696 parem
2478 1621 2598 1662 ne-

533 1689 790 1755 minem.
864 1688 1138 1800 ‚grandis
1189 1698 1290 1754 est
1339 1689 1581 1767 verbis,
1636 1690 1890 1776 sapiens
1948 1690 2307 1768 sententiis,
2358 1713 2593 1778 genere

531 1796 667 1851 toto
703 1784 949 1873 gravis3
1001 1807 1229 1850 manus
1275 1795 1562 1850 extrema
1601 1807 1733 1850 non
1775 1785 2047 1850 accessit
2088 1785 2387 1872 operibus
2422 1785 2591 1851 eius·

531 1880 854 1966 praeclare
888 1879 1188 1945 inchoata
1218 1879 1448 1958 multa,
1484 1879 1769 1966 perfecta
1800 1903 1930 1946 non
1964 1881 2175 1966 plane.
2260 1881 2591 1968 legendae,

532 1974 821 2059 inquam,
877 1983 976 2038 est
1024 1973 1130 2038 hic
1182 1984 1420 2052 orator,
1471 1975 1703 2054 Brute,
1758 1975 1814 2040 si
1866 1975 2202 2058 quisquam
2254 1977 2445 2055 alius,
2494 1977 2595 2040 iu·-

533 2069 805 2146 ventuti3
857 2090 988 2134 non
1031 2068 1202 2133 enim
1247 2068 1455 2134 solum
1499 2089 1753 2148 acuere,
1808 2071 1924 2134 sed
1968 2070 2159 2135 etiam
2202 2071 2373 2136 alere
2414 2071 2593 2158 inge-

535 2161 714 2224 nium
749 2171 981 2246 potest.

652 2254 826 2318 Huic
863 2254 1170 2319 successit
1205 2257 1397 2322 aetati
1437 2253 1516 2323 C.
1555 2255 1795 2335 Galba,
1844 2211 2053 2323 Servii
2086 2259 2257 2324 illius
2292 2259 2589 2369 eloquent

531 2346 760 2411 tissimi
810 2347 931 2413 viri
987 2348 1187 2427 filius,
1245 2350 1325 2415 P.
1383 2347 1608 2417 Crassi
1670 2352 2022 2436 eloquentis
2077 2361 2143 2417 et
2192 2352 2346 2418 iuris
2405 2352 2591 2440 periti

532 2465 747 2530 gener.
853 2442 1199 2510 laudabant
1249 2445 1419 2511 hunc
1476 2456 1691 2533 patres
1752 2447 1982 2524 nostri,
2042 2446 2345 2513 favebant
2405 2448 2593 2513 etiam

530 2548 791 2625 propter
824 2538 1022 2625 patris
1057 2541 1457 2618 memoriam,
1514 2541 1629 2605 sed
1672 2541 1901 2605 cecidit
1932 2540 2001 2605 in
2038 2562 2255 2618 cursu,
2307 2564 2458 2607 nam
2488 2564 2594 2607 ro-

532 2632 788 2719 gatione
829 2632 1146 2712 Mamilia,
1189 2633 1607 2721 Iugurthinae
1642 2634 2089 2700 coniurationis
2124 2635 2393 2715 invidia,
2446 2657 2592 2701 cum

529 2749 648 2812 pro
686 2748 827 2793 sese
861 2726 1002 2814 ipse
1038 2727 1332 2805 dixisset,
1385 2749 1732 2814 oppressus
1776 2740 1894 2796 est.
1983 2739 2196 2794 exstat
2238 2729 2375 2795 eius
2410 2752 2596 2817 pero-

529 2820 721 2897 ratio,
775 2821 886 2905 qui
929 2822 1220 2908 epilogus
1263 2820 1522 2901 dicitur3
1577 2822 1688 2907 qui
1738 2833 1915 2889 tanto
1967 2822 2035 2887 in
2086 2823 2327 2889 honore
2378 2824 2593 2910 pueris

531 2911 716 2977 nobis
753 2924 915 2993 erat,
965 2924 1039 2979 ut
1073 2937 1220 2981 eum
1255 2914 1445 2980 etiam
1482 2916 1931 2983 edisseremus.
2019 2914 2149 2995 hic,
2196 2916 2308 3001 qui
2340 2916 2411 2982 in
2444 2938 2597 2983 con-

531 3004 702 3091 legio
757 3007 1156 3073 sacerdotum
1207 3020 1409 3087 esset,
1461 3009 1705 3096 primus
1756 3021 1906 3096 post
1944 3008 2223 3077 Romam
2275 3011 2595 3077 conditam

530 3098 763 3165 iudicio
805 3102 1060 3187 publico
1104 3112 1206 3167 est
1249 3104 1726 3169 condemnatus.
1811 3104 1892 3171 P.
1932 3102 2177 3192 Scipio,
2232 3104 2343 3190 qui
2388 3116 2488 3171 est
2527 3107 2595 3171 in

447 3167 863 3260 28(ιοίιειιΙειιιι
913 3205 1231 3274 mortuus,
1284 3220 1417 3263 non
1465 3198 1737 3263 multum
1776 3193 1885 3264 ille
1937 3198 2194 3283 quidem
2236 3220 2360 3265 nec
2403 3222 2597 3287 saepe

533 3286 810 3365 dicebat,
856 3287 971 3353 sed
1005 3299 1070 3353 et
1101 3288 1337 3356 Latine
1371 3290 1691 3376 loquendo
1726 3292 1927 3357 cuivis
1965 3303 2103 3357 erat
2134 3316 2251 3380 par
2287 3303 2354 3359 et
2386 3293 2593 3359 omnis

533 3380 664 3445 sale
699 3380 1070 3467 facetiisque
1107 3385 1467 3470 superabat.
1556 3385 1693 3450 eius
1730 3386 1997 3472 conlega
2028 3386 2113 3451 L.
2147 3386 2375 3453 Bestia
2408 3386 2594 3453 boni-s

530 3473 724 3540 initiis
761 3497 943 3542 orsus
979 3475 1334 3543 tribunatus
1351 3501 1608 3543 -nam
1638 3479 1719 3545 P.
1746 3480 2069 3567 Popilium
2105 3479 2169 3545 vi
2206 3478 2284 3547 C.
2317 3478 2596 3549 Gracchi

532 3568 870 3654 expulsum
917 3592 1034 3634 sua
1074 3571 1405 3657 rogatione
1446 3572 1724 3638 restituit
1754 3608 1845 3623 —--
1914 3573 2013 3638 vir
2056 3583 2123 3639 et
2165 3594 2311 3639 acer
2356 3584 2424 3639 et
2466 3597 2596 3640 non

531 3658 902 3742 indisertus,
972 3664 1168 3729 tristis
1223 3665 1430 3731 exitus
1493 3666 1717 3733 habuit
1767 3668 2163 3748 consulatus,
2224 3691 2379 3733 nam
2431 3669 2598 3734 invi-

532 3753 716 3819 diosa
753 3752 924 3843 [lege
957 3756 1278 3846 Mamilia]
1335 3760 1705 3844 quaestione
1743 3758 1822 3828 C.
1862 3758 2139 3828 Galbam
2192 3762 2595 3829 sacerdotem

530 3858 596 3913 et
647 3858 944 3931 quattuor
995 3851 1373 3931 consularis,
1427 3853 1513 3919 L.
1555 3855 1874 3934 Bestiam,
1930 3852 2012 3922 C.
2067 3853 2414 3935 Catonem,
2474 3854 2593 3943 Sp.

412 3970 421 3979 ·
528 3940 842 4008 Albinum
875 3944 1202 4030 clvemque
1234 3948 1850 4033 praestantissimum
1882 3950 1967 4015 L.
1998 3948 2349 4037 Opimium,
2388 3948 2597 4017 Grae-

531 4032 636 4092 chi
686 4032 1180 4115 interfectorem,
1235 4061 1275 4102 a
1303 4040 1562 4126 populo
1616 4042 2005 4123 absolutum,
2060 4064 2205 4107 cum
2255 4043 2313 4109 is
2370 4055 2597 4109 contra
