2784 4575
853 336 958 393 DE
993 336 1473 397 INVENTIONE
1512 340 1557 394 1.
1594 340 1830 397 93-98.
2250 332 2369 399 147

312 470 428 525 aut
459 460 708 537 eadem,
745 458 866 526 hoc
900 460 1121 526 modo·
1169 461 1434 527 ‘malum
1469 472 1568 528 est
1602 464 1893 542 avaritia3
1930 466 2162 534 multos
2200 469 2369 534 enim

309 554 562 640 magnis
597 554 1012 620 incommodis
1057 554 1293 620 adfecit
1331 558 1637 643 pecuniae
1682 558 2051 645 cupiditas?
2108 574 2215 626 aut
2256 587 2370 671 13³*

307 670 453 711 rum
487 647 752 757 idonea,
795 648 918 713 hoc
961 649 1182 715 modo.
1238 650 1615 717 ‘maximum
1656 652 1896 717 bonum
1930 664 2029 718 est
2063 656 2363 736 amicitia;

307 741 616 827 plurimae
651 742 822 807 enim
857 753 1005 807 sunt
1040 742 1544 809 delectationes
1524 768 1593 809 ιιι
1628 745 1941 811 amicitia?

429 832 713 917 Quartus
747 836 976 901 modus
1013 836 1132 901 erit
1173 837 1712 925 reprehensionis,
1756 861 1873 926 per
1914 862 2104 924 quem
2146 853 2365 910 contra
2396 842 2464 897 51

299 929 553 995 firmam
605 930 1213 1017 argumentationem
1266 954 1466 1016 aeque
1517 934 1702 998 firma
1746 944 1856 998 aut
1898 934 2137 1000 firmior
2184 937 2364 1022 poni-
2407 915 2459 956 ⁹⁶

297 1033 426 1088 tur.
515 1024 638 1089 hoc
682 1047 886 1111 genus
936 1025 1006 1090 in
1055 1025 1611 1092 deliberationibus
1664 1028 1938 1093 maxime
1990 1030 2360 1108 versabitur,

299 1138 453 1180 eum
505 1118 768 1201 aliquid,
824 1120 996 1203 quod
1046 1130 1266 1186 contra
1317 1120 1570 1199 dicitur,
1627 1143 1900 1205 aequum
1952 1144 2097 1188 esse
2139 1144 2364 1190 conce-

300 1210 546 1289 dimus,
595 1213 711 1277 sed
756 1213 850 1290 id,
897 1214 1068 1297 quod
1099 1236 1220 1280 nos
1265 1212 1695 1292 defendimus,
1749 1216 2176 1283 necessarium
2218 1240 2360 1283 esse

182 1336 188 1343 ·
299 1304 812 1372 demonstramus
824 1331 842 1385 3
909 1316 1020 1372 aut
1071 1328 1216 1372 cum
1265 1308 1361 1386 id,
1418 1309 1589 1392 quod
1640 1308 1732 1373 illi
1784 1309 2153 1390 defendant,
2207 1311 2359 1377 utile

300 1418 448 1463 esse
483 1398 783 1478 fatemur,
830 1402 1001 1484 quod
1033 1423 1151 1466 nos
1187 1401 1503 1481 dicamus,
1548 1402 1885 1468 honestum
1920 1426 2064 1470 esse
2100 1404 2361 1470 demon-

303 1501 612 1558 stramus.
708 1514 783 1557 ac
835 1493 916 1557 de
965 1493 1456 1580 reprehensione
1519 1496 1774 1579 quidem
1825 1497 1985 1562 haec
2038 1498 2359 1563 existima·-

303 1584 510 1649 vimus
547 1608 691 1650 esse
725 1585 1012 1652 dicenda.
1103 1584 1431 1674 [deinceps
1468 1610 1637 1653 nunc
1681 1589 1761 1653 de
1794 1590 2199 1657 conclusione
2242 1612 2359 1677 po·

299 1701 547 1744 nemus.
549 1676 580 1767 ]

417 1775 854 1863 Hermagoras
918 1774 1380 1863 digressionem
1450 1774 1707 1855 deinde,
1778 1788 1914 1842 tum
1972 1789 2359 1865 postremam
2398 1806 2450 1847 οι
2512 1799 2523 1810 ·

295 1868 770 1935 conclusionem
799 1868 982 1955 ponit
989 1893 1008 1947 3
1061 1869 1130 1933 in
1172 1867 1294 1934 hac
1333 1880 1548 1935 autem
1592 1871 1986 1958 digressione
2026 1870 2134 1937 ille
2176 1882 2359 1958 putat

293 1973 586 2049 oportere
649 1962 966 2047 quandam
1025 1962 1244 2029 inferri
1305 1963 1655 2029 orationem
1724 1988 1765 2029 a
1822 1985 2017 2031 causa
2076 1975 2267 2049 atque
2316 1988 2358 2030 a

291 2055 673 2122 iudicatione
715 2056 858 2145 ipsa
907 2067 1245 2135 remotam,
1301 2080 1464 2142 quae
1508 2070 1619 2124 aut
1663 2058 1763 2124 sui
1795 2058 2048 2124 laudem
2092 2069 2211 2124 aut·
2244 2059 2356 2123 ad-

293 2149 556 2215 versarii
609 2150 1135 2238 vituperationem
1195 2152 1516 2219 contineat
1567 2162 1677 2217 aut
1726 2152 1793 2217 in
1846 2152 2033 2218 aliam
2094 2174 2353 2219 causam

295 2242 592 2323 deducat,
649 2267 732 2310 ex
775 2266 901 2330 qua
943 2245 1236 2312 conficiat
1276 2245 1519 2331 aliquid
1562 2246 2053 2314 confirmationis
2102 2259 2211 2314 aut
2252 2268 2353 2313 re-

291 2336 728 2422 prehensionis
741 2388 759 2419 ,
796 2361 925 2406 non
961 2342 1492 2427 argumentando,
1529 2342 1645 2406 sed
1679 2343 1971 2428 augendo
2002 2365 2119 2428 per
2152 2365 2353 2426 quan-

291 2431 442 2494 dam
485 2433 1054 2520 amplificationem.
1143 2434 1307 2498 hanc
1352 2435 1409 2499 si
1452 2434 1561 2518 qui
1610 2445 1859 2521 partem
1906 2434 2157 2521 putabit
2206 2457 2349 2500 esse

287 2525 620 2604 orationis,
676 2537 978 2610 sequatur
1010 2527 1252 2605 licebit3
1311 2525 1491 2612 [nam
1526 2537 1590 2591 et
1634 2528 1911 2614 augendi
1944 2537 2011 2592 et
2050 2527 2351 2592 laudandi

287 2627 358 2682 et
389 2619 790 2704 vituperandi
830 2629 1172 2706 praecepta
1203 2641 1242 2682 a
1281 2620 1468 2684 nobis
1509 2619 1742 2705 partim
1786 2619 1935 2684 data
1977 2629 2153 2695 sunt,
2200 2628 2352 2705 'par-

291 2709 406 2773 tim
433 2732 548 2774 suo
572 2710 714 2776 loco
741 2709 1106 2797 dabuntur]
1180 2711 1366 2776 nobis
1398 2709 1667 2797 [autem]
1688 2733 1819 2776 non
1844 2711 2084 2797 placuit
2124 2708 2347 2798 [hanc]

285 2803 565 2890 partium
597 2802 664 2867 in
697 2823 1030 2867 numerum
1069 2803 1318 2891 reponi,
1374 2803 1547 2887 quod
1581 2803 1661 2868 de
1702 2824 1899 2868 causa
1940 2803 2185 2890 digredi
2226 2804 2351 2870 nisi

287 2918 403 2983 per
435 2896 646 2962 locum
679 2915 1078 2962 communem
1113 2897 1433 2986 displicet,
1480 2917 1607 2980 quo
1642 2898 1723 2962 de
1757 2919 1990 2983 genere
2031 2897 2347 2984 posterius

283 3001 388 3056 est
423 2990 786 3070 dicendum3
837 2989 1060 3056 laudes
1105 3001 1318 3056 autem
1353 3001 1419 3055 et
1452 2990 1943 3080 vituperationes
1988 3013 2119 3058 non
2162 3013 2349 3078 sepa-

283 3083 470 3151 ratim
503 3086 715 3173 placet
749 3085 1022 3164 tractari,
1060 3085 1176 3151 sed
1209 3084 1276 3150 in
1308 3085 1467 3172 ipsis
1518 3083 2165 3172 argumentationibus
2201 3107 2347 3152 esse

279 3180 658 3268 implicatas.
747 3200 918 3245 nunc
952 3181 1236 3247 dicemus
1272 3181 1354 3246 de
1389 3180 1811 3247 conclusione.

405 3273 750 3342 Conclusio
785 3285 888 3341 est
928 3275 1134 3341 exitus
1179 3285 1246 3341 et
1289 3273 1727 3342 determinatio
1774 3276 1965 3342 totius
2011 3275 2341 3342 orationis:
2376 3269 2446 3324 52

281 3366 444 3432 haec
494 3368 688 3434 habet
734 3368 932 3456 partis
985 3367 1128 3447 tris,
1194 3369 1762 3448 enumerationem,
1822 3369 2340 3458 indignationem,
2385 3342 2439 3384 ⁹⁸

285 3461 820 3544 conquestionem.
908 3461 1298 3529 enumeratio
1341 3473 1469 3541 est,
1519 3485 1637 3552 per
1680 3485 1873 3548 quam
1904 3485 2009 3530 res
2054 3462 2341 3548 disperse

33 3543 36 3550 ’
152 3549 160 3554 ’
280 3564 351 3620 et
383 3554 614 3620 diffuse
649 3555 853 3621 dictae
885 3575 1084 3620 unum
1117 3555 1185 3620 in
1217 3556 1429 3622 locum
1454 3568 1769 3644 coguntur
1800 3568 1868 3624 et
1897 3555 2342 3622 reminiscendi

280 3667 478 3714 causa
520 3669 718 3714 unum
761 3649 882 3714 sub
925 3661 1252 3737 aspectum
1297 3649 1711 3717 subiciuntur.
1800 3650 1958 3716 haec
1992 3649 2049 3715 si
2092 3669 2341 3734 semper

280 3743 508 3808 eodem
549 3742 742 3808 modo
785 3743 1180 3822 tractabitur,
1233 3744 1567 3832 perspicue
1612 3745 1696 3810 ab
1740 3743 2033 3810 omnibus
2078 3740 2341 3807 artificio

277 3838 558 3944 quodam
601 3836 856 3902 tractui
895 3836 1326 3924 intellegetur,
1381 3839 1483 3904 sin
1518 3838 1692 3904 varie
1743 3837 1883 3916 fiet,
1936 3846 2001 3902 et
2034 3834 2199 3899 hano
2232 3855 2340 3900 su·-
2402 3849 2407 3854 ’

287 3925 622 4013 spitionem
655 3941 722 3996 et
755 3931 1113 3997 satietatem
1146 3931 1346 3996 vitare
1379 3931 1632 4018 poterit.
1721 3951 1847 4014 qua
1878 3949 1951 3994 re
1984 3939 2119 3994 tum
2152 3949 2339 4014 opor-

281 4019 442 4084 tebit
481 4021 572 4086 ita
612 4024 852 4102 facere,
901 4034 977 4088 ut
1015 4024 1300 4111 plerique
1351 4025 1593 4090 faciunt
1640 4033 1901 4110 propter
1948 4020 2335 4099 facilitatem,

279 4112 652 4201 singillatim
699 4139 896 4186 unam
946 4139 1264 4204 quamque
1313 4141 1457 4184 rem
1514 4117 1827 4206 attingere
1878 4128 1945 4183 et
1992 4116 2083 4183 ita
2132 4112 2337 4182 omnis

1884 4219 1985 4272 10·
