2784 4575
510 270 635 335 106
1122 280 1199 337 Μ.
1238 280 1514 339 TULLII
1550 278 1951 337 CICERONIS

502 406 759 493 ponitur
812 426 961 491 spes
1014 402 1299 469 utilitatis
1353 403 1602 469 futurae
1655 425 1846 487 quam
1903 403 2224 490 praeteriti
2272 402 2578 469 beneficii

391 528 471 569 ποτ
508 498 1040 565 commemoratio.
1146 496 1514 563 enitendum
1565 507 1690 575 est,
1750 506 1824 561 ut
1872 496 2172 563 ostendas
2223 496 2292 561 in
2343 519 2424 562 ea
2475 520 2574 575 re,

504 616 698 678 quam
732 592 1071 669 defendas,
1112 601 1221 656 aut
1255 590 1630 677 dignitatem
1665 613 1808 657 esse
1845 603 1955 656 aut
1987 590 2350 668 utilitatem,
2388 614 2576 656 eum-

507 710 661 773 que,
698 686 801 753 cui
836 686 1131 752 concilies
1168 686 1337 751 hunc
1373 708 1681 763 amorem,
1729 686 2048 773 significes
2081 684 2240 751 nihil
2275 686 2360 750 ad
2393 686 2574 751 utili-

510 793 705 847 tatem
740 803 922 846 suam
953 779 1276 846 rettulisse
1313 802 1390 844 ac
1424 779 1582 844 nihil
1617 780 1874 845 omnino
1919 779 2151 845 fecisse
2187 800 2382 844 causa
2417 802 2568 857 sua3

506 874 825 940 invidetur
858 874 1029 939 enim
1062 873 1412 939 commodis
1455 872 1782 939 hominum
1823 872 2136 959 ipsorum,
2189 872 2416 937 studiis
2453 896 2573 937 au-

392 996 475 1037 208
513 981 644 1035 tem
694 990 913 1035 eorum
964 968 1191 1033 ceteris
1245 965 1688 1033 commodandi
1737 968 2007 1033 favetur.
2093 966 2569 1049 videndumque

506 1064 629 1128 hoc
660 1063 801 1129 loco
835 1072 955 1141 est,
990 1084 1093 1139 ne,
1130 1082 1289 1145 quos
1324 1062 1410 1127 ob
1435 1060 1770 1126 benefacta
1797 1060 1974 1147 diligi
2000 1060 2306 1137 volemuS,
2341 1082 2569 1125 eorum

506 1156 763 1222 laudem
799 1166 987 1239 atque
1023 1154 1319 1242 gloriam,
1374 1154 1478 1219 cui
1517 1154 1794 1219 maxime
1828 1153 2098 1219 invideri
2132 1154 2319 1232 solet,
2373 1154 2566 1218 nimis

508 1251 736 1315 efferre
777 1249 1103 1314 videamur
1112 1274 1131 1327 3
1188 1259 1376 1333 atque
1428 1248 1672 1314 eisdem
1716 1248 1816 1313 his
1853 1271 1935 1313 ex
1975 1248 2133 1313 locis
2178 1258 2242 1313 et
2281 1247 2351 1312 in
2403 1248 2564 1313 alios

504 1344 724 1409 odium
768 1354 1008 1409 struere
1052 1343 1369 1409 discemus
1407 1353 1472 1407 et
1505 1365 1546 1407 a
1575 1342 1762 1408 nobis
1799 1363 1874 1407 ac
1913 1342 2149 1407 nostris
2194 1342 2563 1421 demovere3

506 1437 854 1521 eademque
906 1435 1067 1503 haec
1115 1459 1351 1523 genera
1405 1447 1554 1501 suut
1603 1437 1932 1501 tractanda
1981 1435 2050 1500 in
2089 1435 2417 1501 iracundia
2457 1437 2566 1501 vel

507 1531 841 1596 excitanda
872 1530 977 1597 vel
1012 1531 1321 1608 sedanda3
1374 1552 1524 1595 nam
1561 1530 1644 1607 si,
1689 1530 1861 1613 quod
1891 1528 2079 1616 ipsis,
2135 1528 2246 1612 qui
2277 1529 2562 1607 audiunt,

502 1624 929 1711 perniciosum
982 1635 1091 1691 aut
1140 1625 1363 1690 inutile
1423 1626 1533 1703 sit,
1595 1624 1664 1689 id
1714 1625 1955 1689 factum
2013 1646 2282 1711 augeae,
2343 1623 2566 1689 odium

506 1731 782 1799 creatur3
820 1720 948 1798 sin,
985 1718 1155 1804 quod
1189 1730 1301 1784 aut
1332 1720 1401 1783 in
1433 1721 1638 1785 bonos
1673 1720 1845 1785 viros
1881 1729 1993 1783 aut
2024 1719 2092 1783 in
2127 1742 2258 1798 eos,
2293 1718 2364 1783 in
2397 1740 2564 1803 quos

502 1814 761 1880 minime
797 1814 1062 1898 quisque
1098 1813 1412 1891 debuerit,
1467 1824 1578 1878 aut
1607 1812 1675 1877 in
1707 1836 1844 1877 rem
1875 1812 2222 1901 publicam,
2277 1823 2414 1877 tum
2449 1836 2566 1878 ex-

506 1908 763 1986 citatur,
818 1908 874 1972 si
908 1930 1039 1973 non
1074 1918 1205 1971 tam
1249 1909 1546 1973 acerbum
1589 1906 1834 1985 odium,
1885 1918 2100 1972 tamen
2133 1917 2244 1971 aut
2283 1905 2566 1972 invidiae

389 2024 471 2065 209
508 2012 618 2067 aut
651 2000 783 2066 odii
816 2022 945 2065 non
980 1998 1303 2065 dissimilis
1340 2000 1639 2079 offensi03
1691 2001 1845 2066 item
1881 2000 2068 2066 timor
2115 2000 2416 2065 incutitur
2451 2014 2566 2067 aut

506 2118 589 2160 ex
622 2095 907 2180 ipsorum
939 2093 1235 2179 periculis
1264 2105 1375 2159 aut
1407 2118 1490 2161 ex
1523 2095 1992 2160 communibus:
2026 2094 2285 2160 interior
2319 2105 2420 2160 est
2452 2096 2562 2161 ille

504 2185 830 2275 proprius3
884 2187 1001 2252 sed
1042 2186 1148 2252 hic
1199 2209 1452 2272 quoque
1505 2189 1854 2254 communis
1902 2188 1984 2253 ad
2026 2188 2295 2253 eandem
2339 2188 2563 2254 simili-

397 2291 470 2345 52
505 2280 787 2347 tudinem
821 2291 921 2347 est
968 2281 1432 2368 perducendus.
1517 2307 1634 2370 par
1669 2295 1856 2366 atque
1905 2305 2036 2348 una
2067 2282 2224 2348 ratio
2263 2295 2364 2350 est
2397 2283 2559 2370 spei,

503 2374 805 2455 laetitiae,
858 2377 1213 2455 molestiae3
1270 2377 1387 2442 sed
1417 2376 1591 2442 haud
1633 2377 1830 2443 sciam
1863 2400 1946 2441 an
1981 2377 2321 2442 acerrimus
2363 2378 2562 2464 longe

503 2471 590 2536 sit
621 2470 903 2536 omnium
936 2480 1145 2536 motus
1180 2470 1456 2536 invidiae
1489 2491 1610 2536 nec
1642 2475 1853 2536 minus
1903 2470 2134 2536 virium
2177 2493 2333 2557 opus
2371 2471 2458 2535 sit
2489 2472 2566 2536 in

502 2587 583 2630 ea
616 2565 1089 2653 comprimenda
1122 2586 1313 2649 quam
1346 2564 1416 2628 in
1449 2563 1803 2630 excitanda.
1873 2563 2162 2630 invident
2195 2573 2400 2628 autem
2436 2563 2565 2630 ho-

502 2659 705 2725 mines
742 2659 1015 2725 maxime
1058 2659 1317 2745 paribus
1364 2669 1475 2722 aut
1521 2657 1953 2736 inferioribus,
2008 2680 2154 2724 cum
2189 2680 2258 2723 se
2299 2656 2560 2724 relictos

504 2753 808 2832 sentiunt,
844 2753 987 2819 illos
1026 2763 1238 2818 autem
1272 2752 1491 2818 dolent
1522 2751 1842 2831 .evolasse;
1899 2753 2016 2818 sed
2047 2753 2239 2818 etiam
2273 2753 2562 2840 superio-

501 2847 677 2912 ribus
730 2847 1046 2912 invidetur
1096 2868 1289 2932 saepe
1331 2846 1741 2912 vehementer
1790 2857 1856 2912 et
1888 2869 1965 2912 eo
1993 2846 2243 2932 magis,
2297 2847 2355 2912 si
2393 2845 2561 2912 into-

502 2940 805 3005 lerantius
869 2963 941 3006 se
998 2941 1237 3005 iactant
1296 2951 1362 3006 et
1421 2940 1930 3025 aequabilitatem
1991 2941 2341 3007 communis
2402 2941 2557 3006 iuris
2677 2969 2680 2971 “

500 3034 892 3119 praestantia
942 3034 1265 3120 dignitatis
1305 3045 1416 3100 aut
1455 3035 1745 3100 fortunae
1783 3056 1936 3099 suae
1981 3044 2340 3114 transeunt3
2393 3052 2558 3117 quae

502 3127 561 3192 si
611 3126 1062 3192 inflammanda
1114 3138 1287 3206 sunt,
1348 3128 1625 3194 maxime
1687 3128 2024 3194 dicendum
2077 3137 2179 3194 est
2228 3151 2352 3194 non
2403 3149 2556 3192 esse

502 3220 732 3287 virtute
766 3231 975 3308 parta,
1021 3222 1249 3288 deinde
1284 3221 1477 3288 etiam
1509 3222 1678 3288 vitiis
1715 3235 1904 3306 atque
1937 3223 2242 3308 peccatis,
2281 3232 2442 3298 tum,
2496 3222 2558 3286 si

502 3325 688 3379 erunt
729 3315 1093 3382 honestiora
1136 3327 1325 3399 atque
1378 3316 1700 3402 graviora,
1755 3327 1970 3382 tamen
2017 3339 2151 3382 non
2193 3339 2336 3382 esse
2379 3325 2560 3380 tanta

502 3408 613 3474 illa
646 3409 899 3488 merita,
954 3419 1190 3494 quanta
1222 3408 1562 3476 insolentia
1603 3409 1875 3477 hominis
1913 3422 2342 3494 quantumque
2375 3409 2558 3474 fasti-

386 3521 469 3562 210
504 3502 678 3567 dium
687 3528 707 3581 ;
765 3503 849 3568 ad
883 3504 1237 3569 sedandum
1279 3511 1523 3581 autem,
1575 3527 1809 3590 magno
1853 3504 1964 3570 illa
2002 3503 2249 3581 labore,
2301 3503 2555 3589 magnis

502 3595 797 3682 periculis
852 3619 1017 3662 esse.
1047 3607 1232 3682 parta
1281 3619 1402 3662 nec
1455 3597 1538 3664 ad
1591 3619 1777 3663 suum
1824 3597 2259 3675 commodum,
2315 3596 2432 3662 sed
2473 3597 2559 3660 ad

504 3689 772 3756 aliorum
824 3713 968 3756 esse
1022 3690 1297 3769 conluta3
1352 3713 1515 3775 quae
1559 3690 1614 3756 si
1665 3713 1858 3775 quam
1909 3691 2176 3778 gloriam
2226 3689 2557 3778 peperisse

501 3784 861 3863 videantur,
918 3785 1251 3852 tamenetsi
1296 3807 1373 3851 ea
1405 3807 1535 3853 1100
1579 3784 1664 3850 sit
1702 3785 1920 3869 iniqua
1970 3806 2216 3850 merces
2268 3783 2554 3871 periculi,

499 3887 717 3942 tamen
750 3901 829 3946 ea
860 3901 991 3944 non
1022 3879 1321 3946 delectari
1346 3889 1669 3963 totamque
1704 3880 1950 3946 abicere
1979 3889 2169 3962 atque
2204 3878 2555 3964 deponere3

502 3971 883 4055 omninoque
936 3973 1389 4059 perficiendum
1425 3983 1552 4050 est,
1605 3973 1904 4057 quoniam
1943 3972 2230 4059 plerique
2275 3981 2425 4036 sunt
2455 3970 2557 4034 in-

504 4061 635 4124 vidi
666 4065 1063 4150 maximeque
1099 4066 1221 4133 hoc
1256 4077 1356 4133 est
1389 4087 1722 4134 commune
1756 4068 1978 4134 vitium
2013 4078 2077 4132 et
2109 4077 2554 4153 pervagatum,
