2784 4575
433 237 568 304 220
1053 247 1134 302 M.
1173 246 1447 305 TULLII
1483 245 1887 306 CICERONIS

432 383 847 450 evanuerunt,
885 382 949 438 01
983 371 1227 438 annalis
1265 393 1420 436 sane
1456 371 1701 436 exiliter
1737 369 2006 456 scriptos
2040 407 2130 420 --
2164 382 2232 436 01
2262 371 2495 440 iudicia

432 467 652 554 populi
699 464 958 552 [quibus
1011 467 1234 532 aderat
1268 464 1483 532 Carbo
1490 463 1541 554 ,]
1588 464 1717 530 iam
1756 465 1964 552 magis
2007 471 2351 552 patronum
2384 467 2495 534 de-

435 560 818 640 siderabant,
853 559 1088 627 tabella
1121 559 1270 625 data
1276 585 1295 638 3
1332 582 1528 643 quam
1559 558 1771 646 legem
1802 558 1890 625 L.
1937 557 2205 626 Cassius
2239 560 2495 649 Lepido

435 665 500 720 01
529 654 837 720 Mancino
872 653 1238 720 consulibus
1273 653 1437 718 tulit.

321 747 401 858 ἐξ
553 749 788 817 Vester
849 749 1042 814 etiam
1089 745 1180 812 D.
1231 745 1474 812 Brutus
1526 746 1625 813 M.
1678 747 1879 826 filius,
1938 758 2014 813 ut
2062 771 2145 814 ex
2197 749 2497 816 familiari

433 842 569 908 eius
606 842 690 909 L.
727 842 930 907 Accio
973 847 1166 928 poe'ta
1209 863 1353 906 sum
1405 841 1625 906 audire
1678 842 1931 920 solitus,
1986 853 2053 908 et
2101 842 2313 910 dicere
2364 867 2497 911 non

357 999 366 1008 ,
431 935 666 1002 inculte
719 935 968 1002 solebat
1017 945 1082 1000 et
1133 944 1269 1000 erat
1319 955 1469 1000 cum
1524 933 1751 1000 litteris
1803 934 2058 1001 Latinis
2111 947 2251 1001 tum
2302 937 2496 1004 etiam

435 1028 699 1096 Graecis
735 1041 808 1094 ut
839 1028 1227 1115 temporibus
1261 1028 1388 1093 illis
1426 1029 1737 1107 eruditus3
1774 1050 1938 1112 quae
1972 1029 2291 1096 tribuebat
2320 1030 2492 1096 idem

429 1123 671 1188 Accius
733 1123 925 1188 etiam
985 1121 1070 1204 Q.
1131 1121 1424 1188 Maximo
1485 1120 1571 1186 L.
1633 1121 1847 1186 Paulli
1907 1121 2154 1208 nepoti:
2216 1133 2283 1188 et
2338 1145 2491 1191 vero

431 1229 578 1283 ante
620 1216 1010 1294 Maximum,
1063 1215 1246 1279 illum
1281 1211 1674 1301 Scipionem,
1728 1236 1855 1298 quo
1900 1215 2061 1279 duce
2102 1215 2352 1300 privato
2386 1216 2490 1282 Ti.

431 1310 762 1378 Gracchus
806 1309 1054 1376 occisus
1081 1319 1228 1386 est,
1285 1329 1431 1372 cum
1482 1306 1776 1373 omnibus
1811 1307 1881 1372 in
1912 1307 2105 1372 rebus
2151 1309 2491 1374 vehemen-

319 1430 396 1470 tos
431 1416 560 1471 tem
593 1415 730 1470 tum
765 1425 976 1470 acrem
1019 1402 1232 1468 aiebat
1269 1401 1339 1466 in
1383 1399 1650 1466 dicendo
1693 1399 1916 1466 fuisse.
2004 1411 2142 1464 tum
2185 1401 2375 1466 etiam
2406 1401 2488 1468 P.

378 1519 380 1521 ’
429 1498 746 1564 Lentulus
787 1498 895 1563 1110
939 1496 1235 1585 princeps
1281 1494 1364 1559 ad
1405 1517 1542 1560 rem
1582 1493 1904 1581 publicam
1947 1494 2279 1560 dumtaxat
2320 1495 2491 1579 quod

429 1616 590 1681 opus
635 1603 808 1658 esset
849 1593 1004 1657 satis
1050 1589 1350 1656 habuisse
1402 1587 1799 1673 eloquentiae
1850 1587 2107 1668 dicitur-3
2158 1589 2490 1674 isdemque

429 1686 816 1774 temporibus
845 1683 937 1750 L.
971 1684 1207 1751 Furius
1243 1683 1471 1748 Philus
1506 1683 1785 1770 perbene
1817 1681 2054 1750 Latine
2095 1681 2274 1767 loqui
2306 1694 2491 1770 puta-

427 1783 613 1848 batur
647 1780 1107 1864 litteratiusque
1151 1799 1343 1864 quam
1378 1777 1599 1856 ceteri3
1633 1776 1715 1842 P.
1752 1773 2066 1843 Scaevola
2110 1777 2296 1842 valde
2338 1801 2492 1886 pru-

429 1875 650 1940 denter
685 1885 752 1940 01
784 1885 996 1951 acute,
1040 1873 1232 1959 paulo
1268 1871 1461 1936 etiam
1494 1870 1843 1956 copiosius3
1888 1892 2008 1936 nec
2041 1871 2240 1936 multo
2276 1872 2487 1938 minus

427 1972 770 2057 prudenter
818 1969 939 2032 Μ’.
991 1966 1320 2032 Manilius.
1425 1965 1629 2052 Appii
1685 1963 1941 2030 Claudii
1992 1965 2315 2044 volubilis,
2370 1967 2489 2032 sed

426 2063 618 2148 paulo
637 2121 641 2124 «
663 2060 964 2127 fervidior
1009 2070 1145 2124 erat
1190 2057 1409 2124 oratio.
1497 2059 1565 2122 in
1610 2058 1821 2142 aliquo
1856 2082 2119 2126 numero
2164 2058 2353 2125 etiam
2382 2058 2484 2124 M

424 2155 708 2234 Fulvius-
725 2153 998 2220 Flaccus
1034 2163 1100 2218 et
1135 2149 1212 2218 C.
1253 2150 1447 2230 Cato,
1499 2152 1791 2217 Africani
1838 2153 2070 2220 sororis
2104 2153 2298 2232 filius,
2351 2177 2490 2221 1110-

429 2248 676 2315 diocres
729 2257 1040 2325 oratores,
1095 2245 1218 2313 etsi
1268 2244 1490 2313 Flacci
1541 2245 1781 2333 scripta
1834 2258 2007 2327 sunt,
2064 2249 2181 2314 sed
2228 2257 2302 2313 ut
2353 2259 2488 2315 stu-

428 2341 594 2408 diosi
637 2341 1002 2407 litterarum.
1089 2340 1310 2406 Flacci
1345 2350 1567 2421 ‘autem
1612 2342 1898 2407 aemulus
1939 2343 2019 2409 P.
2056 2342 2301 2409 Decius
2345 2343 2485 2423 fuit,

425 2457 556 2502 non
605 2435 818 2500 infans
867 2434 975 2499 ille
1018 2434 1304 2518 quidem,
1361 2434 1477 2500 sed
1518 2444 1591 2499 ut
1642 2436 1775 2500 vita
1827 2436 1919 2501 sic
1962 2438 2245 2503 oratione
2296 2438 2487 2503 etiam

295 2538 390 2597 ‘109
427 2528 858 2618 mrbulentus.
949 2530 1048 2595 M.
1110 2529 1366 2596 Drusus
1432 2526 1511 2596 C.
1562 2529 1671 2608 F„
1734 2531 1845 2615 qui
1902 2532 1971 2597 in
2032 2532 2353 2599 tribunatu
2405 2530 2483 2598 C.

429 2624 794 2692 Gracchum
855 2625 1217 2711 conlegam,
1279 2624 1511 2689 iterum
1572 2623 1923 2705 tribunum,
1988 2626 2207 2713 fregit,
2268 2626 2365 2692 vir
2422 2638 2489 2691 et

423 2718 708 2785 oratioue
759 2718 974 2805 gravis
1019 2729 1084 2784 01
1129 2718 1529 2797 auctoritate,
1584 2718 1767 2804 eique
1808 2720 2097 2806 proxime
2150 2721 2482 2787 adiunctus

427 2811 506 2879 C.
549 2812 807 2893 Drusus
854 2812 1050 2879 frater
1093 2813 1234 2905 fuit.
1323 2824 1472 2879 tuus
1526 2813 1717 2879 etiam
1766 2814 2050 2901 gentilis,
2101 2816 2335 2899 Brute,
2385 2816 2483 2880 M.

421 2907 685 2972 Pennus
709 2912 747 2989 †
775 2905 962 2972 facile
993 2906 1255 2993 agitavit
1270 2907 1339 2973 in
1367 2908 1689 2973 tribunatu
1708 2906 1785 2973 O.
1816 2908 2198 2988 Gracchum,
2224 2908 2487 2996 paulum

423 3010 632 3065 aetate
679 3000 1088 3077 antecedens3
1141 3000 1264 3064 fuit
1307 3000 1476 3066 enim
1510 3000 1609 3065 M.
1643 3001 1896 3085 Lepido
1929 3002 2015 3065 L.
2054 3001 2290 3068 Oreste
2335 3026 2488 3070 con-

427 3093 668 3159 sulibus
707 3103 1002 3177 quaestor
1041 3090 1392 3169 Gracchus,
1431 3092 1717 3157 tribunus
1750 3094 2034 3170 Pennus,
2070 3093 2237 3159 illius
2271 3095 2485 3160 Marci

420 3186 618 3265 filius,
691 3186 800 3270 qui
859 3207 1005 3250 cum
1069 3182 1153 3264 Q.
1216 3185 1408 3250 Aelio
1470 3185 1693 3250 consul
1750 3185 1899 3250 fuit:
1972 3186 2087 3250 sed
2143 3185 2201 3250 is
2268 3188 2484 3252 omnia

424 3302 673 3346 summa
709 3300 972 3365 sperans
1017 3276 1342 3342 aedilicius
1379 3287 1481 3342 est
1521 3287 1826 3343 mortuus.
1914 3301 2065 3342 nam
2099 3278 2179 3343 de
2215 3278 2296 3344 Τ.
2330 3280 2485 3347 Περ

422 3374 690 3452 minino,
734 3394 926 3457 quem
958 3370 1097 3457 ipse
1133 3369 1293 3448 vidi,
1337 3369 1497 3435 nihil
1532 3370 1748 3459 accepi
1780 3370 1907 3437 nisi
1941 3372 2175 3439 Latine
2214 3374 2487 3460 diligen-

425 3478 519 3533 ter
552 3467 853 3533 locutum.

319 3559 389 3612 29
542 3562 670 3627 His
707 3559 988 3627 adiuncti
1021 3570 1169 3625 sunt
1205 3556 1284 3637 C.
1325 3559 1545 3641 Curio,
1579 3561 1678 3627 M.
1718 3560 2029 3643 Scaurus,
2065 3564 2145 3631 P.
2180 3564 2481 3643 Rutilius,

313 3630 390 3669 ²²⁰
418 3651 506 3723 ,0.
553 3652 905 3721 Gracchus.
1002 3652 1110 3720 De
1157 3651 1406 3722 Scauro
1459 3668 1525 3722 01
1571 3656 1811 3723 Rutilio
1862 3658 2139 3725 breviter
2188 3658 2338 3725 licet
2388 3658 2483 3723 di·-

425 3769 596 3827 cere,
649 3771 919 3832 quorum
969 3759 1193 3814 neuter
1247 3750 1480 3815 summi
1531 3752 1795 3817 oratoris
1838 3752 2069 3820 habuit
2119 3752 2374 3818 laudem
2418 3762 2482 3817 01

421 3853 689 3925 uterque
738 3843 807 3909 in
857 3843 1075 3909 multis
1131 3843 1342 3909 causis
1404 3854 1694 3911 versatus
1751 3855 1912 3926 erat3
1976 3846 2044 3911 in
2103 3846 2483 3931 quibusdam

421 3933 725 3999 laudandi
758 3935 905 4014 viri,
963 3934 1252 4022 [etiamsi
1293 3937 1557 4002 maximi
1597 3937 1836 4023 ingenii
1876 3962 2006 4005 non
2040 3949 2283 4018 essent,
2333 3962 2481 4025 pro-

423 4024 667 4089 babiles
730 4037 944 4092 tamen
1000 4025 1371 4115 industria3]
1438 4052 1819 4116 quamquam
1878 4031 1979 4097 his
2045 4026 2306 4117 quidem
2350 4054 2481 4098 non
