2784 4575
975 266 1288 350 emrrtj's-
1319 291 1629 348 133—141.
2205 283 2335 352 22⁷

265 415 474 484 functi
509 413 664 493 sint,
707 423 781 480 ut
814 424 1102 480 tenerent
1137 424 1457 480 oratorum
1489 414 1728 493 locum;
1772 437 2041 500 quorum
2076 417 2331 502 quidem

263 533 434 596 quae
467 508 660 575 fuerit
709 508 999 574 ascensio
1034 519 1100 574 et
1141 529 1331 594 quam
1367 509 1435 575 in
1478 509 1773 576 omnibus
1815 512 2009 578 rebus
2054 513 2334 580 difficilis-

262 603 487 692 optimi
509 601 818 690 perfectio
845 611 1035 686 atque
1061 601 1375 669 absolutio
1403 625 1485 669 ex
1510 625 1608 683 eo,
1643 603 1817 687 quod
1851 603 2077 685 dicam,
2114 606 2331 673 existi-

259 697 424 764 mari
456 707 691 784 potest.
779 717 974 780 quam
1015 694 1199 760 multi
1243 695 1414 762 enim
1446 696 1575 762 iam
1617 708 1901 764 oratores
1947 721 2330 768 commemo-

256 786 382 857 rati
418 800 568 857 sunt
601 800 666 857 et
700 810 896 876 quam
927 788 1039 854 diu
1071 788 1142 853 in
1185 811 1408 856 eorum
1459 791 1930 860 enumeratione
1981 815 2329 876 versamur,

255 897 410 950 cum
445 895 662 949 tamen
695 881 906 970 spisse
941 893 1130 966 atque
1165 883 1293 962 vix,
1331 895 1403 950 ιιι
1437 884 1680 950 dudum
1714 885 1798 950 ad
1822 885 2329 956 Demosthenem

262 989 334 1044 et
365 977 799 1064 Hyperidem,
853 974 948 1042 sio
988 997 1161 1042 nunc
1202 977 1286 1042 ad
1317 976 1675 1044 Antonium
1710 977 2145 1066 Crassumque
2185 1005 2332 1070 per-

264 1071 586 1137 venimusl
624 1093 774 1136 nam
809 1093 932 1180 ego
960 1070 1056 1135 sic
1087 1070 1401 1150 existimo,
1439 1071 1559 1137 hos
1586 1083 1867 1139 oratores
1896 1074 2096 1142 fuisse
2129 1076 2333 1142 maxi-

125 1165 148 1183 *
263 1188 406 1231 mos
449 1176 517 1232 et
547 1165 617 1232 in
653 1164 752 1232 his
796 1164 1074 1254 primum
1108 1186 1255 1230 cum
1291 1163 1687 1233 Graecorum
1728 1166 1933 1254 gloria
1966 1168 2203 1237 Latine
2236 1171 2333 1236 di-

259 1258 457 1326 cendi
491 1257 740 1345 copiam
776 1268 1132 1342 aequatam.

239 1350 241 1353 ’
388 1350 626 1418 Omnia
650 1351 994 1418 veniebant
1015 1351 1303 1418 Antonio
1330 1350 1399 1417 in
1423 1364 1702 1418 mentem
1708 1378 1728 1433 3
1765 1375 1965 1439 eaque
1994 1377 2109 1422 suo
2136 1376 2332 1442 quae-

2364 731 2445 774 188

2362 1355 2433 1410 3⁷

260 1466 390 1528 que
431 1445 603 1524 loco,
655 1445 768 1516 ubi
818 1445 1163 1535 plurimum
1203 1447 1511 1533 proficere
1554 1458 1620 1514 et
1661 1449 1871 1515 valere
1914 1461 2207 1536 possent,
2256 1461 2332 1516 ut
2363 1428 2443 1470 ¹⁸⁹

265 1539 352 1602 ab
402 1538 780 1648 imperatore
833 1539 1108 1624 equites,
1160 1539 1439 1626 pedites,
1492 1539 1651 1606 levis
1704 1553 2047 1622 armatura,
2104 1542 2197 1608 sie
2246 1544 2329 1609 ab

265 1631 432 1698 illo
411 1653 480 1698 ιιι
512 1632 788 1698 maxime
821 1633 1195 1720 opportunis
1239 1633 1541 1700 orationis
1578 1634 1864 1721 partibus
1908 1636 2330 1702 conlocaban-

265 1739 390 1792 tur.
477 1737 613 1792 erat
653 1727 962 1793 memoria
1013 1749 1289 1807 summa,
1341 1729 1518 1795 nulla
1558 1729 1983 1797 meditationis
2029 1731 2327 1819 suspitio.

265 1820 616 1906 imparatus
669 1842 922 1907 semper
976 1814 1241 1908 adgredi
1293 1823 1376 1886 ad
1420 1821 1756 1888 dicendum
1800 1823 2159 1902 videbatur,
2214 1823 2331 1890 sed

266 1913 360 1978 ita
409 1923 578 1978 erat
579 1923 887 2000 paratus,
940 1925 1012 1980 ut
1062 1914 1304 1981 iudices
1355 1914 1467 1981 illo
1518 1916 1768 1982 dicente
1810 1939 1941 1982 non
1982 1939 2330 2002 numquam

268 2006 636 2072 viderentur
667 2028 798 2072 non
835 2007 992 2072 satis
1043 2007 1272 2096 parati
1291 2007 1378 2073 ad
1422 2010 1774 2092 cavendum
1825 2006 2047 2076 fuisse.
2133 2012 2331 2077 verba

265 2098 408 2186 ipsa
440 2121 572 2165 non
587 2099 714 2166 illa
747 2100 1007 2186 quidem
1041 2099 1517 2187 elegantissimo
1570 2125 1888 2180 sermone3
1939 2103 2155 2188 itaque
2190 2103 2331 2168 dili-

268 2203 492 2280 genter
525 2193 827 2278 loquendi
877 2194 1068 2261 laude
1103 2195 1304 2260 caruit
1332 2231 1424 2245 -
1455 2217 1663 2280 neque
1706 2207 1922 2262 tamen
1970 2208 2071 2264 est
2113 2197 2333 2264 admo-

265 2287 422 2352 dum
454 2285 779 2371 inquinate
813 2287 1063 2354 loeutus
1095 2324 1186 2337 —-
1221 2290 1338 2355 sed
1370 2314 1495 2356 non
1530 2291 1666 2369 illa,
1702 2312 1867 2375 quae
1900 2292 2153 2378 proprie
2187 2292 2329 2358 laus

264 2379 537 2445 oratoris
590 2389 690 2445 est
739 2380 807 2447 in
857 2382 1068 2460 verbis
1113 2414 1212 2431 —-·
1255 2406 1408 2447 nam
1457 2383 1670 2469 ipsum
1712 2384 1947 2449 Latine
1998 2384 2174 2469 loqui
2226 2396 2325 2450 est

266 2473 426 2539 illud
459 2472 752 2558 quidem,
780 2484 854 2538 ut
877 2476 1076 2561 paulo
1110 2486 1258 2541 ante
1294 2476 1455 2553 dixi,
1491 2475 1559 2539 in
1592 2472 1828 2561 magna
1860 2476 2049 2541 laude
2083 2498 2328 2561 ponen-

266 2568 452 2646 dum,
507 2566 626 2631 sed
659 2587 789 2633 non
824 2578 956 2633 tam
993 2590 1112 2635 sua
1147 2580 1403 2656 sponte,
1459 2589 1649 2652 quam
1694 2568 1868 2651 quod
1900 2578 2000 2633 est
2034 2591 2073 2632 a
2105 2567 2331 2655 pleris-

267 2682 394 2744 que
425 2659 818 2747 negleetum3
872 2684 1002 2727 non
1044 2661 1216 2728 enim
1260 2672 1392 2727 tam
1434 2660 1829 2748 praeclarum
1865 2672 1965 2725 est
1998 2660 2159 2725 scire
2194 2658 2331 2724 La-

267 2754 401 2818 tine
451 2774 646 2837 quam
707 2764 891 2841 turpe
943 2756 1220 2833 nescire3
1283 2770 1491 2838 neque
1554 2764 1685 2817 tam
1734 2754 1803 2817 id
1853 2752 2009 2817 mihi
2061 2750 2329 2819 oratoris

267 2845 424 2913 boni
466 2867 658 2930 quam
700 2847 857 2913 civis
901 2848 1179 2913 Romani
1230 2847 1559 2935 proprium
1604 2846 1853 2912 videtur
1901 2870 2018 2911 -ι
2074 2845 2191 2911 sed
2236 2856 2331 2914 ta-

268 2958 420 3007 men
469 2940 795 3007 Antonius
847 2940 916 3006 in
967 2942 1180 3008 verbis
1235 2952 1300 3007 et
1346 2940 1689 3028 eligendis,
1740 2960 1947 3022 neque
2000 2938 2069 3005 id
2120 2940 2333 3027 ipsum

270 3046 403 3099 tam
435 3033 670 3121 leporis
705 3055 902 3101 causa
937 3056 1128 3119 quam
1161 3035 1484 3123 ponderis,
1522 3046 1587 3100 et
1621 3030 2025 3099 conlocandis
2062 3044 2127 3098 et
2160 3054 2335 3097 com·-

267 3128 690 3214 prehensione
742 3128 1176 3195 devinciendis
1220 3129 1378 3194 nihil
1421 3150 1554 3195 non
1598 3127 1683 3193 ad
1722 3125 2031 3193 rationem
2066 3134 2131 3191 et
2173 3136 2334 3190 tam-

258 3242 464 3304 ·quam
499 3221 585 3287 ad
619 3232 822 3304 artem
857 3222 1172 3312 dirigebat
1180 3247 1201 3301 3
1244 3244 1467 3288 verum
1508 3222 1711 3288 multo
1743 3219 1957 3307 ‘magis
2000 3219 2125 3285 hoo
2161 3218 2335 3284 idem

261 3315 338 3379 in
375 3315 834 3383 sententiarum
866 3316 1254 3384 ornamentis
1292 3329 1358 3383 et
1389 3314 2023 3393 conformationibus3
2060 3334 2187 3397 quo
2222 3334 2335 3399 ge-

269 3429 422 3473 nere
455 3408 608 3493 quia
639 3420 924 3496 praestat
949 3410 1242 3477 omnibus
1271 3410 1767 3488 Demosthenes,
1803 3408 2038 3474 idcirco
2066 3429 2105 3471 a
2130 3405 2333 3471 doctis

261 3513 593 3569 oratorum
627 3514 729 3569 est
760 3504 1080 3615 princeps
1094 3504 1437 3570 iudicatus·
1419 3551 1439 3583 ,
1488 3502 1788 3590 σχήματα
1824 3502 1991 3568 enim
2025 3521 2189 3585 quae
2225 3520 2337 3565 vo-

257 3608 420 3663 cant
463 3596 726 3676 Graeci,
780 3620 860 3664 ea
909 3598 1188 3664 maxime
1240 3608 1471 3665 ornant
1522 3598 1901 3675 orationem,
1956 3616 2156 3679 eaque
2207 3616 2337 3660 non

263 3702 404 3762 tam
437 3690 506 3757 in
541 3691 754 3759 verbis
788 3692 1128 3804 pingendis
1182 3692 1423 3758 habent
1463 3692 1715 3779 pondus
1752 3711 1944 3799 quam
1987 3690 2054 3754 in
2087 3688 2338 3755 inlumi-

2364 2008 2445 2078 14⁰

2368 3336 2445 3375 141

267 3785 498 3852 nandis
535 3787 888 3854 sententiis.
978 3787 1093 3853 sed
1129 3808 1274 3853 cum
1309 3786 1470 3852 haec
1503 3808 1739 3871 magna
1778 3784 1847 3849 in
1878 3781 2167 3848 Antonio
2202 3789 2337 3845 tum
2368 3792 2447 3847 38

266 3880 437 3947 aetio
483 3878 859 3967 singularisz
907 3902 1077 3965 quae
1123 3880 1178 3945 si
1221 3879 1555 3968 partienda
1598 3887 1697 3943 est
1737 3878 1807 3943 in
1848 3887 2102 3965 gestum
2147 3884 2335 3957 atque
2366 3884 2371 3889 ’

267 3996 514 4059 vocem,
551 3986 771 4061 gestus
799 3984 935 4041 erat
966 3997 1098 4041 non
1123 3975 1320 4041 verba
1345 3973 1724 4060 exprimens,
1763 3972 1878 4036 sed
1906 3992 2050 4035 cum
2084 3976 2339 4034 senten-

263 4068 375 4133 tiis
395 4088 772 4156 congruens,
790 4092 1040 4149 manus,
1058 4070 1279 4148 umeri,
1306 4069 1525 4147 latera,
1548 4065 1871 4153 supplosio
1889 4064 2339 4151 pedis,·sta·tus,

1878 4174 1901 4219 1
1910 4174 1940 4219 5
1954 4170 1977 4195 *
