2784 4575
1063 294 1371 354 BRUTUS
1411 296 1509 349 ι-
1531 292 1580 349 4.
2219 254 2340 345 19?

806 824 904 893 M.
950 825 1283 895 TULLII
1328 822 1828 891 CICERONIS

566 938 699 1005 DE
745 935 1086 1004 CLARIS
1134 932 1742 1002 ORATORIBUS
1788 934 2072 1001 LIBER

800 1047 971 1131 QUI
1012 1045 1408 1114 DIOITUR
1441 1044 1839 1113 BRUTUS.

451 1253 620 1320 Cum
680 1276 715 1318 e
780 1250 1007 1319 Cilicia
1070 1251 1386 1317 decedens
1432 1250 1734 1317 Rhodum
1788 1249 2106 1315 venissem
2159 1260 2224 1316 et
2275 1272 2350 1316 eo
2386 1253 2417 1306 1

295 1346 451 1413 mihi
486 1346 565 1412 de
602 1345 687 1429 Q.
722 1346 1055 1412 Hortensii
1088 1356 1291 1411 morte
1328 1353 1501 1410 esset
1535 1344 1814 1409 adlatum
1825 1393 1844 1424 ,
1888 1344 2182 1430 opinione
2219 1368 2354 1411 om·
2387 1326 2414 1365 ²

294 1442 473 1506 nium
504 1439 810 1507 maiorem
839 1440 1047 1505 animo
1083 1440 1223 1525 cepi
1252 1439 1564 1516 dolorem3
1601 1460 1750 1503 nam
1786 1450 1850 1505 et
1885 1439 2087 1505 amieo
2117 1440 2352 1506 amisso

296 1554 443 1597 cum
478 1533 938 1600 consuetudine
962 1533 1239 1599 iucunda
1273 1542 1408 1598 tum
1435 1533 1780 1597 multorum
1813 1532 2168 1599 officiorum
2203 1555 2355 1599 eon-

296 1626 614 1693 iunctione
657 1650 761 1693 me
804 1627 1123 1714 privatum
1166 1627 1463 1693 videbam
1508 1637 1574 1691 et
1604 1625 1861 1691 interitu
1905 1626 2048 1691 talis
2094 1627 2353 1712 auguris

297 1719 671 1807 dignitatem
723 1720 925 1786 nostri
978 1719 1251 1806 conlegii
1302 1719 1692 1785 deminutam
1746 1719 2066 1797 dolebam3
2123 1741 2246 1803 qua
2287 1719 2356 1783 in

297 1812 679 1900 cogitatione
730 1823 797 1880 et
858 1824 1221 1901 cooptatum
1280 1836 1384 1879 me
1449 1814 1529 1879 ab
1583 1835 1660 1878 eo
1717 1812 1786 1877 in
1849 1812 2206 1899 conlegium
2255 1834 2357 1877 re-

296 1906 632 1985 cordabar,
686 1907 754 1973 in
799 1930 925 1992 quo
968 1908 1209 1974 iuratus
1254 1907 1556 1972 iudicium
1591 1906 1916 1993 dignitatis
1962 1928 2143 1972 meae
2187 1907 2358 1973 fece-

294 2010 421 2079 rat,
477 2012 541 2066 et
582 1999 1028 2088 inauguratum
1076 2002 1158 2066 ab
1210 2001 1466 2080 eodem3
1522 2022 1602 2065 ex
1647 2022 1772 2084 quo
1811 2023 2123 2087 augurum
2174 2000 2357 2065 insti-

298 2095 451 2161 tutis
502 2095 572 2159 in
622 2095 903 2181 parentis
958 2117 1107 2161 eum
1166 2095 1307 2162 loco
1372 2094 1580 2161 colere
1632 2092 1974 2160 debebam.
2081 2094 2355 2179 augebat
2388 2115 2415 2153 2

298 2188 488 2253 etiam
521 2189 909 2268 molestiam,
966 2189 1138 2275 quod
1179 2212 1416 2274 magna
1461 2187 1840 2275 sapientium
1883 2188 2114 2253 civium
2158 2187 2358 2253 bono-

295 2305 564 2366 rumque
597 2283 866 2368 penuria
908 2283 1005 2348 vir
1049 2282 1345 2370 egregius
1391 2282 2071 2369 coniunctissimusque
2108 2305 2358 2348 mecum

298 2374 705 2442 consiliorum
764 2376 1047 2442 omnium
1110 2378 1412 2442 societate
1474 2377 1859 2442 alienissimo
1911 2377 2005 2441 rei
2063 2376 2356 2463 publicae

298 2482 581 2556 tempore
618 2469 966 2535 exstinctus
995 2481 1061 2535 et
1087 2470 1476 2536 auctoritatis
1506 2480 1569 2533 et
1594 2471 1966 2555 prudentiae
1995 2492 2147 2535 suae
2177 2469 2358 2534 triste

297 2563 483 2630 nobis
520 2561 905 2627 desiderium
946 2563 1286 2647 reliquerat
1293 2588 1312 2640 3
1369 2561 1816 2645 dolebamque,
1871 2562 2042 2648 quod
2074 2585 2231 2639 non,
2285 2571 2358 2625 ut

298 2656 581 2742 plerique
604 2656 935 2742 putabant,
972 2656 1405 2722 adversarium
1442 2664 1551 2719 aut
1585 2655 2071 2721 obtrectatorem
2096 2655 2358 2719 laudum

300 2773 612 2828 mearum,
668 2749 782 2814 ned
827 2749 1070 2815 socium
1112 2749 1325 2837 potius
1370 2759 1438 2814 et
1480 2757 1838 2816 consortem
1882 2747 2144 2835 gloriosi
2178 2748 2357 2814 labo·-

298 2846 384 2910 ris
422 2843 777 2910 amiseram.
848 2844 1081 2910 etenim
1118 2844 1174 2910 si
1200 2844 1267 2909 in
1291 2843 1598 2909 leviorum
1626 2843 1854 2908 artium
1881 2843 2090 2908 studio
2116 2865 2357 2910 memo·
2391 2867 2420 2906 a

298 2940 431 3004 riae
488 2938 810 3026 proditum
870 2949 969 3004 est
1027 2945 1253 3027 poetas
1314 2936 1546 3004 nobilis
1608 2943 1939 3024 poetarum
2000 2938 2358 3022 aequalium

298 3041 501 3098 morte
545 3030 854 3113 doluisse,
910 3055 1036 3117 quo
1082 3032 1339 3098 tandem
1384 3032 1594 3097 animo
1648 3031 1783 3096 eius
1827 3029 2148 3096 interitum
2191 3033 2357 3096 ferre

299 3125 518 3205 debui,
565 3149 711 3192 cum
746 3149 871 3212 quo
906 3136 1148 3192 certare
1183 3136 1321 3192 erat
1352 3124 1692 3214 gloriosius
1730 3147 1921 3209 quam
1955 3124 2212 3190 omnino
2248 3124 2362 3189 ad-

298 3220 649 3285 versarium
684 3243 814 3288 non
848 3220 1123 3286 habere?
1176 3241 1319 3285 cum
1362 3218 1738 3307 praesertim
1788 3241 1918 3284 non
1951 3217 2141 3284 modo
2175 3241 2364 3284 numn

300 3335 493 3397 quam
546 3313 631 3378 sit
672 3323 782 3378 aut
830 3313 999 3380 illius
1047 3337 1087 3378 a
1124 3307 1229 3380 me
1282 3335 1506 3379 cursus
1559 3311 1900 3398 impeditus
1955 3322 2066 3377 aut
2117 3312 2198 3377 ab
2250 3311 2360 3376 illo

301 3429 481 3472 meus
494 3455 511 3484 ,
560 3407 677 3472 sed
710 3419 931 3473 contra
966 3431 1217 3494 semper
1252 3409 1411 3474 alter
1446 3409 1528 3474 ab
1565 3408 1761 3474 altero
1798 3407 2049 3472 adiutus
2087 3417 2152 3472 et
2187 3425 2360 3471 eom-

300 3498 681 3565 municando
733 3510 799 3565 et
850 3501 1168 3567 monendo
1213 3512 1277 3566 et
1319 3501 1616 3568 favendo.
1707 3502 1823 3568 sed
1874 3501 2172 3586 quoniam
2213 3521 2359 3587 per-
2391 3520 2419 3560 4

300 3604 494 3682 petua
528 3593 801 3678 quadam
844 3594 1143 3660 felicitate
1187 3618 1341 3660 usus
1385 3593 1493 3661 ille
1529 3596 1722 3662 cessit
1755 3618 1792 3662 e
1826 3595 1958 3661 vita
2001 3617 2118 3661 suo
2151 3594 2358 3681 magis

301 3711 495 3774 quam
530 3710 790 3754 suorum
824 3688 1057 3754 civium
1090 3699 1373 3776 tempore
1409 3699 1474 3754 et
1507 3699 1642 3754 tum
1677 3689 1924 3767 occidit,
1962 3711 2106 3754 cum
2139 3688 2358 3775 lugere

301 3781 553 3848 facilius
596 3804 733 3848 rem
775 3783 1099 3870 publicam
1149 3795 1400 3870 posset,
1453 3783 1511 3848 si
1553 3783 1822 3862 viveret,
1877 3805 2067 3868 quam
2119 3783 2358 3862 iuvare,

305 3877 585 3963 vixitque
622 3889 752 3944 tam
789 3878 931 3957 diu,
984 3901 1176 3963 quam
1218 3879 1393 3944 licuit
1425 3878 1494 3943 in
1536 3877 1788 3944 civitate
1838 3878 2003 3944 bene
2046 3879 2358 3962 beateque

301 3971 543 4050 vivere,
596 3983 815 4038 nostro
858 3972 1261 4040 incommodo
1304 3972 1834 4056 detrimentoque,
1891 3971 1948 4038 si
1991 3983 2089 4039 est
2122 3973 2212 4038 ita
2245 3995 2358 4037 ne-

300 4087 509 4144 cesse,
547 4064 903 4148 doleamus,
946 4067 1113 4133 illius
1149 4089 1302 4134 vero
1340 4067 1562 4133 mortis
1599 4068 2130 4154 opportunitatem
2164 4069 2359 4132 bene-
