2784 4575
746 822 846 889 M.
892 822 1226 891 TULLII
1269 822 1771 891 CICERONIS

371 928 504 993 DE
549 924 1000 993 ORATORE
1045 926 1181 990 AD
1225 924 1663 1007 QmNTUM
1703 926 2155 995 FRATREM

978 1026 1240 1093 LIBRI
1283 1026 1542 1094 TRES.
2170 1088 2172 1090 ,

933 1178 1212 1235 LIBER
1243 1178 1598 1237 PRIMUS.

357 1368 684 1457 Cogitanti
723 1369 880 1435 1111111
925 1386 1378 1457 saepenumero
1418 1380 1482 1437 et
1513 1372 1817 1438 memoria
1860 1382 2076 1439 vetera
2106 1394 2289 1459 repe-
2324 1368 2355 1421 1

229 1466 394 1532 tenti
425 1465 713 1575 perbeati
747 1466 977 1543 fuisse,
1015 1464 1258 1547 Quinte
1294 1466 1517 1543 frater,
1555 1466 1647 1531 1111
1682 1467 1883 1532 videri
1917 1465 2141 1547 solent,
2180 1443 2349 1553 quil

228 1560 300 1625 in
333 1558 576 1647 optima
607 1582 678 1625 re
721 1558 1002 1646 publiea,
1061 1578 1206 1623 oum
1241 1568 1306 1623 et
1339 1558 1685 1626 honoribus
1722 1572 1785 1627 et
1816 1582 2027 1627 rerum
2078 1573 2291 1649 gesta-

229 1676 375 1719 rum
410 1653 616 1741 gloria
645 1654 970 1731 florerent,
1009 1670 1156 1718 eum
1189 1651 1358 1717 vitae
1393 1674 1649 1719 cursum
1683 1664 1896 1721 tenere
1928 1666 2287 1742 potuerunt,
2344 1682 2349 1687 ·

227 1759 307 1813 ut
357 1748 460 1813 vel
509 1747 579 1812 in
627 1747 886 1834 negotio
931 1746 1068 1812 sine
1111 1745 1392 1832 periculo
1437 1746 1541 1812 vel
1594 1748 1663 1812 111
1714 1748 1844 1815 0110
1896 1770 2043 1814 oum
2085 1748 2290 1836 digni-

231 1851 366 1907 tate
399 1862 545 1907 esse
587 1852 854 1928 possent
861 1867 880 1921 3
935 1862 1013 1906 ae
1057 1840 1180 1905 fuit
1213 1860 1359 1905 oum
1404 1841 1560 1906 mihi
1612 1864 1863 1927 quoque
1912 1843 2161 1909 initium
2189 1864 2291 1908 re-

229 1936 602 2021 quiescendi
635 1946 826 2019 atque
863 1935 1142 2001 animum
1177 1935 1260 2000 ad
1293 1935 1622 2021 utriusque
1648 1947 1935 2003 nostrum
1966 1936 2292 2024 praeclara

233 2030 451 2097 studia
471 2030 791 2096 referendi
815 2030 954 2096 fore
995 2030 1234 2097 iustum
1257 2040 1326 2095 et
1355 2052 1556 2117 prope
1585 2032 1665 2097 ab
1701 2030 1995 2099 omnibus
2032 2052 2291 2097 eonces-

234 2146 380 2191 sum
412 2125 775 2203 arbitrarer,
813 2124 870 2190 si
902 2123 1184 2189 infinitus
1219 2123 1569 2191 forensium
1600 2146 1813 2191 rerum
1844 2126 2025 2193 labor
2058 2136 2125 2192 et
2158 2146 2291 2191 am·-

232 2218 492 2283 bitionis
536 2218 864 2308 occupatio
909 2218 1182 2283 decursu
1223 2216 1561 2298 honorum,
1619 2219 1809 2285 etiam
1853 2219 2077 2285 aetatis
2118 2219 2291 2285 flexu
2362 2276 2367 2281 .

233 2312 651 2378 constitisset:
732 2335 922 2398 quam
993 2335 1172 2400 spem
1239 2314 1694 2400 cogitationum
1752 2325 1818 2379 et
1886 2313 2289 2381 consil-iorum
2324 2329 2351 2374 2

231 2427 526 2471 meorum
577 2427 719 2472 eum
769 2429 998 2494 graves
1052 2409 1478 2475 communium
1538 2419 1894 2495 temporum
1944 2419 2081 2472 tum
2132 2409 2291 2473 varii

231 2499 437 2566 nostri
481 2521 668 2566 casus
711 2501 1097 2580 fefellerunt3
1151 2527 1302 2568 nam
1344 2503 1457 2586 qui
1508 2503 1687 2567 locus
1742 2498 1969 2586 quietis
2021 2511 2087 2566 et
2119 2511 2289 2565 tran-

235 2592 563 2677 quillitatis
599 2594 1004 2680 plenissimus
1041 2596 1178 2664 fore
1205 2598 1556 2672 videbatur,
1593 2595 1662 2659 in
1694 2617 1771 2661 eo
1806 2595 2121 2659 maximae
2153 2614 2291 2658 mo-

232 2688 332 2753 les
375 2688 808 2754 molestiarum
849 2700 915 2754 et
957 2689 1536 2756 turbulentissimae
1580 2695 1987 2772 tempestates
2032 2686 2291 2750 exstite-

231 2793 409 2862 runt3
463 2804 670 2867 neque
722 2805 875 2849 vero
927 2784 1114 2850 nobis
1168 2782 1567 2872 cupientibus
1612 2791 1803 2864 atque
1847 2779 2289 2866 exoptantibus

231 2876 480 2941 fruetus
523 2876 636 2942 otii
677 2877 864 2942 datus
911 2887 1010 2942 est
1053 2879 1136 2944 ad
1178 2899 1288 2943 eas
1333 2876 1515 2953 artis,
1570 2874 1797 2958 quibus
1846 2896 1885 2938 a
1922 2871 2136 2959 pueris
2183 2867 2261 2937 de

235 2969 358 3034 diti
399 2968 678 3048 fuimus,-
719 2970 1128 3038 celebrandas
1173 2972 1338 3036 inter
1369 2976 1626 3054 nosque
1666 2965 2055 3032 recolendas.
2143 2987 2293 3031 nam
2322 2979 2351 3022 3

235 3061 444 3150 prima
497 3073 702 3130 aetate
752 3063 1086 3130 incidimus
1140 3065 1207 3128 111
1257 3065 1466 3156 ipsam
1517 3055 2053 3149 perturbationem
2104 3057 2293 3125 111501-

233 3157 448 3244 plinae
484 3159 746 3236 veteris,
787 3170 859 3224 et
893 3159 1226 3225 consulatu
1261 3157 1631 3224 devenimus
1667 3156 1735 3220 in
1769 3155 2049 3221 medium
2082 3175 2293 3220 rerum

237 3250 520 3316 omnium
555 3261 874 3317 certamen
919 3264 1106 3337 atque
1150 3250 1517 3330 discrimen,
1564 3261 1629 3316 et
1662 3250 1783 3316 hoo
1818 3260 2069 3360 tempus
2104 3269 2290 3316 omne

234 3353 387 3430 post
428 3345 827 3411 consulatum
878 3347 1224 3412 obiecimus
1263 3346 1362 3412 eis
1407 3345 1731 3422 fluetibus,
1786 3344 1893 3428 qui
1932 3366 2049 3429 per
2090 3365 2207 3409 nos
2252 3365 2295 3406 a

234 3438 557 3502 communi
591 3449 773 3525 peste
809 3439 1109 3526 depulsi
1089 3464 1158 3504 m
1181 3450 1435 3505 nosmet
1465 3433 1641 3525 ipsos
1669 3437 2115 3503 redundarent
2178 3435 2295 3498 sed

235 3542 451 3597 tamen
484 3531 553 3596 in
595 3533 696 3598 his
739 3534 844 3598 vel
890 3533 1332 3620 asperitatibus
1379 3553 1591 3598 rerum
1633 3531 1737 3597 vel
1780 3529 2091 3617 angustiis
2134 3538 2293 3592 tem·-

233 3623 411 3736 poris
441 3626 764 3710 obsequar
799 3627 1025 3692 studiis
1070 3626 1304 3692 nostris
1339 3637 1406 3691 et
1435 3637 1746 3712 quantum
1788 3623 1945 3691 mihi
1980 3619 2082 3686 vel
2116 3620 2291 3684 fraus

235 3717 636 3784 inimieorum
677 3720 782 3786 vel
825 3741 1054 3786 causae
1091 3720 1437 3785 amicorum
1480 3720 1585 3784 vel
1628 3739 1731 3784 res
1772 3715 2028 3803 publiea
2062 3712 2295 3778 tribuet

235 3811 379 3890 otii,
417 3812 502 3878 ad
535 3813 942 3880 scribendum
976 3813 1376 3900 potissimum
1405 3813 1761 3890 conferam3
1801 3809 1915 3874 tibi
1946 3829 2128 3884 vero,
2128 3805 2294 3870 fra—
2325 3818 2353 3860 4

237 3913 368 3982 ter,
427 3928 636 3992 neque
687 3906 963 3974 hortanti
1025 3907 1213 3974 deero
1273 3929 1481 3992 neque
1540 3903 1819 3992 roganti,
1880 3923 2031 3966 nam
2088 3921 2293 3984 neque

239 3998 612 4067 auctoritate
658 4003 995 4088 quisquam
1045 4001 1216 4087 apud
1248 4023 1351 4066 me
1393 3999 1539 4086 plus
1594 3998 1803 4063 valere
1839 4006 1902 4061 te
1937 4003 2151 4083 potest
2182 4016 2295 4058 ne-

234 4113 364 4177 que
409 4091 752 4162 voluntate.
843 4117 919 4162 ao
962 4093 1117 4162 mihi
1156 4093 1503 4182 repetenda
1555 4103 1655 4159 est
1687 4089 1917 4158 veteris
1962 4087 2294 4155 cuiusdam
2327 4098 2361 4150 2

345 4194 546 4240 Ciceroni
531 4209 611 4240 ccv
588 4196 672 4240 v.ol
695 4192 1926 4240 11.1
