2784 4575
485 269 570 334 76
1095 282 1175 336 M.
1215 280 1487 339 TULLII
1522 279 1923 340 CICERONIS

481 404 784 470 iudicium
819 403 1166 491 aspexerit3
1211 414 1284 469 111
1314 404 1775 490 Peripateticus
1809 403 1915 469 ille
1950 403 2176 469 dicitur
2207 403 2550 483 PhormiO,

485 521 630 565 cum
664 497 994 564 Hannibal
1026 497 1432 585 Karthagine
1476 497 1780 586 expulsus
1812 497 2145 584 Ephesum
2190 497 2273 563 ad
2308 497 2549 564 Antio-

483 593 677 658 chum
717 591 1002 657 venisset
1053 592 1236 657 exsul
1287 614 1530 678 proque
1574 613 1679 671 eo,
1734 592 1907 676 quod
1948 592 2082 657 eius
2124 613 2362 657 nomen
2406 601 2551 656 erat

479 707 718 773 magna
753 685 924 772 apud
959 685 1164 751 omnis
1209 686 1441 772 gloria,
1492 686 1793 752 invitatus
1846 695 2019 751 esset
2064 685 2144 751 ab
2177 685 2551 772 hospitibus

483 782 646 860 suis,
699 791 774 846 ut
807 803 980 858 eum,
1035 801 1225 864 quem
1276 780 1437 860 dixi,
1492 782 1549 846 si
1579 781 1798 858 vellet,
1854 780 2121 858 audiret3
2174 800 2453 864 cumque
2486 779 2549 844 is

485 898 556 942 se
589 896 720 941 non
755 875 923 941 nolle
959 873 1253 952 dixisset,
1289 874 1537 940 locutus
1572 896 1717 940 esse
1753 872 1977 938 dicitur
2010 873 2200 938 homo
2236 872 2547 959 copiosus

485 969 726 1054 aliquot
775 967 966 1033 horas
1021 968 1100 1033 de
1151 968 1550 1053 imperatoris
1610 966 1821 1033 officio
1874 978 1939 1032 et
1988 967 2069 1032 de
2120 989 2190 1033 re
2248 966 2515 1030 militari
2527 992 2549 1043 ;

483 1075 649 1140 tum,
685 1082 834 1126 cum
868 1061 1087 1138 ceteri,
1125 1060 1234 1144 qui
1265 1061 1448 1126 illum
1484 1061 1837 1139 audierant,
1880 1061 2285 1126 vehementer
2320 1075 2549 1124 essent

481 1155 806 1232 delectat-i,
871 1154 1257 1238 quaerebant
1316 1155 1401 1218 ab
1448 1154 1841 1233 Hannibale,
1903 1155 2202 1238 quidnam
2258 1155 2403 1240 ipse
2460 1154 2549 1218 de

481 1250 590 1315 illo
626 1247 1006 1334 philosopho
1041 1248 1373 1315 iudicaret=
1411 1249 1516 1312 hic
1547 1249 1805 1314 Poenus
1840 1270 1969 1314 non
2004 1248 2237 1334 optime
2264 1247 2545 1324 Graece,

487 1342 603 1406 sed
654 1351 866 1406 tamen
916 1341 1114 1408 libere
1163 1343 1571 1430 respondisse
1623 1342 1851 1420 fertur,
1904 1340 2137 1407 multos
2192 1361 2259 1406 se
2292 1339 2539 1406 deliros

487 1457 672 1500 senes
711 1457 901 1522 saepe
945 1435 1211 1514 vidisse,
1266 1437 1382 1502 sed
1426 1436 1535 1520 qui
1575 1436 1810 1523 magis,
1863 1457 2054 1520 quam
2084 1435 2387 1501 Phormio
2424 1435 2546 1500 de-

388 1551 441 1592 ve
483 1528 724 1607 liraret,
759 1527 999 1594 vidisse
1031 1530 1372 1595 neminem.
1459 1552 1666 1614 neque
1699 1529 2057 1594 mehercule
2090 1530 2342 1620 iniuria:
2380 1527 2542 1612 quid

297 1627 300 1630 ’
481 1622 652 1688 0111111
705 1633 814 1688 aut
866 1623 1275 1709 adrogantius
1338 1635 1449 1689 aut
1499 1623 1825 1708 loquacius
1883 1622 2020 1688 fieri
2076 1623 2279 1710 potuit
2343 1644 2541 1706 quam

481 1715 857 1794 Hannibali,
895 1715 1004 1800 qui
1038 1726 1133 1782 tot
1166 1716 1347 1782 annis
1384 1717 1465 1782 de
1498 1715 1761 1804 imperio
1793 1737 1939 1782 cum
1971 1715 2205 1802 populo
2237 1716 2543 1780 Romano

480 1810 764 1876 omnium
807 1810 1092 1896 gentium
1142 1811 1381 1876 victore
1434 1820 1766 1889 certasset,
1822 1809 2140 1876 Graecum
2190 1807 2539 1884 hominem,

483 1904 592 1988 qui
625 1926 971 1988 numquam
1001 1904 1280 1982 hostem,
1341 1927 1689 1989 numquam
1741 1914 1948 1969 castra
1998 1902 2286 1979 vidisset,
2347 1924 2541 1966 num-

481 2019 676 2080 quam
729 1997 999 2080 denique
1049 1997 1377 2062 minimam
1427 2009 1673 2084 partem
1724 1997 1912 2063 ullius
1963 1996 2200 2083 publici
2248 1995 2535 2060 muneris

481 2089 829 2176 attigisset,
863 2101 1202 2175 praecepta
1238 2090 1318 2156 de
1350 2114 1423 2155 re
1458 2091 1713 2156 militari
1746 2091 1933 2156 dare?
1975 2090 2099 2158 hoc
2126 2089 2285 2153 mihi
2319 2089 2537 2154 facere

479 2203 700 2247 omnes
753 2180 890 2260 isti,
954 2181 1063 2267 qui
1115 2184 1194 2248 de
1249 2194 1384 2248 arte
1437 2185 1688 2250 dicendi
1735 2183 2152 2270 praecipiunt,
2206 2181 2533 2258 videntur;

477 2274 650 2359 quod
683 2275 852 2341 enim
885 2275 1011 2363 ipsi
1045 2278 1289 2365 experti
1321 2302 1452 2345 non
1488 2291 1663 2357 sunt,
1714 2279 1784 2344 id
1819 2278 2049 2344 docent
2081 2287 2354 2355 ceteros3
2412 2275 2529 2341 sed

476 2370 600 2435 hoc
633 2370 843 2435 minus
878 2370 1151 2437 fortasse
1185 2383 1426 2450 errant,
1472 2374 1643 2458 quod
1675 2396 1805 2439 non
1838 2383 1930 2451 te,
1974 2382 2047 2435 ut
2076 2369 2531 2446 Hannibalem,

373 2462 442 2514 19
479 2464 596 2529 sed
626 2487 858 2551 pueros
896 2476 1007 2531 aut
1049 2466 1556 2534 adulescentulos
1595 2468 1821 2534 docere
1866 2464 2212 2531 conantur!
2300 2470 2529 2541 ‘erras

408 2533 768 2637 ⁷Catule,'
829 2558 1035 2644 inquit
1083 2560 1407 2627 Antonius
1470 2568 1650 2627 ‘nam
1698 2570 1953 2647 egomet
1998 2559 2067 2624 in
2115 2558 2347 2624 multos
2400 2559 2530 2622 iam

474 2654 896 2719 Phormiones
949 2654 1162 2720 incidi.
1251 2656 1393 2739 quis
1448 2656 1618 2721 enim
1670 2665 1770 2720 est
1818 2654 2083 2719 istorum
2120 2652 2537 2729 Graecorum,

478 2747 586 2837 qui
621 2770 1003 2832 quemquam
1036 2758 1326 2815 nostrum
1376 2748 1714 2833 quicquam
1754 2747 2120 2832 intellegere
2156 2746 2529 2811 arbitretur?

477 2862 552 2905 ac
585 2841 743 2905 mihi
785 2842 1042 2925 quidem
1083 2864 1214 2907 non
1256 2841 1348 2906 ita
1388 2840 1642 2907 molesti
1686 2852 1862 2919 sunt3
1915 2839 2099 2905 facile
2142 2837 2347 2904 omnis
2382 2860 2527 2924 per-

473 2934 680 3018 petior
716 2945 780 2999 et
821 2936 1101 3020 110ήο1·ος
1153 2958 1306 3000 nam
1349 2946 1460 3000 aut
1494 2935 1733 3019 aliquid
1784 2933 2103 3009 adferunt,
2157 2932 2329 3016 quod
2368 2930 2524 2994 mihi

474 3046 605 3090 non
641 3027 1000 3113 displiceat,
1056 3038 1167 3093 aut
1209 3028 1521 3107 efficiunt,
1572 3040 1646 3094 ut
1678 3051 1779 3093 me
1822 3049 1951 3092 non
1985 3025 2279 3091 didicisse
2314 3024 2521 3089 minus

473 3118 820 3203 paeniteat3
859 3121 1106 3186 dimitto
1142 3131 1354 3187 autem
1389 3144 1501 3188 eos
1536 3144 1665 3187 11011
1691 3133 1821 3187 tam
1846 3118 2297 3185 contumeliose
2332 3138 2522 3201 quam

471 3209 920 3297 philosophum
969 3213 1149 3277 illum
1183 3214 1540 3293 Hannibal,
1596 3224 1659 3280 et
1693 3236 1769 3280 eo
1822 3214 2092 3279 fortasse
2134 3212 2279 3299 plus
2316 3212 2521 3275 habeo

472 3302 665 3367 etiam
711 3305 978 3390 negotii:
1033 3306 1150 3372 sed
1192 3317 1405 3373 tamen
1450 3318 1551 3373 est
1592 3330 1810 3374 eorum
1854 3305 2163 3383 doctrina,
2216 3315 2520 3388 quantum

374 3422 426 3463 vs
471 3418 593 3482 ego
635 3395 916 3462 iudicare
964 3421 1259 3485 possum,
1309 3401 1718 3487 perridiculaz
1772 3400 2061 3465 dividunt
2102 3398 2273 3463 enim
2322 3404 2519 3462 totam

467 3512 604 3555 rem
635 3490 703 3555 in
737 3491 896 3556 duas
930 3491 1158 3577 partis,
1209 3494 1277 3558 in
1311 3515 1543 3560 causae
1578 3493 2071 3561 controversiam
2114 3502 2179 3557 et
2208 3492 2277 3556 in
2328 3512 2523 3575 quae-

471 3584 722 3651 stionis:
783 3606 1042 3652 causam
1095 3590 1418 3675 appellant
1466 3612 1607 3655 rem
1650 3588 1929 3676 'positam
1960 3588 2029 3651 in
2063 3586 2519 3673 disceptatione

465 3696 718 3743 reorum
753 3691 818 3745 et
851 3682 1280 3748 controversia
1287 3708 1307 3762 3
1361 3683 1798 3767 quaestionem
1832 3690 2043 3747 autem
2075 3702 2211 3744 rem
2244 3679 2516 3765 positam

465 3768 537 3833 in
567 3768 809 3837 infinita
835 3773 1224 3841 dubitatione
1231 3802 1251 3855 3
1298 3777 1378 3841 de
1414 3798 1609 3843 causa
1631 3784 1969 3863 praecepta
1997 3773 2167 3851 dant3
2205 3773 2285 3837 de
2322 3772 2519 3837 altera

366 3883 422 3925 79
467 3876 647 3950 parte
681 3866 930 3931 dicendi
971 3867 1201 3933 mirum
1255 3867 1575 3935 silentium
1626 3878 1744 3936 est.
1833 3866 2059 3933 (10111ᾶο
2100 3865 2379 3950 quinque
2424 3864 2521 3931 fa-

467 3954 642 4019 ciunt
673 3958 857 4039 quasi
889 3962 1176 4027 membra
1208 3962 1631 4045 eloquentiae,
1674 3960 1957 4028 invenire
1994 3957 2146 4042 quid
2180 3958 2353 4022 dicas
2366 4006 2387 4035 ,
2422 3958 2520 4021 in-

421 4116 429 4125 „
469 4056 666 4111 venta
716 4049 1080 4135 disponere,
1136 4055 1365 4120 deinde
1418 4078 1643 4121 ornare
1696 4054 1935 4131 1011110,
1986 4061 2135 4137 post
2174 4050 2521 4116 memoriae
