2784 4575
868 253 976 308 DE
1015 205 1381 311 canoni:
1420 254 1466 310 1.
1502 252 1822 312 254-261.
2286 244 2370 310 57

315 376 513 446 sarias
523 402 544 458 ;
597 399 752 442 nam
787 386 853 442 et
888 375 1134 442 subitae
1179 377 1263 440 ad
1293 377 1655 465 propositas
1701 397 1927 442 causas
1982 378 2378 446 exercitatio-

311 499 428 544 nes
465 485 531 542 et
566 475 908 540 adom-atae
952 493 1028 540 ac
1061 472 1403 540 meditatae
1455 473 2018 541 commentationes
2072 496 2147 541 ac
2193 475 2375 542 stilus

311 572 422 638 ille
457 580 635 648 tuus,
689 591 882 654 quem
915 577 986 632 tu
1021 589 1172 633 vere
1207 567 1425 635 dixisti
1473 569 1895 656 perfectorem
1937 568 2191 636 dicendi
2233 591 2377 636 esse

317 687 396 734 ac
444 663 850 751 magistrum,
903 662 1086 728 multi
1139 662 1388 730 sudoris
1434 675 1562 743 est3
1618 675 1683 730 et
1721 663 1833 730 illa
1872 660 2190 732 orationis*
2223 687 2377 732 suae

318 781 466 832 cum
499 757 750 844 scriptis
787 755 1010 821 alienis
1047 757 1434 844 comparatio
1480 768 1547 824 et
1580 758 1661 824 de
1705 756 1911 824 alieno
1957 757 2192 846 scripto
2228 759 2379 825 sub-

310 853 408 920 ita
455 851 561 918 vel
609 849 914 916 laudandi
974 849 1079 916 vel
1137 851 1541 939 vituperandi
1601 851 1705 918 vel
1764 851 2221 940 comprobandi·
2274 852 2379 918 vel

2408 405 2489 450 25⁴2

313 945 647 1014 refellendi
681 966 878 1011 causa
911 943 1254 1031 disputatio
1287 968 1421 1011 non
1454 945 1789 1012 mediocris
1826 944 2246 1023 contentionis.
2278 957 2379 1012 est
2455 949 2464 959 '

315 1041 422 1106 vel
456 1040 542 1104 ad
572 1038 944 1104 memoriam
977 1037 1082 1104 vel
1117 1039 1202 1104 ad
1232 1039 1627 1106 imitandum.
1697 1040 1857 1105 illud
1890 1063 2043 1106 vero
2076 1039 2199 1106 fuit
2230 1039 2378 1107 hor-

314 1133 527 1212 ribile,
577 1133 748 1218 quod
777 1131 1141 1198 mehercule
1175 1155 1399 1200 vereor
1432 1157 1513 1199 ne
1549 1134 1852 1201 maiorem
1887 1135 2018 1200 vim
2053 1135 2137 1200 ad
2171 1134 2378 1202 deter-

312 1227 584 1296 rendum
619 1227 911 1294 habuerit
943 1250 1138 1313 quam
1173 1229 1258 1293 ad
1291 1229 1778 1295 cohortandum:
1813 1229 2071 1320 vjoluisti
2106 1229 2276 1295 enim
2308 1229 2379 1294 in

315 1346 431 1390 suo
465 1344 702 1413 genere
737 1345 936 1387 unum
971 1343 1286 1406 quemque
1328 1333 1619 1398 nostrum
1663 1323 1847 1408 quasi
1864 1389 1867 1394 ,
1882 1323 2199 1409 quendam
2232 1345 2377 1388 esse

311 1417 648 1494 Roscium3
678 1415 1020 1500 dixistique
1037 1437 1168 1482 non
1185 1427 1319 1481 tam
1337 1439 1433 1495 ea,
1464 1440 1627 1500 quae
1644 1429 1819 1484 recta
1836 1429 2079 1496 essent,
2095 1415 2373 1507 probari,

313 1532 505 1596 quam
541 1531 706 1594 quae
731 1532 933 1596 prava
960 1507 1188 1596 [sunt],
1225 1510 1501 1576 fastidiis
1532 1511 2013 1591 adhaerescere3
2051 1510 2223 1596 quod
2250 1532 2373 1598 ego

311 1629 442 1673 non
476 1616 608 1673 tam
643 1603 977 1670 fastidiose
1010 1603 1078 1670 in
1113 1605 1298 1670 nobis
1337 1627 1528 1689 quam
1560 1605 1629 1671 in
1662 1606 2073 1673 histrionibus
2102 1603 2377 1694 spectari

310 1709 496 1786 put03
548 1699 764 1784 itaque
799 1721 918 1764 nos
951 1719 1181 1763 raucos
1219 1720 1413 1786 saepe
1458 1699 1874 1766 attentissime
1919 1699 2123 1768 audiri
2156 1698 2370 1774 video;

311 1803 487 1859 tenet
520 1793 690 1858 enim
721 1815 828 1858 res
862 1790 1008 1877 ipsa
1041 1801 1232 1877 atque
1267 1814 1491 1872 causa3
1529 1804 1597 1858 at
1628 1795 1984 1882 Aesopum,
2022 1793 2079 1858 si
2111 1791 2374 1880 paulum

310 1887 664 1965 irrauserit,
710 1885 999 1974 explodi,
1053 1909 1092 1950 a
1127 1886 1358 1970 quibus
1405 1887 1575 1952 enim
1606 1887 1765 1954 nihil
1795 1899 2049 1975 >praeter
2082 1886 2375 1972 volupta-

313 1990 443 2046 tem
477 1980 725 2048 aurium
758 1980 1108 2064 quaer-itur,
1152 1980 1220 2046 in
1254 1981 1347 2048 eis
1383 1983 1755 2061 offenditur,
1809 1983 1999 2048 simul
2034 1992 2223 2066 atque
2255 1979 2375 2044 im-

289 2076 614 2152 ⁴minuitur
649 2075 890 2160 aliquid
924 2075 1004 2140 de
1040 2074 1394 2163 voluptate,
1430 2077 1499 2142 in
1534 2077 1895 2162 eloquentia
1928 2086 2143 2142 autem
2172 2071 2376 2140 multa

311 2183 464 2236 su'nt
515 2193 678 2256 quae
731 2179 1018 2248 teneant,
1072 2191 1233 2255 quae
1279 2171 1338 2236 si
1377 2172 1594 2237 omnia
1643 2195 1895 2238 summa
1942 2195 2074 2239 non
2116 2179 2267 2238 sunt
2310 2176 2375 2234 et

309 2263 616 2351 pleraque
657 2275 872 2331 tamen
903 2286 1144 2352 magna
1197 2275 1372 2346 sunt,
1426 2287 1691 2335 necesse
1735 2276 1835 2333 est
1868 2289 1947 2332 ea
1986 2265 2157 2409 ipsa,
2212 2283 2375 2349 quae

311 2370 492 2437 sunt,
527 2360 839 2426 mirabilia
871 2360 1094 2427 videri.

429 2454 641 2541 Erg0,
695 2465 768 2519 ut
811 2454 892 2521 ad
923 2455 1201 2542 primum
1241 2455 1402 2520 illud
1442 2466 1752 2534 revertar,
1807 2454 1892 2521 sit
1918 2407 2143 2526 orator
2187 2452 2371 2518 nobis

305 2548 395 2627 ie,
449 2566 606 2632 qm,
635 2558 708 2613 ut
744 2545 1022 2614 Crassus
1060 2548 1427 2635 descripsit,
1481 2549 1963 2615 adcommodate
1998 2548 2081 2613 ad
2112 2568 2377 2633 persuae

309 2641 592 2707 dendum
621 2641 830 2728 possit
865 2642 1103 2722 dicere3
1157 2642 1215 2707 is
1251 2652 1468 2709 autem
1510 2640 1973 2708 concludatur
1952 2664 2021 2705 m
2054 2662 2159 2717 ea,
2213 2660 2376 2723 quae

310 2746 460 2801 sunt
521 2734 592 2802 in
649 2757 776 2801 usu
839 2735 1166 2801 civitatum
1235 2736 1479 2823 volgari
1531 2758 1607 2801 ac
1656 2734 1923 2813 forensi,
1992 2731 2377 2816 remotisque

308 2829 536 2897 ceteris
582 2828 838 2909 studiis,
892 2830 1181 2914 quamvis
1227 2852 1306 2897 ea
1349 2832 1477 2897 sint
1528 2831 1741 2918 ampla
1791 2840 1983 2914 atque
2028 2825 2375 2917 praeclara,

307 2924 378 2987 in
411 2924 538 2989 hoc
584 2946 714 2989 uno
759 2946 979 3012 opere,
1031 2936 1106 2990 ut
1155 2925 1246 2990 ita
1299 2926 1535 3005 dicam,
1587 2924 1791 2992 noctis
1846 2935 1911 2991 et
1961 2922 2097 2989 dies
2148 2942 2379 3009 urgea-

307 3027 412 3083 tur
418 3042 439 3097 3
502 3016 908 3103 imiteturque
955 3019 1164 3098 illum,
1219 3021 1321 3085 cui
1378 3020 1516 3086 sine
1574 3020 1769 3085 dubio
1832 3040 2081 3084 summa
2130 3014 2228 3081 vis
2283 3014 2378 3079 di·-

309 3110 496 3177 cendi
557 3114 954 3192 conceditur,
1015 3113 1483 3180 Atheniensem
1532 3113 2068 3190 Demosthenem,
2128 3110 2199 3175 in
2249 3131 2375 3195 quo

306 3216 556 3272 tantum
609 3206 892 3273 studium
941 3207 1144 3275 fuisse
1200 3219 1542 3294 tantusque
1593 3208 1773 3275 labor
1825 3205 2082 3285 dicitur,
2134 3216 2207 3271 ut
2247 3204 2378 3293 pri-

306 3323 486 3365 mum
517 3299 976 3389 impedimenta
1005 3312 1270 3369 naturae
1298 3303 1629 3391 diligentia
1652 3302 2087 3390 industriaque
2116 3324 2377 3389 supera-

306 3403 438 3471 ret,
491 3414 762 3481 cumque
813 3396 906 3463 ita
954 3397 1184 3465 balbus
1241 3408 1440 3478 esset,
1496 3408 1567 3464 ut
1610 3398 1745 3465 eius
1788 3397 1991 3486 ipsius
2036 3396 2219 3473 artiS,
2274 3394 2378 3458 cui

310 3488 615 3570 studeret,
651 3490 925 3578 primam
958 3492 1232 3559 litteram
1257 3515 1388 3559 non
1421 3503 1645 3580 posset
1678 3493 1907 3571 dicere,
1942 3488 2210 3578 perfecit
2242 3508 2377 3551 me-

307 3582 602 3664 ditando,
653 3595 728 3651 ut
759 3608 948 3653 nemo
982 3586 1236 3675 planius
1272 3609 1419 3653 esse
1454 3587 1703 3653 locutus
1737 3595 2093 3673 putaretur,
2146 3580 2375 3647 deinde

305 3699 454 3743 cum
519 3678 780 3766 spiritus
835 3680 974 3747 eius
1037 3692 1213 3747 esset
1269 3681 1629 3769 angustior,
1692 3689 1937 3745 tantum
1997 3676 2377 3742 continenda

307 3773 522 3841 anima
571 3775 642 3840 in
695 3776 965 3843 dicendo
1020 3788 1122 3843 est
1173 3776 1545 3856 adsecutus,
1606 3786 1681 3841 ut
1728 3798 1859 3840 una
1908 3768 2375 3839 continuatione

310 3867 680 3950 verborum,
733 3870 806 3936 id
839 3872 1013 3956 quod
1047 3870 1184 3937 eius
1220 3871 1462 3960 scripta
1505 3826 1857 3948 declarant,
1907 3868 2095 3935 binae
2131 3864 2191 3932 ei
2224 3886 2377 3931 con-

309 3960 628 4029 tentiones
674 3964 849 4032 vocis
895 3977 960 4030 et
1001 3964 1409 4032 remissiones
1456 3964 1951 4041 continerentur3
2003 3959 2115 4045 qui
2164 3958 2376 4039 etiam,

308 4064 384 4119 ut
409 4058 754 4125 memoriae
781 4060 1104 4147 proditum
1131 4070 1249 4137 est,
1288 4060 1588 4127 coniectis
1617 4060 1684 4126 in
1710 4080 1783 4126 os
1809 4055 2088 4137 calcuIiS,
2128 4076 2379 4122 summa

2412 1037 2478 1090 61

2412 1109 2494 1150 258

2408 1721 2489 1762 259

2407 2473 2491 2515 260

2409 3604 2487 3644 261
