2784 4575
846 284 953 340 DE
992 282 1357 340 ORATORE
1394 284 1500 339 111.
1535 283 1774 338 24-32.
2213 271 2341 338 149
2390 246 2397 252 ”

273 410 481 501 poetis
517 410 689 479 cerni
722 408 898 487 licet,
954 406 1183 491 quibus
1220 418 1319 472 est
1350 406 1644 493 proxima
1687 406 1982 493 cognatio
2019 428 2165 471 cum
2199 431 2344 474 ora-

275 507 547 573 toribus:
602 528 795 591 quam
830 515 980 569 sunt
1010 502 1175 567 inter
1212 524 1354 568 sese
1387 500 1670 578 Ennius,
1714 500 2034 565 Pacuvius
2070 500 2345 567 Accius-

278 624 400 686 que
436 600 806 677 dissimiles3
862 620 1089 683 quam·
1108 596 1281 682 apud
1316 594 1602 662 Graecos
1637 594 2034 680 Aeschylus,
2091 592 2344 681 Sopho·-

278 695 438 773 cles,
489 693 863 780 Euripides,
918 713 1303 777 quamquam
1355 690 1650 756 omnibus
1694 711 1812 799 par
1852 712 2056 775 paene
2100 689 2296 754 laus
2275 713 2344 754 ιιι

278 786 568 855 disslmili
604 786 922 853 scribendi
950 808 1185 874 genere
1220 782 1540 850 tribuiturl
1579 784 1842 871 aspicite
1877 804 2048 848 nunc
2083 806 2192 849 eos
2229 784 2342 851 ho·
2368 812 2424 855 28

274 882 480 948 mines
533 894 722 967 atque
774 878 1134 958 intuemini,
1189 901 1460 964 quorum
1506 879 1586 944 de
1629 878 1929 943 facultate
1984 878 2350 961 quaerimus

278 974 465 1086 [quid
498 976 747 1041 intersit
788 975 953 1041 inter
990 984 1311 1040 oratorum
1356 973 1568 1039 studia
1611 982 1801 1057 atque
1835 971 2161 1059 naturas].
2200 996 2346 1039 sua-

280 1070 543 1135 vitatem
587 1070 937 1147 Isocrates,
992 1068 1408 1133 subtilitatem
1439 1066 1708 1153 Lysiae,
1765 1088 2032 1131 acumen
2065 1066 2346 1153 Hyperi-

283 1164 427 1242 des,
466 1163 743 1229 sonitum
776 1162 1171 1241 Aeschines,
1223 1162 1354 1227 vim
1386 1161 1861 1230 Demosthenes
1899 1161 2148 1226 habuit:
2203 1162 2346 1246 quis

280 1268 500 1324 eorum
533 1281 664 1322 non
700 1256 1037 1343 egregius?
1091 1268 1305 1321 tamen
1349 1255 1492 1341 quis
1547 1255 1922 1340 cuiusquam·
1961 1255 2088 1320 nisi
2125 1255 2224 1321 sui
2260 1256 2346 1320 si-

277 1351 485 1417 milis?
538 1351 917 1437 gravitatem
968 1348 1345 1427 Africanus,
1397 1348 1724 1414 lenitatem
1757 1348 2051 1429 Laelius,
2106 1349 2345 1436 asperi-

281 1455 478 1511 tatem
516 1443 753 1523 Galba,
806 1443 1129 1531 profluens
1182 1441 1486 1527 quiddam
1537 1442 1760 1507 habuit
1797 1442 2020 1519 Carbo
2056 1453 2120 1509 et
2153 1464 2346 1509 cano-

276 1562 448 1604 rum:
504 1538 647 1622 quis
684 1540 911 1605 horum
945 1560 1075 1603 non
1125 1538 1423 1625 princeps
1477 1537 1867 1624 temporibus
1908 1538 2035 1603 illis
2071 1538 2229 1603 fuit?
2281 1550 2347 1603 et

283 1655 399 1698 suo
452 1642 667 1696 tamen
719 1632 988 1716 quisque
1036 1630 1107 1696 in
1156 1653 1402 1718 genere·
1443 1630 1761 1717 princeps.
1852 1632 1968 1697 sed
2019 1631 2172 1716 quid
2223 1654 2344 1719 ego
2372 1630 2424 1741 ἐξ,

280 1738 497 1792 vetera
522 1726 907 1809 conquiram,
945 1747 1090 1790 cum
1123 1725 1281 1790 mihi
1313 1724 1504 1791 liceat
1535 1724 1630 1789 uti
1661 1726 2103 1811 praesentibus
2133 1748 2348 1791 exem-

279 1819 404 1908 plis
443 1829 631 1903 atque
666 1819 869 1887 vivis?
920 1819 1075 1904 quid
1106 1819 1444 1885 iucundius
1481 1818 1738 1885 auribus
1775 1820 2010 1885 nostris
2044 1841 2348 1903 umquam

282 1913 511 1979 accidit
543 1912 731 1979 huius
768 1914 1051 1979 oratione
1090 1910 1342 1980 Catuli?
1399 1934 1562 1997 quae
1599 1923 1698 1979 est
1738 1936 1900 2000 pura
1935 1914 2054 1991 sic,
2107 1924 2182 1978 ut
2211 1913 2358 1979 La-

281 2008 411 2073 tine
446 2006 620 2092 loqui
653 2030 859 2093 paene
895 2007 1071 2074 solus
1107 2007 1425 2085 videatur,
1481 2006 1576 2072 sic
1620 2018 1834 2073 autem
1876 2007 2121 2095 gravis,
2173 2018 2248 2072 ut
2279 2006 2348 2072 in
2409 2017 2415 2022 '

282 2102 587 2189 singulari
633 2102 941 2190 dignitate
995 2102 1200 2169 omnis
1254 2112 1469 2167 tamen
1513 2100 1684 2167 adsit
1731 2101 2093 2167 humanitas
2140 2122 2214 2166 ac
2256 2100 2349 2167 le-

279 2219 429 2283 pos:
492 2196 646 2281 quid
697 2196 936 2262 multa?
996 2197 1193 2263 istum
1246 2196 1509 2263 audiens
1575 2196 1871 2281 equidem
1924 2196 2017 2262 sic
2065 2194 2346 2260 iudicare

283 2290 485 2367 sole0,
540 2290 840 2375 quicquid
876 2303 987 2356 aut
1020 2291 1339 2358 addideris
1378 2301 1489 2356 aut
1521 2291 1866 2358 mutaveris
1905 2301 2016 2356 aut
2058 2291 2352 2356 detraxe-

280 2383 399 2462 ris,
444 2381 731 2480 yitiosius
769 2395 834 2448 et
868 2384 1143 2451 deterius
1180 2385 1484 2451 futurum.
1573 2385 1754 2470 quid,
1790 2395 2007 2452 noster
2041 2385 2146 2449 hic
2184 2382 2349 2451 Cae·
2375 2411 2426 2452 30

285 2501 389 2544 sar
422 2499 635 2544 nonne
676 2499 912 2549 novam
963 2479 1283 2563 quandam
1332 2479 1645 2544 rationem
1689 2480 1898 2545 attulit
1949 2479 2250 2545 orationis
2285 2490 2349 2542 et

283 2570 534 2637 dicendi
568 2593 771 2657 genus
807 2571 1058 2638 induxit
1089 2595 1289 2659 prope
1326 2571 1686 2656 singulare?
1731 2573 1872 2655 quis
1907 2593 2212 2656 umquam
2243 2594 2348 2636 res

282 2675 533 2754 praeter
564 2665 735 2730 hunc
773 2663 1076 2752 [tragicas
1111 2689 1315 2752 paene
1350 2664 1642 2752 comice,]
1681 2665 1880 2730 tristis
1915 2666 2210 2743 remisse,
2249 2689 2351 2730 se-

284 2781 469 2826 veras
505 2758 734 2837 hilare,
790 2759 1063 2825 forensis
1117 2759 1370 2825 scenica
1419 2781 1619 2846 prope
1671 2769 2005 2824 venustate
2059 2758 2351 2824 tractavit

286 2865 475 2940 atque
508 2852 628 2933 ita,
686 2865 761 2920 ut
791 2875 1001 2938 neque
1035 2853 1215 2920 iocus
1252 2853 1690 2940 magnitudine
1733 2876 1946 2918 rerum
1982 2853 2350 2919 excludere-

286 2959 389 3014 tur
420 2972 543 3016 nec
578 2949 858 3036 gravitas
895 2948 1140 3015 facetiis
1175 2949 1600 3014 minueretur?
1635 2970 1783 3016 ecce
1816 2960 2184 3035 praesentes
2222 2949 2347 3014 duo
2373 2974 2427 3015 ει

284 3069 486 3134 prope
540 3047 837 3131 aequales
886 3043 1209 3132 Sulpicius
1264 3055 1329 3110 et
1374 3042 1588 3111 Cotta.
1677 3044 1831 3128 quid
1881 3055 2014 3108 tam
2063 3043 2228 3108 inter
2281 3065 2350 3108 se

287 3141 633 3208 dissimile?
693 3141 846 3227 quid
896 3151 1028 3206 tam
1078 3141 1147 3206 in
1199 3163 1315 3206 suo
1369 3161 1604 3226 genere
1664 3139 2038 3225 praestans?
2095 3137 2351 3202 limatus

289 3235 447 3300 alter
482 3246 547 3302 et
582 3236 860 3314 subtilis,
912 3258 1050 3301 rem
1086 3234 1410 3322 explicans
1446 3232 1718 3321 propriis
1773 3231 2064 3320 aptisque
2107 3230 2318 3296 verbis
2327 3255 2350 3310 3

289 3328 509 3394 haeret
540 3329 607 3393 in
644 3351 837 3395 causa
872 3351 1123 3415 semper
1158 3341 1223 3394 et
1257 3327 1412 3413 quid
1439 3327 1632 3393 iudici
1654 3327 2054 3414 probandum
2091 3326 2174 3390 sit
2209 3346 2355 3390 cum

293 3421 655 3486 acutissime
690 3421 873 3500 vidit,
920 3423 1172 3488 omissis
1210 3422 1436 3487 ceteris
1477 3419 1924 3508 [argumentis]
1962 3421 2030 3485 in
2065 3443 2141 3486 eo
2177 3441 2356 3484 men-

258 3585 263 3588 ,
292 3527 421 3582 tem
448 3515 921 3600 orationemque
949 3516 1194 3602 defigit3
1235 3513 1558 3602 Sulpicius
1588 3526 1800 3580 autem
1825 3514 2172 3580 fortissimo
2199 3535 2356 3596 quo-

294 3610 442 3675 dam
479 3608 671 3674 animi
720 3608 981 3695 impetu,
1017 3606 1389 3696 plenissima
1431 3620 1497 3675 et
1535 3609 1814 3674 maxima
1864 3631 2050 3687 voce,
2105 3629 2356 3673 summa

174 3763 191 3778 .
295 3703 695 3772 contentione
750 3703 1029 3790 corporis
1066 3715 1131 3770 et
1165 3703 1472 3790 dignitate
1523 3714 1762 3783 motus,
1815 3704 2152 3770 verborum
2198 3725 2354 3786 quo·

295 3821 421 3883 que
454 3821 533 3865 ea
566 3797 877 3908 gravitate
912 3809 977 3863 et
1010 3797 1195 3885 copia
1246 3808 1372 3872 est,
1425 3809 1500 3863 ut
1543 3821 1706 3864 unus
1751 3797 1835 3864 ad
1886 3797 2277 3863 dicendum
2257 3821 2354 3862 m-

297 3892 753 3958 structissimus
779 3910 830 3957 a
871 3902 1097 3957 natura
1147 3915 1292 3958 esse
1344 3891 1651 3958 videatur.
1739 3893 1823 3958 ad
1873 3902 2126 3959 nosmet
2174 3891 2350 3978 ipsos
2387 3889 2420 3942 9

294 3985 426 4050 iam
455 3991 779 4064 revertor,
822 3985 1122 4071 quoniam
1157 3985 1250 4051 sic
1284 3985 1520 4050 fuimus
1559 4009 1808 4073 semper
1853 3986 2226 4073 comparati,
2277 3997 2350 4050 ut
2377 3961 2432 4002 ⁸²

295 4078 623 4146 hominum
660 4081 1055 4148 sermonibus
1111 4080 1294 4166 quasi
1327 4080 1396 4145 in
1432 4079 1687 4164 aliquod
1739 4080 2154 4149 contentionis
2189 4080 2354 4146 iudi-
