2784 4575
728 276 835 332 DE
873 274 1238 332 ORATORE
1272 276 1377 329 111.
1418 276 1728 330 139-145.
2133 260 2261 325 175

200 403 553 471 doctrinam
585 400 761 465 illam
794 422 1048 465 omnem
1088 420 1428 485 rerumque
1475 399 1902 485 cognitionem
1939 420 2084 464 cum
2119 420 2262 461 ora·-

202 498 392 564 tionis
430 494 877 563 exercitatione
930 494 1273 560 coniunxit.
1362 515 1569 578 neque
1613 514 1765 559 vero
1800 491 1924 557 hoc
1957 490 2124 577 fugit
2159 512 2262 554 sa-

199 592 665 680 pientissimum
697 610 917 676 regem
948 588 1339 674 Philippum,
1375 586 1487 672 qui
1519 587 1690 651 hunc
1723 584 2094 651 Alexandro
2129 583 2258 648 filio

202 688 527 753 doctorem
580 684 861 763 accierit,
918 706 958 748 a
991 705 1116 767 quo
1162 683 1388 747 eodem
1423 680 1529 746 ille
1565 692 1631 747 et
1665 680 1895 767 agendi
1947 678 2264 765 acciperet

198 791 541 869 praecepta
576 790 640 845 et
674 778 1028 863 eloquendi.
1116 800 1287 843 nunc
1323 776 1458 843 sive
1495 777 1604 862 qui
1637 776 1836 854 volet,
1875 798 2023 841 eum
2053 772 2258 862 philo·
2296 798 2376 839 142

204 874 494 962 sophum,
531 873 640 959 qui
676 873 924 959 copiam
958 871 1141 938 nobis
1176 894 1390 937 rerum
1427 870 1851 953 orationisque
1887 870 2113 947 tradat,
2146 888 2264 956 per

202 990 305 1033 me
351 967 629 1056 appellet
670 977 985 1033 oratorem
1036 966 1184 1031 licet
1191 992 1211 1045 3
1269 966 1405 1031 siv'e
1457 965 1626 1031 hunc
1677 974 2020 1041 oratorem,
2073 984 2262 1046 quem

205 1085 326 1150 ego
361 1063 505 1127 dico
553 1060 929 1147 sapientiam
968 1060 1251 1125 iunctam
1300 1059 1538 1125 habere
1582 1059 2005 1143 eloquentiae,
2057 1056 2263 1143 philo-

207 1156 477 1243 sophum
512 1154 833 1242 appellare
866 1154 1087 1232 malet,
1138 1176 1270 1219 non
1302 1153 1646 1240 impediam
1654 1178 1675 1232 3
1730 1154 1880 1217 dum
1916 1152 2105 1217 modo
2141 1150 2266 1215 hoc

204 1259 479 1327 constet,
533 1268 739 1331 neque
782 1247 1118 1313 infantiam
1161 1247 1326 1326 eius,
1383 1247 1492 1331 qui
1531 1270 1671 1312 rem
1711 1245 1906 1325 norit,
1964 1245 2078 1312 sed
2121 1266 2264 1309 eam

204 1344 519 1430 explicare
573 1342 839 1409 dicendo
890 1365 1021 1408 non
1074 1354 1291 1427 queat,
1353 1364 1562 1428 neque
1622 1342 2021 1408 inscientiam
2071 1340 2260 1418 illius,

205 1438 306 1503 cui
338 1460 441 1502 res
477 1460 606 1503 non
644 1446 966 1523 suppetat,
1002 1438 1199 1502 verba
1232 1460 1361 1502 non
1397 1436 1634 1515 desint,
1671 1458 1816 1502 esse
1850 1436 2231 1501 laudandam
2241 1460 2259 1512 3

205 1552 474 1616 quorum
519 1530 576 1596 si
610 1531 877 1595 alterum
924 1528 1007 1595 sit
1056 1531 1432 1617 optandum,
1485 1528 1704 1595 malim
1737 1530 2050 1615 ,equidem
2100 1530 2263 1595 indi-

206 1636 439 1691 sertam
472 1623 872 1711 prudentiam
910 1646 1100 1709 quam
1137 1625 1468 1691 stultitiam
1519 1625 1879 1709 loquacem3
1937 1626 2036 1690 sin
2071 1647 2262 1709 quae·
2297 1646 2378 1687 ue

203 1720 401 1785 rimus
465 1718 616 1803 quid
676 1742 876 1784 unum
938 1720 1208 1785 excellat
1256 1742 1339 1785 ex
1390 1720 1684 1786 omnibus
1696 1768 1716 1798 ,
1782 1719 1968 1785 docto
2031 1718 2266 1784 oratori

202 1815 417 1900 palma
451 1814 661 1879 danda
695 1826 793 1879 est
801 1840 820 1893 ;
875 1835 1065 1898 quem
1101 1814 1156 1880 si
1188 1815 1514 1901 patiuntur
1556 1815 1828 1881 eundem
1873 1835 2017 1880 esse
2057 1812 2264 1900 philo·-

208 1908 508 1994 sophum,
548 1909 801 1974 sublata
836 1910 1267 1975 controversia
1301 1920 1401 1975 est
1408 1936 1428 1989 3
1468 1909 1566 1975 sin
1601 1932 1711 1975 eos
1749 1908 2105 1995 diiungent,
2142 1907 2264 1973 hoc

206 2015 391 2068 erunt
441 2003 803 2082 inferiores,
860 2004 1033 2088 quod
1064 2004 1133 2068 in
1177 2015 1426 2070 oratore
1477 2004 1760 2091 perfecto
1803 2003 1972 2068 inest
2012 2002 2266 2068 illorum

206 2097 410 2163 omnis
459 2097 752 2176 scientia,
806 2095 873 2162 in
907 2096 1434 2185 philosophorum
1477 2109 1691 2163 autem
1731 2097 2092 2185 cognitione
2133 2120 2265 2163 non

207 2192 506 2258 continuo
540 2192 711 2257 inest
744 2191 1134 2277 eloquentia3
1180 2214 1345 2277 quae
1382 2191 1672 2278 quamvis
1709 2202 2146 2258 contemnatur
2183 2192 2266 2257 ab

207 2284 328 2361 eiS,
381 2306 646 2351 necesse
684 2297 785 2351 est
817 2296 1033 2352 tamen
1066 2286 1342 2372 aliquem
1378 2286 1706 2352 cumulum
1736 2286 1988 2352 illorum
2025 2285 2264 2352 artibus

206 2377 455 2444 adferre
489 2378 818 2443 videatur?
908 2379 1068 2445 haec
1100 2402 1247 2446 cum
1284 2379 1562 2447 Crassus
1600 2381 1891 2459 dixisset,
1926 2401 2266 2468 parumper

206 2483 273 2538 et
303 2471 444 2560 ipse
480 2472 781 2537 conticuit
816 2482 883 2538 et
914 2475 1140 2540 ceteris
1180 2475 1500 2541 silentium
1534 2476 1676 2540 fuit.

328 2567 497 2632 Tum
549 2563 745 2632 Cotta
796 2566 1175 2650 ‘equidem,'
1228 2568 1436 2651 inquit
1487 2565 1783 2645 ‘Crasse,
1838 2589 1967 2632 non
2002 2588 2264 2652 possum
2299 2562 2418 2616 36-

208 2660 414 2745 queri,
470 2661 644 2744 quod
676 2659 834 2724 mihi
870 2659 1124 2726 videare
1161 2661 1333 2727 aliud
1367 2660 1672 2745 quiddam
1705 2670 1771 2726 et
1803 2683 1932 2724 non
1965 2661 2059 2736 id,
2097 2660 2268 2743 quod
2301 2635 2384 2674 ¹⁴⁴

208 2754 587 2839 susceperis,
616 2753 1005 2839 disputasse3
1040 2754 1186 2840 plus
1214 2754 1384 2820 enim
1414 2754 1734 2840 aliquanto
1765 2751 2047 2830 attulisti,
2076 2774 2267 2836 quam

206 2848 324 2913 tibi
376 2858 513 2913 erat
554 2850 926 2914 attributum
970 2872 1010 2913 a
1044 2848 1231 2916 nobis
1285 2873 1360 2915 ac
1406 2849 1874 2928 denuntiatum3
1930 2847 2045 2913 sed
2097 2857 2267 2914 certe

215 2951 287 3004 ut
306 2965 420 3009 eae
454 2955 667 3030 partes
714 2944 968 3010 fuerunt
1004 2954 1169 3023 tuae,
1206 2945 1287 3011 de
1320 2942 1718 3009 inlustranda
1752 2940 2032 3009 oratione
2065 2953 2139 3008 ut
2174 2941 2272 3005 di-

207 3059 415 3117 ceres,
470 3050 535 3104 et
568 3061 711 3104 eras
744 3039 884 3125 ipse
919 3037 1048 3105 iam
1091 3039 1422 3126 ingressus
1471 3049 1659 3123 atque
1691 3037 1760 3103 in
1795 3045 2090 3122 quattuor
2121 3055 2272 3122 par·-

206 3131 291 3198 tis
336 3155 589 3198 omnem
633 3132 932 3200 orationis
984 3134 1241 3200 laudem
1294 3133 1735 3220 discripseras,
1789 3151 1936 3197 cum
1989 3129 2069 3196 de
2113 3129 2274 3194 dua-

205 3227 331 3291 bus
364 3227 585 3312 primis
621 3227 805 3294 nobis
843 3226 1101 3312 quidem
1137 3229 1323 3307 satis,
1370 3229 1531 3306 sed„
1559 3238 1633 3292 ut
1665 3227 1806 3313 ipse
1842 3225 2128 3301 dicebas,
2165 3245 2268 3288 ce-

209 3319 424 3385 leriter
488 3321 843 3406 exigueque
905 3323 1208 3402 dixisses,
1273 3324 1434 3388 duas
1489 3322 1604 3388 tibi
1663 3320 1938 3404 reliquas
2000 3318 2267 3395 feceras,

210 3434 401 3497 quem
436 3415 519 3477 ad
552 3416 812 3479 modum
844 3415 1117 3502 primum
1152 3429 1391 3495 ornate,
1430 3417 1657 3483 deinde
1694 3415 1885 3481 etiam
1919 3423 2065 3501 apte
2101 3411 2269 3477 dice-

208 3527 455 3572 remus:
508 3528 634 3590 quo
679 3530 825 3573 cum
864 3509 1194 3596 ingressus
1240 3533 1450 3588 esses,
1503 3520 1762 3598 repente
1798 3520 1861 3575 te
1906 3506 2089 3592 quasi
2131 3505 2268 3590 qui-
2303 3527 2388 3569 145

214 3599 362 3664 dam
407 3612 620 3666 aestus
665 3601 906 3687 ingenii
957 3603 1051 3668 tui
1099 3604 1321 3690 procul
1359 3628 1399 3668 a
1433 3615 1602 3671 terra
1653 3601 1928 3688 abripuit
1970 3612 2158 3684 atque
2201 3599 2268 3664 in

213 3693 412 3760 altum
467 3719 507 3760 a
558 3706 905 3782 conspectu
961 3719 1167 3784 paene
1227 3697 1556 3763 hominum
1619 3696 1953 3773 abstraxit3
2016 3717 2270 3760 omnem

214 3787 385 3853 enim
432 3810 647 3856 rerum
702 3787 1033 3856 scientiam
1092 3792 1461 3878 complexus
1515 3814 1644 3857 non
1696 3803 1766 3856 tu
1820 3788 2074 3874 quidem
2127 3809 2269 3852 eam

211 3881 399 3946 nobis
443 3883 785 3962 tradidisti3
838 3905 1047 3969 neque
1098 3885 1267 3951 enim
1317 3885 1441 3950 fuit
1493 3896 1623 3950 tam
1675 3881 1890 3968 exigui
1935 3880 2264 3968 temporis3

215 3974 332 4040 sed
366 3977 537 4062 apud
571 3978 689 4044 hos
726 3977 879 4062 quid
911 3979 1257 4066 profeceris
1291 3979 1530 4058 nescio,
1565 4001 1668 4044 me
1703 3977 1960 4062 quidem
1993 3975 2060 4040 in
2092 3975 2273 4039 Aca-

215 4069 489 4135 demiam
526 4081 725 4137 totum
777 4073 1164 4161 compulisti,
1216 4073 1285 4138 in
1329 4096 1456 4158 qua
1498 4073 1689 4141 velim
1732 4072 1814 4138 sit
1855 4070 2038 4150 illud,
2093 4068 2274 4154 quod
