<?xml version="1.0" encoding="UTF-8"?>
<!DOCTYPE html PUBLIC "-//W3C//DTD XHTML 1.0 Transitional//EN"
    "http://www.w3.org/TR/xhtml1/DTD/xhtml1-transitional.dtd">
<html xmlns="http://www.w3.org/1999/xhtml" xml:lang="en" lang="en">
 <head>
  <title>
</title>
<meta http-equiv="Content-Type" content="text/html;charset=utf-8" />
  <meta name='ocr-system' content='tesseract 3.04.00' />
  <meta name='ocr-capabilities' content='ocr_page ocr_carea ocr_par ocr_line ocrx_word'/>
</head>
<body>
  <div class='ocr_page' id='page_1' title='image "./mtulliiciceroni11unkngoog_0186.png"; bbox 0 0 2784 4575; ppageno 0'>
   <div class='ocr_carea' id='block_1_1' title="bbox 548 248 1988 316">
    <p class='ocr_par' dir='ltr' id='par_1_1' title="bbox 548 248 1988 316">
     <span class='ocr_line' id='line_1_1' title="bbox 548 248 1988 316; baseline -0.003 -2"><span class='ocrx_word' id='word_1_1' title='bbox 548 248 676 315; x_wconf 83' lang='lat'>134</span> <span class='ocrx_word' id='word_1_2' title='bbox 1157 258 1239 314; x_wconf 89' lang='lat' dir='ltr'>M.</span> <span class='ocrx_word' id='word_1_3' title='bbox 1275 255 1550 316; x_wconf 88' lang='lat' dir='ltr'>TULLII</span> <span class='ocrx_word' id='word_1_4' title='bbox 1586 253 1988 313; x_wconf 81' lang='lat' dir='ltr'>CICERONIS</span> 
     </span>
    </p>
   </div>
   <div class='ocr_carea' id='block_1_2' title="bbox 443 376 2715 4139">
    <p class='ocr_par' dir='ltr' id='par_1_2' title="bbox 443 376 2715 4139">
     <span class='ocr_line' id='line_1_2' title="bbox 539 376 2611 467; baseline -0.003 -17"><span class='ocrx_word' id='word_1_5' title='bbox 539 387 694 450; x_wconf 88' lang='lat' dir='ltr'>bata</span> <span class='ocrx_word' id='word_1_6' title='bbox 735 405 865 449; x_wconf 89' lang='lat' dir='ltr'>non</span> <span class='ocrx_word' id='word_1_7' title='bbox 909 380 1018 458; x_wconf 87' lang='lat' dir='ltr'>sit,</span> <span class='ocrx_word' id='word_1_8' title='bbox 1071 379 1419 467; x_wconf 78' lang='lat' dir='ltr'>propositio</span> <span class='ocrx_word' id='word_1_9' title='bbox 1472 401 1602 443; x_wconf 92' lang='lat' dir='ltr'>non</span> <span class='ocrx_word' id='word_1_10' title='bbox 1646 377 1730 442; x_wconf 90' lang='lat' dir='ltr'>sit</span> <span class='ocrx_word' id='word_1_11' title='bbox 1782 376 2375 464; x_wconf 83' lang='lat' dir='ltr'>argumentationis3</span> <span class='ocrx_word' id='word_1_12' title='bbox 2429 377 2611 460; x_wconf 89' lang='lat' dir='ltr'>item,</span> 
     </span>
     <span class='ocr_line' id='line_1_3' title="bbox 544 471 2611 562; baseline -0.003 -18"><span class='ocrx_word' id='word_1_13' title='bbox 544 500 706 562; x_wconf 82' lang='lat' dir='ltr'>quae</span> <span class='ocrx_word' id='word_1_14' title='bbox 742 477 824 542; x_wconf 88' lang='lat' dir='ltr'>ab</span> <span class='ocrx_word' id='word_1_15' title='bbox 858 475 982 540; x_wconf 86' lang='lat' dir='ltr'>illis</span> <span class='ocrx_word' id='word_1_16' title='bbox 1021 473 1380 559; x_wconf 82' lang='lat' dir='ltr'>adsumptio</span> <span class='ocrx_word' id='word_1_17' title='bbox 1418 483 1482 538; x_wconf 92' lang='lat' dir='ltr'>et</span> <span class='ocrx_word' id='word_1_18' title='bbox 1515 471 1979 559; x_wconf 82' lang='lat' dir='ltr'>adsumptionis</span> <span class='ocrx_word' id='word_1_19' title='bbox 2024 471 2397 557; x_wconf 81' lang='lat' dir='ltr'>approbatio</span> <span class='ocrx_word' id='word_1_20' title='bbox 2432 473 2611 538; x_wconf 44' lang='lat' dir='ltr'>dica„</span> 
     </span>
     <span class='ocr_line' id='line_1_4' title="bbox 543 565 2615 654; baseline -0.002 -17"><span class='ocrx_word' id='word_1_21' title='bbox 543 584 672 649; x_wconf 56' lang='lat' dir='ltr'>tur„</span> <span class='ocrx_word' id='word_1_22' title='bbox 719 570 988 636; x_wconf 87' lang='lat' dir='ltr'>eandem</span> <span class='ocrx_word' id='word_1_23' title='bbox 1023 567 1146 634; x_wconf 84' lang='lat' dir='ltr'>sibi</span> <span class='ocrx_word' id='word_1_24' title='bbox 1182 566 1693 654; x_wconf 79' lang='lat' dir='ltr'>adsumptionem</span> <span class='ocrx_word' id='word_1_25' title='bbox 1728 565 1931 631; x_wconf 90' lang='lat' dir='ltr'>solam</span> <span class='ocrx_word' id='word_1_26' title='bbox 1966 566 2185 631; x_wconf 89' lang='lat' dir='ltr'>videri.</span> <span class='ocrx_word' id='word_1_27' title='bbox 2274 567 2367 632; x_wconf 88' lang='lat' dir='ltr'>ita</span> <span class='ocrx_word' id='word_1_28' title='bbox 2397 566 2499 645; x_wconf 78' lang='lat' dir='ltr'>fit,</span> <span class='ocrx_word' id='word_1_29' title='bbox 2536 577 2615 632; x_wconf 91' lang='lat' dir='ltr'>ut</span> 
     </span>
     <span class='ocr_line' id='line_1_5' title="bbox 541 659 2611 747; baseline -0.003 -15"><span class='ocrx_word' id='word_1_30' title='bbox 541 666 767 732; x_wconf 87' lang='lat' dir='ltr'>eadem</span> <span class='ocrx_word' id='word_1_31' title='bbox 799 663 1042 729; x_wconf 86' lang='lat' dir='ltr'>ratione</span> <span class='ocrx_word' id='word_1_32' title='bbox 1079 659 1541 747; x_wconf 80' lang='lat' dir='ltr'>argumentatio</span> <span class='ocrx_word' id='word_1_33' title='bbox 1588 670 1855 725; x_wconf 84' lang='lat' dir='ltr'>tractata</span> <span class='ocrx_word' id='word_1_34' title='bbox 1888 659 2029 725; x_wconf 84' lang='lat' dir='ltr'>aliis</span> <span class='ocrx_word' id='word_1_35' title='bbox 2074 659 2407 746; x_wconf 84' lang='lat' dir='ltr'>tripertita,</span> <span class='ocrx_word' id='word_1_36' title='bbox 2462 660 2611 726; x_wconf 81' lang='lat' dir='ltr'>aliis</span> 
     </span>
     <span class='ocr_line' id='line_1_6' title="bbox 543 753 2613 846; baseline -0.001 -22"><span class='ocrx_word' id='word_1_37' title='bbox 543 756 1048 846; x_wconf 86' lang='lat' dir='ltr'>quinquepertita</span> <span class='ocrx_word' id='word_1_38' title='bbox 1090 755 1408 832; x_wconf 82' lang='lat' dir='ltr'>videatur3</span> <span class='ocrx_word' id='word_1_39' title='bbox 1463 776 1591 839; x_wconf 85' lang='lat' dir='ltr'>qua</span> <span class='ocrx_word' id='word_1_40' title='bbox 1630 775 1703 820; x_wconf 89' lang='lat' dir='ltr'>re</span> <span class='ocrx_word' id='word_1_41' title='bbox 1748 753 1985 832; x_wconf 87' lang='lat' dir='ltr'>evenit,</span> <span class='ocrx_word' id='word_1_42' title='bbox 2034 763 2109 819; x_wconf 88' lang='lat' dir='ltr'>ut</span> <span class='ocrx_word' id='word_1_43' title='bbox 2149 775 2255 820; x_wconf 89' lang='lat' dir='ltr'>res</span> <span class='ocrx_word' id='word_1_44' title='bbox 2299 776 2429 820; x_wconf 91' lang='lat' dir='ltr'>non</span> <span class='ocrx_word' id='word_1_45' title='bbox 2472 765 2613 822; x_wconf 83' lang='lat' dir='ltr'>tam</span> 
     </span>
     <span class='ocr_line' id='line_1_7' title="bbox 543 847 2614 936; baseline -0.002 -18"><span class='ocrx_word' id='word_1_46' title='bbox 543 853 626 930; x_wconf 84' lang='lat' dir='ltr'>ad</span> <span class='ocrx_word' id='word_1_47' title='bbox 658 875 848 918; x_wconf 90' lang='lat' dir='ltr'>usum</span> <span class='ocrx_word' id='word_1_48' title='bbox 883 848 1134 916; x_wconf 88' lang='lat' dir='ltr'>dicendi</span> <span class='ocrx_word' id='word_1_49' title='bbox 1165 848 1481 936; x_wconf 77' lang='lat' dir='ltr'>pertineat</span> <span class='ocrx_word' id='word_1_50' title='bbox 1516 869 1707 932; x_wconf 86' lang='lat' dir='ltr'>quam</span> <span class='ocrx_word' id='word_1_51' title='bbox 1742 848 1824 912; x_wconf 84' lang='lat' dir='ltr'>ad</span> <span class='ocrx_word' id='word_1_52' title='bbox 1858 847 2169 914; x_wconf 89' lang='lat' dir='ltr'>rationem</span> <span class='ocrx_word' id='word_1_53' title='bbox 2212 847 2614 936; x_wconf 82' lang='lat' dir='ltr'>praeceptio-</span> 
     </span>
     <span class='ocr_line' id='line_1_8' title="bbox 448 941 2611 1028; baseline -0.004 -12"><span class='ocrx_word' id='word_1_54' title='bbox 448 976 499 1016; x_wconf 76' lang='grc' dir='ltr'>ει</span> <span class='ocrx_word' id='word_1_55' title='bbox 541 946 662 1012; x_wconf 88' lang='lat' dir='ltr'>nis.</span> <span class='ocrx_word' id='word_1_56' title='bbox 750 945 936 1015; x_wconf 88' lang='lat' dir='ltr'>nobis</span> <span class='ocrx_word' id='word_1_57' title='bbox 983 953 1196 1010; x_wconf 89' lang='lat' dir='ltr'>autem</span> <span class='ocrx_word' id='word_1_58' title='bbox 1241 941 1629 1008; x_wconf 74' lang='lat' dir='ltr'>commodior</span> <span class='ocrx_word' id='word_1_59' title='bbox 1680 941 1793 1006; x_wconf 87' lang='lat' dir='ltr'>illa</span> <span class='ocrx_word' id='word_1_60' title='bbox 1840 941 2095 1028; x_wconf 84' lang='lat' dir='ltr'>partitio</span> <span class='ocrx_word' id='word_1_61' title='bbox 2146 941 2397 1008; x_wconf 82' lang='lat' dir='ltr'>videtur</span> <span class='ocrx_word' id='word_1_62' title='bbox 2440 963 2611 1020; x_wconf 86' lang='lat' dir='ltr'>esse,</span> 
     </span>
     <span class='ocr_line' id='line_1_9' title="bbox 545 1035 2614 1144; baseline -0.003 -38"><span class='ocrx_word' id='word_1_63' title='bbox 545 1062 706 1126; x_wconf 83' lang='lat' dir='ltr'>quae</span> <span class='ocrx_word' id='word_1_64' title='bbox 739 1039 809 1104; x_wconf 89' lang='lat' dir='ltr'>in</span> <span class='ocrx_word' id='word_1_65' title='bbox 845 1038 1124 1122; x_wconf 88' lang='lat' dir='ltr'>quinque</span> <span class='ocrx_word' id='word_1_66' title='bbox 1155 1036 1356 1124; x_wconf 88' lang='lat' dir='ltr'>partis</span> <span class='ocrx_word' id='word_1_67' title='bbox 1393 1035 1630 1102; x_wconf 87' lang='lat' dir='ltr'>tributa</span> <span class='ocrx_word' id='word_1_68' title='bbox 1664 1046 1789 1114; x_wconf 87' lang='lat' dir='ltr'>est,</span> <span class='ocrx_word' id='word_1_69' title='bbox 1834 1056 2029 1144; x_wconf 84' lang='lat' dir='ltr'>quam</span> <span class='ocrx_word' id='word_1_70' title='bbox 2072 1057 2293 1103; x_wconf 90' lang='lat' dir='ltr'>omnes</span> <span class='ocrx_word' id='word_1_71' title='bbox 2340 1037 2421 1101; x_wconf 86' lang='lat' dir='ltr'>ab</span> <span class='ocrx_word' id='word_1_72' title='bbox 2454 1035 2614 1100; x_wconf 87' lang='lat' dir='ltr'>Ari-</span> 
     </span>
     <span class='ocr_line' id='line_1_10' title="bbox 547 1129 2612 1239; baseline -0.002 -39"><span class='ocrx_word' id='word_1_73' title='bbox 547 1134 776 1201; x_wconf 87' lang='lat' dir='ltr'>stotele</span> <span class='ocrx_word' id='word_1_74' title='bbox 811 1142 877 1197; x_wconf 90' lang='lat' dir='ltr'>et</span> <span class='ocrx_word' id='word_1_75' title='bbox 909 1131 1357 1217; x_wconf 84' lang='lat' dir='ltr'>Theophrasto</span> <span class='ocrx_word' id='word_1_76' title='bbox 1390 1130 1694 1239; x_wconf 50' lang='lat' dir='ltr'>profecti·</span> <span class='ocrx_word' id='word_1_77' title='bbox 1697 1129 1973 1196; x_wconf 84' lang='lat' dir='ltr'>maxime</span> <span class='ocrx_word' id='word_1_78' title='bbox 2008 1130 2209 1196; x_wconf 86' lang='lat' dir='ltr'>secuti</span> <span class='ocrx_word' id='word_1_79' title='bbox 2246 1139 2421 1208; x_wconf 81' lang='lat' dir='ltr'>sunt3</span> <span class='ocrx_word' id='word_1_80' title='bbox 2456 1153 2612 1196; x_wconf 86' lang='lat' dir='ltr'>nam</span> 
     </span>
     <span class='ocr_line' id='line_1_11' title="bbox 546 1223 2611 1313; baseline -0.001 -22"><span class='ocrx_word' id='word_1_81' title='bbox 546 1249 737 1313; x_wconf 90' lang='lat' dir='ltr'>quem</span> <span class='ocrx_word' id='word_1_82' title='bbox 798 1225 880 1290; x_wconf 89' lang='lat' dir='ltr'>ad</span> <span class='ocrx_word' id='word_1_83' title='bbox 942 1225 1203 1290; x_wconf 89' lang='lat' dir='ltr'>modum</span> <span class='ocrx_word' id='word_1_84' title='bbox 1261 1223 1423 1290; x_wconf 85' lang='lat' dir='ltr'>illud</span> <span class='ocrx_word' id='word_1_85' title='bbox 1484 1223 1773 1310; x_wconf 90' lang='lat' dir='ltr'>superius</span> <span class='ocrx_word' id='word_1_86' title='bbox 1834 1246 2039 1312; x_wconf 87' lang='lat' dir='ltr'>genus</span> <span class='ocrx_word' id='word_1_87' title='bbox 2102 1224 2611 1312; x_wconf 83' lang='lat' dir='ltr'>argumentandi,</span> 
     </span>
     <span class='ocr_line' id='line_1_12' title="bbox 549 1311 2612 1406; baseline -0.001 -20"><span class='ocrx_word' id='word_1_88' title='bbox 549 1321 720 1406; x_wconf 90' lang='lat' dir='ltr'>quod</span> <span class='ocrx_word' id='word_1_89' title='bbox 749 1341 866 1406; x_wconf 89' lang='lat' dir='ltr'>per</span> <span class='ocrx_word' id='word_1_90' title='bbox 907 1318 1336 1383; x_wconf 77' lang='lat' dir='ltr'>inductionem</span> <span class='ocrx_word' id='word_1_91' title='bbox 1379 1311 1675 1396; x_wconf 85' lang='lat' dir='ltr'>sumitur,</span> <span class='ocrx_word' id='word_1_92' title='bbox 1720 1318 1997 1384; x_wconf 80' lang='lat' dir='ltr'>maxime</span> <span class='ocrx_word' id='word_1_93' title='bbox 2032 1315 2336 1384; x_wconf 84' lang='lat' dir='ltr'>Socrates</span> <span class='ocrx_word' id='word_1_94' title='bbox 2380 1328 2447 1382; x_wconf 88' lang='lat' dir='ltr'>et</span> <span class='ocrx_word' id='word_1_95' title='bbox 2482 1313 2612 1384; x_wconf 87' lang='lat' dir='ltr'>So-</span> 
     </span>
     <span class='ocr_line' id='line_1_13' title="bbox 547 1411 2611 1500; baseline -0.001 -21"><span class='ocrx_word' id='word_1_96' title='bbox 547 1414 764 1480; x_wconf 88' lang='lat' dir='ltr'>cratici</span> <span class='ocrx_word' id='word_1_97' title='bbox 799 1421 1172 1489; x_wconf 80' lang='lat' dir='ltr'>tractarunt,</span> <span class='ocrx_word' id='word_1_98' title='bbox 1221 1411 1316 1478; x_wconf 89' lang='lat' dir='ltr'>sic</span> <span class='ocrx_word' id='word_1_99' title='bbox 1356 1412 1509 1490; x_wconf 91' lang='lat' dir='ltr'>hoc,</span> <span class='ocrx_word' id='word_1_100' title='bbox 1554 1412 1727 1496; x_wconf 90' lang='lat' dir='ltr'>quod</span> <span class='ocrx_word' id='word_1_101' title='bbox 1758 1433 1875 1500; x_wconf 88' lang='lat' dir='ltr'>per</span> <span class='ocrx_word' id='word_1_102' title='bbox 1915 1411 2461 1477; x_wconf 82' lang='lat' dir='ltr'>ratiocinationem</span> <span class='ocrx_word' id='word_1_103' title='bbox 2494 1434 2611 1476; x_wconf 83' lang='lat' dir='ltr'>ex-</span> 
     </span>
     <span class='ocr_line' id='line_1_14' title="bbox 544 1501 2609 1596; baseline -0.002 -22"><span class='ocrx_word' id='word_1_104' title='bbox 544 1506 808 1596; x_wconf 87' lang='lat' dir='ltr'>politur,</span> <span class='ocrx_word' id='word_1_105' title='bbox 856 1527 1103 1572; x_wconf 88' lang='lat' dir='ltr'>summe</span> <span class='ocrx_word' id='word_1_106' title='bbox 1149 1517 1248 1570; x_wconf 88' lang='lat' dir='ltr'>est</span> <span class='ocrx_word' id='word_1_107' title='bbox 1291 1506 1372 1571; x_wconf 87' lang='lat' dir='ltr'>ab</span> <span class='ocrx_word' id='word_1_108' title='bbox 1406 1505 1757 1573; x_wconf 76' lang='lat' dir='ltr'>Aristotele</span> <span class='ocrx_word' id='word_1_109' title='bbox 1805 1501 2023 1591; x_wconf 86' lang='lat' dir='ltr'>[atque</span> <span class='ocrx_word' id='word_1_110' title='bbox 2060 1529 2099 1570; x_wconf 89' lang='lat' dir='ltr'>a</span> <span class='ocrx_word' id='word_1_111' title='bbox 2130 1503 2609 1592; x_wconf 84' lang='lat' dir='ltr'>Peripateticis]</span> 
     </span>
     <span class='ocr_line' id='line_1_15' title="bbox 547 1599 2610 1688; baseline -0.001 -21"><span class='ocrx_word' id='word_1_112' title='bbox 547 1611 612 1668; x_wconf 89' lang='lat' dir='ltr'>et</span> <span class='ocrx_word' id='word_1_113' title='bbox 663 1600 1108 1688; x_wconf 81' lang='lat' dir='ltr'>Theophrasto</span> <span class='ocrx_word' id='word_1_114' title='bbox 1160 1599 1655 1684; x_wconf 83' lang='lat' dir='ltr'>frequentatum,</span> <span class='ocrx_word' id='word_1_115' title='bbox 1710 1599 1940 1666; x_wconf 88' lang='lat' dir='ltr'>deinde</span> <span class='ocrx_word' id='word_1_116' title='bbox 1991 1623 2032 1664; x_wconf 86' lang='lat' dir='ltr'>a</span> <span class='ocrx_word' id='word_1_117' title='bbox 2078 1599 2437 1665; x_wconf 83' lang='lat' dir='ltr'>rhetoribus</span> <span class='ocrx_word' id='word_1_118' title='bbox 2491 1599 2610 1678; x_wconf 75' lang='lat' dir='ltr'>eiS,</span> 
     </span>
     <span class='ocr_line' id='line_1_16' title="bbox 546 1693 2615 1782; baseline -0.001 -20"><span class='ocrx_word' id='word_1_119' title='bbox 546 1694 655 1780; x_wconf 88' lang='lat' dir='ltr'>qui</span> <span class='ocrx_word' id='word_1_120' title='bbox 698 1693 1156 1782; x_wconf 85' lang='lat' dir='ltr'>elegantissimi</span> <span class='ocrx_word' id='word_1_121' title='bbox 1199 1704 1388 1778; x_wconf 88' lang='lat' dir='ltr'>atque</span> <span class='ocrx_word' id='word_1_122' title='bbox 1433 1693 1935 1761; x_wconf 85' lang='lat' dir='ltr'>artificiosissimi</span> <span class='ocrx_word' id='word_1_123' title='bbox 1975 1695 2180 1782; x_wconf 85' lang='lat' dir='ltr'>putati</span> <span class='ocrx_word' id='word_1_124' title='bbox 2224 1705 2391 1760; x_wconf 85' lang='lat' dir='ltr'>sunt.</span> <span class='ocrx_word' id='word_1_125' title='bbox 2482 1717 2615 1778; x_wconf 87' lang='lat' dir='ltr'>qua</span> 
     </span>
     <span class='ocr_line' id='line_1_17' title="bbox 543 1787 2611 1876; baseline 0 -22"><span class='ocrx_word' id='word_1_126' title='bbox 543 1813 614 1856; x_wconf 89' lang='lat' dir='ltr'>re</span> <span class='ocrx_word' id='word_1_127' title='bbox 661 1801 874 1855; x_wconf 85' lang='lat' dir='ltr'>autem</span> <span class='ocrx_word' id='word_1_128' title='bbox 917 1787 1102 1855; x_wconf 90' lang='lat' dir='ltr'>nobis</span> <span class='ocrx_word' id='word_1_129' title='bbox 1155 1788 1266 1853; x_wconf 87' lang='lat' dir='ltr'>illa</span> <span class='ocrx_word' id='word_1_130' title='bbox 1315 1788 1525 1874; x_wconf 84' lang='lat' dir='ltr'>magis</span> <span class='ocrx_word' id='word_1_131' title='bbox 1576 1788 1831 1874; x_wconf 88' lang='lat' dir='ltr'>partitio</span> <span class='ocrx_word' id='word_1_132' title='bbox 1882 1789 2213 1876; x_wconf 85' lang='lat' dir='ltr'>probetur,</span> <span class='ocrx_word' id='word_1_133' title='bbox 2269 1789 2611 1854; x_wconf 85' lang='lat' dir='ltr'>dicendum</span> 
     </span>
     <span class='ocr_line' id='line_1_18' title="bbox 544 1880 2606 1968; baseline 0 -20"><span class='ocrx_word' id='word_1_134' title='bbox 544 1883 814 1960; x_wconf 83' lang='lat' dir='ltr'>videtur,</span> <span class='ocrx_word' id='word_1_135' title='bbox 853 1905 935 1948; x_wconf 89' lang='lat' dir='ltr'>ne</span> <span class='ocrx_word' id='word_1_136' title='bbox 971 1892 1208 1946; x_wconf 88' lang='lat' dir='ltr'>temere</span> <span class='ocrx_word' id='word_1_137' title='bbox 1243 1880 1447 1946; x_wconf 87' lang='lat' dir='ltr'>secuti</span> <span class='ocrx_word' id='word_1_138' title='bbox 1478 1891 1775 1968; x_wconf 88' lang='lat' dir='ltr'>putemur</span> <span class='ocrx_word' id='word_1_139' title='bbox 1782 1907 1803 1962; x_wconf 80' lang='lat'>3</span> <span class='ocrx_word' id='word_1_140' title='bbox 1840 1893 1905 1948; x_wconf 91' lang='lat' dir='ltr'>et</span> <span class='ocrx_word' id='word_1_141' title='bbox 1938 1883 2213 1949; x_wconf 86' lang='lat' dir='ltr'>breviter</span> <span class='ocrx_word' id='word_1_142' title='bbox 2247 1883 2606 1960; x_wconf 89' lang='lat' dir='ltr'>dicendum,</span> 
     </span>
     <span class='ocr_line' id='line_1_19' title="bbox 545 1974 2608 2088; baseline 0 -48"><span class='ocrx_word' id='word_1_143' title='bbox 545 1999 628 2041; x_wconf 90' lang='lat' dir='ltr'>ne</span> <span class='ocrx_word' id='word_1_144' title='bbox 661 1976 730 2040; x_wconf 91' lang='lat' dir='ltr'>in</span> <span class='ocrx_word' id='word_1_145' title='bbox 763 1975 952 2040; x_wconf 89' lang='lat' dir='ltr'>huius</span> <span class='ocrx_word' id='word_1_146' title='bbox 988 1974 1164 2038; x_wconf 90' lang='lat' dir='ltr'>modi</span> <span class='ocrx_word' id='word_1_147' title='bbox 1196 1975 1388 2041; x_wconf 90' lang='lat' dir='ltr'>rebus</span> <span class='ocrx_word' id='word_1_148' title='bbox 1428 1974 1695 2054; x_wconf 87' lang='lat' dir='ltr'>diutius,</span> <span class='ocrx_word' id='word_1_149' title='bbox 1740 1998 1961 2088; x_wconf 48' lang='lat' dir='ltr'>quam·</span> <span class='ocrx_word' id='word_1_150' title='bbox 1974 1977 2135 2043; x_wconf 88' lang='lat' dir='ltr'>ratio</span> <span class='ocrx_word' id='word_1_151' title='bbox 2176 1975 2608 2064; x_wconf 87' lang='lat' dir='ltr'>praecipiendi</span> 
     </span>
     <span class='ocr_line' id='line_1_20' title="bbox 443 2069 2607 2158; baseline 0 -23"><span class='ocrx_word' id='word_1_152' title='bbox 443 2073 512 2126; x_wconf 88' lang='grc'>36</span> <span class='ocrx_word' id='word_1_153' title='bbox 545 2070 854 2157; x_wconf 88' lang='lat' dir='ltr'>postulat,</span> <span class='ocrx_word' id='word_1_154' title='bbox 919 2091 1401 2137; x_wconf 84' lang='lat' dir='ltr'>commoremur.</span> <span class='ocrx_word' id='word_1_155' title='bbox 1510 2069 1567 2135; x_wconf 90' lang='lat' dir='ltr'>si</span> <span class='ocrx_word' id='word_1_156' title='bbox 1618 2071 1891 2155; x_wconf 86' lang='lat' dir='ltr'>quadam</span> <span class='ocrx_word' id='word_1_157' title='bbox 1940 2071 2009 2136; x_wconf 88' lang='lat' dir='ltr'>in</span> <span class='ocrx_word' id='word_1_158' title='bbox 2062 2070 2607 2158; x_wconf 86' lang='lat' dir='ltr'>argumentatione</span> 
     </span>
     <span class='ocr_line' id='line_1_21' title="bbox 453 2143 2608 2274; baseline 0 -45"><span class='ocrx_word' id='word_1_159' title='bbox 453 2143 504 2184; x_wconf 75' lang='lat'>⁶²</span> <span class='ocrx_word' id='word_1_160' title='bbox 549 2163 703 2229; x_wconf 87' lang='lat' dir='ltr'>satis</span> <span class='ocrx_word' id='word_1_161' title='bbox 741 2173 840 2229; x_wconf 90' lang='lat' dir='ltr'>est</span> <span class='ocrx_word' id='word_1_162' title='bbox 872 2162 966 2228; x_wconf 90' lang='lat' dir='ltr'>uti</span> <span class='ocrx_word' id='word_1_163' title='bbox 998 2162 1431 2272; x_wconf 85' lang='lat' dir='ltr'>propositione</span> <span class='ocrx_word' id='word_1_164' title='bbox 1466 2174 1533 2229; x_wconf 91' lang='lat' dir='ltr'>et</span> <span class='ocrx_word' id='word_1_165' title='bbox 1565 2187 1695 2230; x_wconf 88' lang='lat' dir='ltr'>non</span> <span class='ocrx_word' id='word_1_166' title='bbox 1730 2177 1981 2252; x_wconf 85' lang='lat' dir='ltr'>oportet</span> <span class='ocrx_word' id='word_1_167' title='bbox 2006 2165 2351 2252; x_wconf 84' lang='lat' dir='ltr'>adiungere</span> <span class='ocrx_word' id='word_1_168' title='bbox 2379 2187 2608 2274; x_wconf 88' lang='lat' dir='ltr'>appro-</span> 
     </span>
     <span class='ocr_line' id='line_1_22' title="bbox 545 2255 2607 2347; baseline 0.001 -22"><span class='ocrx_word' id='word_1_169' title='bbox 545 2256 868 2325; x_wconf 90' lang='lat' dir='ltr'>bationem</span> <span class='ocrx_word' id='word_1_170' title='bbox 900 2255 1347 2345; x_wconf 86' lang='lat' dir='ltr'>propositioni,</span> <span class='ocrx_word' id='word_1_171' title='bbox 1393 2258 1669 2343; x_wconf 86' lang='lat' dir='ltr'>quadam</span> <span class='ocrx_word' id='word_1_172' title='bbox 1714 2269 1926 2325; x_wconf 84' lang='lat' dir='ltr'>autem</span> <span class='ocrx_word' id='word_1_173' title='bbox 1958 2258 2025 2325; x_wconf 88' lang='lat' dir='ltr'>in</span> <span class='ocrx_word' id='word_1_174' title='bbox 2062 2259 2607 2347; x_wconf 86' lang='lat' dir='ltr'>argumentatione</span> 
     </span>
     <span class='ocr_line' id='line_1_23' title="bbox 544 2352 2611 2441; baseline 0 -22"><span class='ocrx_word' id='word_1_175' title='bbox 544 2353 796 2419; x_wconf 87' lang='lat' dir='ltr'>infirma</span> <span class='ocrx_word' id='word_1_176' title='bbox 839 2364 938 2419; x_wconf 88' lang='lat' dir='ltr'>est</span> <span class='ocrx_word' id='word_1_177' title='bbox 979 2352 1357 2439; x_wconf 84' lang='lat' dir='ltr'>propositio,</span> <span class='ocrx_word' id='word_1_178' title='bbox 1412 2353 1538 2419; x_wconf 85' lang='lat' dir='ltr'>nisi</span> <span class='ocrx_word' id='word_1_179' title='bbox 1580 2354 1879 2423; x_wconf 84' lang='lat' dir='ltr'>adiuncta</span> <span class='ocrx_word' id='word_1_180' title='bbox 1922 2354 2007 2421; x_wconf 86' lang='lat' dir='ltr'>sit</span> <span class='ocrx_word' id='word_1_181' title='bbox 2048 2353 2451 2441; x_wconf 84' lang='lat' dir='ltr'>approbatio,</span> <span class='ocrx_word' id='word_1_182' title='bbox 2506 2375 2611 2419; x_wconf 88' lang='lat' dir='ltr'>se-</span> 
     </span>
     <span class='ocr_line' id='line_1_24' title="bbox 544 2445 2611 2535; baseline 0 -22"><span class='ocrx_word' id='word_1_183' title='bbox 544 2456 838 2534; x_wconf 87' lang='lat' dir='ltr'>paratum</span> <span class='ocrx_word' id='word_1_184' title='bbox 889 2457 990 2513; x_wconf 90' lang='lat' dir='ltr'>est</span> <span class='ocrx_word' id='word_1_185' title='bbox 1042 2445 1342 2531; x_wconf 87' lang='lat' dir='ltr'>quiddam</span> <span class='ocrx_word' id='word_1_186' title='bbox 1398 2468 1439 2510; x_wconf 88' lang='lat' dir='ltr'>a</span> <span class='ocrx_word' id='word_1_187' title='bbox 1488 2447 1921 2534; x_wconf 89' lang='lat' dir='ltr'>propositione</span> <span class='ocrx_word' id='word_1_188' title='bbox 1974 2447 2373 2535; x_wconf 87' lang='lat' dir='ltr'>approbatio;</span> <span class='ocrx_word' id='word_1_189' title='bbox 2434 2447 2611 2531; x_wconf 91' lang='lat' dir='ltr'>quod</span> 
     </span>
     <span class='ocr_line' id='line_1_25' title="bbox 547 2541 2609 2630; baseline -0.001 -21"><span class='ocrx_word' id='word_1_190' title='bbox 547 2542 716 2609; x_wconf 90' lang='lat' dir='ltr'>enim</span> <span class='ocrx_word' id='word_1_191' title='bbox 769 2553 834 2609; x_wconf 87' lang='lat' dir='ltr'>et</span> <span class='ocrx_word' id='word_1_192' title='bbox 885 2541 1148 2629; x_wconf 91' lang='lat' dir='ltr'>adiungi</span> <span class='ocrx_word' id='word_1_193' title='bbox 1199 2552 1264 2606; x_wconf 91' lang='lat' dir='ltr'>et</span> <span class='ocrx_word' id='word_1_194' title='bbox 1315 2542 1597 2629; x_wconf 85' lang='lat' dir='ltr'>separari</span> <span class='ocrx_word' id='word_1_195' title='bbox 1650 2543 1731 2608; x_wconf 89' lang='lat' dir='ltr'>ab</span> <span class='ocrx_word' id='word_1_196' title='bbox 1786 2542 1995 2627; x_wconf 86' lang='lat' dir='ltr'>aliquo</span> <span class='ocrx_word' id='word_1_197' title='bbox 2054 2554 2296 2630; x_wconf 88' lang='lat' dir='ltr'>potest,</span> <span class='ocrx_word' id='word_1_198' title='bbox 2356 2542 2425 2607; x_wconf 89' lang='lat' dir='ltr'>id</span> <span class='ocrx_word' id='word_1_199' title='bbox 2476 2565 2609 2607; x_wconf 91' lang='lat' dir='ltr'>non</span> 
     </span>
     <span class='ocr_line' id='line_1_26' title="bbox 543 2636 2611 2727; baseline -0.002 -21"><span class='ocrx_word' id='word_1_200' title='bbox 543 2648 759 2727; x_wconf 88' lang='lat' dir='ltr'>potest</span> <span class='ocrx_word' id='word_1_201' title='bbox 789 2637 962 2704; x_wconf 90' lang='lat' dir='ltr'>idem</span> <span class='ocrx_word' id='word_1_202' title='bbox 1004 2659 1176 2715; x_wconf 89' lang='lat' dir='ltr'>esse,</span> <span class='ocrx_word' id='word_1_203' title='bbox 1235 2637 1407 2721; x_wconf 89' lang='lat' dir='ltr'>quod</span> <span class='ocrx_word' id='word_1_204' title='bbox 1440 2647 1539 2701; x_wconf 87' lang='lat' dir='ltr'>est</span> <span class='ocrx_word' id='word_1_205' title='bbox 1578 2636 1674 2716; x_wconf 92' lang='lat' dir='ltr'>id,</span> <span class='ocrx_word' id='word_1_206' title='bbox 1731 2637 1814 2702; x_wconf 85' lang='lat' dir='ltr'>ad</span> <span class='ocrx_word' id='word_1_207' title='bbox 1848 2637 2021 2722; x_wconf 91' lang='lat' dir='ltr'>quod</span> <span class='ocrx_word' id='word_1_208' title='bbox 2072 2637 2435 2724; x_wconf 86' lang='lat' dir='ltr'>adiungitur</span> <span class='ocrx_word' id='word_1_209' title='bbox 2468 2648 2535 2703; x_wconf 89' lang='lat' dir='ltr'>et</span> <span class='ocrx_word' id='word_1_210' title='bbox 2568 2660 2611 2701; x_wconf 84' lang='lat' dir='ltr'>a</span> 
     </span>
     <span class='ocr_line' id='line_1_27' title="bbox 548 2730 2715 2819; baseline -0.001 -22"><span class='ocrx_word' id='word_1_211' title='bbox 548 2755 672 2817; x_wconf 88' lang='lat' dir='ltr'>quo</span> <span class='ocrx_word' id='word_1_212' title='bbox 711 2742 1040 2819; x_wconf 87' lang='lat' dir='ltr'>separatur</span> <span class='ocrx_word' id='word_1_213' title='bbox 1051 2756 1071 2809; x_wconf 85' lang='lat'>3</span> <span class='ocrx_word' id='word_1_214' title='bbox 1120 2741 1221 2796; x_wconf 90' lang='lat' dir='ltr'>est</span> <span class='ocrx_word' id='word_1_215' title='bbox 1255 2741 1468 2797; x_wconf 88' lang='lat' dir='ltr'>autem</span> <span class='ocrx_word' id='word_1_216' title='bbox 1504 2731 1819 2814; x_wconf 82' lang='lat' dir='ltr'>quaedam</span> <span class='ocrx_word' id='word_1_217' title='bbox 1854 2731 2342 2819; x_wconf 86' lang='lat' dir='ltr'>argumentatio,</span> <span class='ocrx_word' id='word_1_218' title='bbox 2376 2730 2446 2795; x_wconf 91' lang='lat' dir='ltr'>in</span> <span class='ocrx_word' id='word_1_219' title='bbox 2480 2752 2611 2815; x_wconf 87' lang='lat' dir='ltr'>qua</span> <span class='ocrx_word' id='word_1_220' title='bbox 2711 2746 2715 2751; x_wconf 80' lang='grc'>’</span> 
     </span>
     <span class='ocr_line' id='line_1_28' title="bbox 543 2824 2612 2913; baseline -0.001 -22"><span class='ocrx_word' id='word_1_221' title='bbox 543 2826 890 2913; x_wconf 85' lang='lat' dir='ltr'>propositio</span> <span class='ocrx_word' id='word_1_222' title='bbox 934 2849 1068 2892; x_wconf 88' lang='lat' dir='ltr'>non</span> <span class='ocrx_word' id='word_1_223' title='bbox 1109 2825 1354 2913; x_wconf 88' lang='lat' dir='ltr'>indiget</span> <span class='ocrx_word' id='word_1_224' title='bbox 1389 2824 1892 2913; x_wconf 86' lang='lat' dir='ltr'>approbationis,</span> <span class='ocrx_word' id='word_1_225' title='bbox 1944 2835 2017 2890; x_wconf 86' lang='lat' dir='ltr'>ut</span> <span class='ocrx_word' id='word_1_226' title='bbox 2059 2825 2497 2903; x_wconf 89' lang='lat' dir='ltr'>ostendemus,</span> <span class='ocrx_word' id='word_1_227' title='bbox 2544 2835 2612 2889; x_wconf 90' lang='lat' dir='ltr'>et</span> 
     </span>
     <span class='ocr_line' id='line_1_29' title="bbox 547 2918 2611 3008; baseline -0 -23"><span class='ocrx_word' id='word_1_228' title='bbox 547 2919 885 3004; x_wconf 88' lang='lat' dir='ltr'>quaedam,</span> <span class='ocrx_word' id='word_1_229' title='bbox 929 2919 998 2983; x_wconf 92' lang='lat' dir='ltr'>in</span> <span class='ocrx_word' id='word_1_230' title='bbox 1041 2940 1169 3003; x_wconf 89' lang='lat' dir='ltr'>qua</span> <span class='ocrx_word' id='word_1_231' title='bbox 1201 2918 1358 2984; x_wconf 88' lang='lat' dir='ltr'>nihil</span> <span class='ocrx_word' id='word_1_232' title='bbox 1396 2920 1566 2985; x_wconf 85' lang='lat' dir='ltr'>valet</span> <span class='ocrx_word' id='word_1_233' title='bbox 1602 2919 1761 2985; x_wconf 78' lang='lat' dir='ltr'>sine‘</span> <span class='ocrx_word' id='word_1_234' title='bbox 1775 2920 2258 3007; x_wconf 80' lang='lat' dir='ltr'>approbatione:</span> <span class='ocrx_word' id='word_1_235' title='bbox 2316 2930 2611 3008; x_wconf 86' lang='lat' dir='ltr'>separata</span> 
     </span>
     <span class='ocr_line' id='line_1_30' title="bbox 543 3013 2610 3103; baseline 0 -24"><span class='ocrx_word' id='word_1_236' title='bbox 543 3013 739 3101; x_wconf 86' lang='lat' dir='ltr'>igitur</span> <span class='ocrx_word' id='word_1_237' title='bbox 783 3024 882 3079; x_wconf 89' lang='lat' dir='ltr'>est</span> <span class='ocrx_word' id='word_1_238' title='bbox 927 3036 966 3079; x_wconf 88' lang='lat' dir='ltr'>a</span> <span class='ocrx_word' id='word_1_239' title='bbox 1005 3013 1439 3100; x_wconf 87' lang='lat' dir='ltr'>propositione</span> <span class='ocrx_word' id='word_1_240' title='bbox 1494 3014 1883 3103; x_wconf 87' lang='lat' dir='ltr'>approbatio.</span> <span class='ocrx_word' id='word_1_241' title='bbox 1974 3016 2339 3081; x_wconf 87' lang='lat' dir='ltr'>ostendetur</span> <span class='ocrx_word' id='word_1_242' title='bbox 2393 3024 2610 3079; x_wconf 84' lang='lat' dir='ltr'>autem</span> 
     </span>
     <span class='ocr_line' id='line_1_31' title="bbox 545 3106 2611 3196; baseline 0 -25"><span class='ocrx_word' id='word_1_243' title='bbox 545 3108 640 3185; x_wconf 91' lang='lat' dir='ltr'>id,</span> <span class='ocrx_word' id='word_1_244' title='bbox 696 3108 868 3191; x_wconf 88' lang='lat' dir='ltr'>quod</span> <span class='ocrx_word' id='word_1_245' title='bbox 907 3107 1174 3193; x_wconf 88' lang='lat' dir='ltr'>polliciti</span> <span class='ocrx_word' id='word_1_246' title='bbox 1209 3130 1459 3187; x_wconf 88' lang='lat' dir='ltr'>sumus,</span> <span class='ocrx_word' id='word_1_247' title='bbox 1514 3108 1639 3174; x_wconf 91' lang='lat' dir='ltr'>hoc</span> <span class='ocrx_word' id='word_1_248' title='bbox 1670 3110 1892 3175; x_wconf 92' lang='lat' dir='ltr'>modo·</span> <span class='ocrx_word' id='word_1_249' title='bbox 1946 3131 2109 3194; x_wconf 89' lang='lat' dir='ltr'>quae</span> <span class='ocrx_word' id='word_1_250' title='bbox 2156 3106 2503 3196; x_wconf 89' lang='lat' dir='ltr'>propositio</span> <span class='ocrx_word' id='word_1_251' title='bbox 2540 3108 2611 3171; x_wconf 88' lang='lat' dir='ltr'>in</span> 
     </span>
     <span class='ocr_line' id='line_1_32' title="bbox 547 3201 2611 3291; baseline 0 -24"><span class='ocrx_word' id='word_1_252' title='bbox 547 3224 618 3267; x_wconf 89' lang='lat' dir='ltr'>se</span> <span class='ocrx_word' id='word_1_253' title='bbox 654 3201 954 3286; x_wconf 83' lang='lat' dir='ltr'>quiddam</span> <span class='ocrx_word' id='word_1_254' title='bbox 991 3202 1268 3269; x_wconf 86' lang='lat' dir='ltr'>continet</span> <span class='ocrx_word' id='word_1_255' title='bbox 1309 3204 1720 3291; x_wconf 88' lang='lat' dir='ltr'>perspicuum</span> <span class='ocrx_word' id='word_1_256' title='bbox 1754 3215 1819 3269; x_wconf 90' lang='lat' dir='ltr'>et</span> <span class='ocrx_word' id='word_1_257' title='bbox 1852 3204 2026 3289; x_wconf 89' lang='lat' dir='ltr'>quod</span> <span class='ocrx_word' id='word_1_258' title='bbox 2068 3214 2238 3269; x_wconf 85' lang='lat' dir='ltr'>stare</span> <span class='ocrx_word' id='word_1_259' title='bbox 2270 3204 2435 3269; x_wconf 89' lang='lat' dir='ltr'>inter</span> <span class='ocrx_word' id='word_1_260' title='bbox 2470 3224 2611 3267; x_wconf 88' lang='lat' dir='ltr'>om-</span> 
     </span>
     <span class='ocr_line' id='line_1_33' title="bbox 545 3294 2609 3385; baseline -0.001 -22"><span class='ocrx_word' id='word_1_261' title='bbox 545 3295 645 3363; x_wconf 88' lang='lat' dir='ltr'>nis</span> <span class='ocrx_word' id='word_1_262' title='bbox 697 3317 961 3363; x_wconf 88' lang='lat' dir='ltr'>necesse</span> <span class='ocrx_word' id='word_1_263' title='bbox 1013 3308 1138 3377; x_wconf 87' lang='lat' dir='ltr'>est,</span> <span class='ocrx_word' id='word_1_264' title='bbox 1193 3297 1359 3364; x_wconf 85' lang='lat' dir='ltr'>hanc</span> <span class='ocrx_word' id='word_1_265' title='bbox 1410 3298 1573 3365; x_wconf 88' lang='lat' dir='ltr'>velle</span> <span class='ocrx_word' id='word_1_266' title='bbox 1628 3298 1977 3385; x_wconf 87' lang='lat' dir='ltr'>approbare</span> <span class='ocrx_word' id='word_1_267' title='bbox 2031 3308 2097 3363; x_wconf 89' lang='lat' dir='ltr'>et</span> <span class='ocrx_word' id='word_1_268' title='bbox 2146 3298 2399 3363; x_wconf 88' lang='lat' dir='ltr'>firmare</span> <span class='ocrx_word' id='word_1_269' title='bbox 2448 3294 2609 3361; x_wconf 87' lang='lat' dir='ltr'>nihil</span> 
     </span>
     <span class='ocr_line' id='line_1_34' title="bbox 453 3390 2609 3477; baseline -0.003 -18"><span class='ocrx_word' id='word_1_270' title='bbox 453 3418 503 3459; x_wconf 79' lang='lat'>63</span> <span class='ocrx_word' id='word_1_271' title='bbox 529 3391 788 3457; x_wconf 82' lang='lat' dir='ltr'>attinet.</span> <span class='ocrx_word' id='word_1_272' title='bbox 895 3414 972 3458; x_wconf 89' lang='lat' dir='ltr'>ea</span> <span class='ocrx_word' id='word_1_273' title='bbox 1021 3403 1122 3458; x_wconf 92' lang='lat' dir='ltr'>est</span> <span class='ocrx_word' id='word_1_274' title='bbox 1183 3392 1370 3458; x_wconf 90' lang='lat' dir='ltr'>huius</span> <span class='ocrx_word' id='word_1_275' title='bbox 1432 3391 1632 3459; x_wconf 90' lang='lat' dir='ltr'>modi.</span> <span class='ocrx_word' id='word_1_276' title='bbox 1698 3391 1785 3457; x_wconf 87' lang='lat' dir='ltr'>‘si</span> <span class='ocrx_word' id='word_1_277' title='bbox 1836 3414 1961 3477; x_wconf 91' lang='lat' dir='ltr'>quo</span> <span class='ocrx_word' id='word_1_278' title='bbox 2016 3391 2117 3457; x_wconf 88' lang='lat' dir='ltr'>die</span> <span class='ocrx_word' id='word_1_279' title='bbox 2168 3391 2415 3457; x_wconf 85' lang='lat' dir='ltr'>Romae</span> <span class='ocrx_word' id='word_1_280' title='bbox 2479 3390 2609 3454; x_wconf 81' lang='lat' dir='ltr'>ista</span> 
     </span>
     <span class='ocr_line' id='line_1_35' title="bbox 545 3485 2609 3577; baseline 0 -26"><span class='ocrx_word' id='word_1_281' title='bbox 545 3487 774 3554; x_wconf 88' lang='lat' dir='ltr'>caedes</span> <span class='ocrx_word' id='word_1_282' title='bbox 811 3488 983 3553; x_wconf 87' lang='lat' dir='ltr'>facta</span> <span class='ocrx_word' id='word_1_283' title='bbox 1014 3499 1145 3567; x_wconf 88' lang='lat' dir='ltr'>est,</span> <span class='ocrx_word' id='word_1_284' title='bbox 1189 3512 1312 3577; x_wconf 84' lang='lat' dir='ltr'>ego</span> <span class='ocrx_word' id='word_1_285' title='bbox 1348 3488 1625 3558; x_wconf 89' lang='lat' dir='ltr'>Athenis</span> <span class='ocrx_word' id='word_1_286' title='bbox 1662 3510 1739 3555; x_wconf 89' lang='lat' dir='ltr'>eo</span> <span class='ocrx_word' id='word_1_287' title='bbox 1777 3488 1879 3554; x_wconf 92' lang='lat' dir='ltr'>die</span> <span class='ocrx_word' id='word_1_288' title='bbox 1912 3485 2035 3567; x_wconf 81' lang='lat' dir='ltr'>fui,</span> <span class='ocrx_word' id='word_1_289' title='bbox 2079 3486 2146 3552; x_wconf 92' lang='lat' dir='ltr'>in</span> <span class='ocrx_word' id='word_1_290' title='bbox 2183 3488 2377 3555; x_wconf 90' lang='lat' dir='ltr'>caede</span> <span class='ocrx_word' id='word_1_291' title='bbox 2410 3485 2609 3551; x_wconf 87' lang='lat' dir='ltr'>inter-</span> 
     </span>
     <span class='ocr_line' id='line_1_36' title="bbox 545 3579 2608 3670; baseline -0.002 -22"><span class='ocrx_word' id='word_1_292' title='bbox 545 3604 689 3650; x_wconf 87' lang='lat' dir='ltr'>esse</span> <span class='ocrx_word' id='word_1_293' title='bbox 739 3604 871 3649; x_wconf 90' lang='lat' dir='ltr'>non</span> <span class='ocrx_word' id='word_1_294' title='bbox 920 3582 1139 3669; x_wconf 63' lang='lat' dir='ltr'>potui?</span> <span class='ocrx_word' id='word_1_295' title='bbox 1228 3584 1352 3649; x_wconf 91' lang='lat' dir='ltr'>hoc</span> <span class='ocrx_word' id='word_1_296' title='bbox 1404 3584 1553 3669; x_wconf 84' lang='lat' dir='ltr'>quia</span> <span class='ocrx_word' id='word_1_297' title='bbox 1603 3582 1937 3670; x_wconf 86' lang='lat' dir='ltr'>perspicue</span> <span class='ocrx_word' id='word_1_298' title='bbox 1991 3601 2214 3647; x_wconf 84' lang='lat' dir='ltr'>verum</span> <span class='ocrx_word' id='word_1_299' title='bbox 2267 3591 2393 3659; x_wconf 90' lang='lat' dir='ltr'>est,</span> <span class='ocrx_word' id='word_1_300' title='bbox 2447 3579 2608 3643; x_wconf 85' lang='lat' dir='ltr'>nihil</span> 
     </span>
     <span class='ocr_line' id='line_1_37' title="bbox 545 3672 2610 3763; baseline -0.003 -20"><span class='ocrx_word' id='word_1_301' title='bbox 545 3677 770 3743; x_wconf 88' lang='lat' dir='ltr'>attinet</span> <span class='ocrx_word' id='word_1_302' title='bbox 827 3677 1192 3763; x_wconf 77' lang='lat' dir='ltr'>approbari,</span> <span class='ocrx_word' id='word_1_303' title='bbox 1256 3700 1384 3762; x_wconf 86' lang='lat' dir='ltr'>qua</span> <span class='ocrx_word' id='word_1_304' title='bbox 1430 3701 1501 3743; x_wconf 91' lang='lat' dir='ltr'>re</span> <span class='ocrx_word' id='word_1_305' title='bbox 1556 3677 1807 3743; x_wconf 87' lang='lat' dir='ltr'>adsumi</span> <span class='ocrx_word' id='word_1_306' title='bbox 1870 3676 2085 3743; x_wconf 89' lang='lat' dir='ltr'>statim</span> <span class='ocrx_word' id='word_1_307' title='bbox 2143 3685 2420 3763; x_wconf 89' lang='lat' dir='ltr'>oportet,</span> <span class='ocrx_word' id='word_1_308' title='bbox 2482 3672 2610 3739; x_wconf 91' lang='lat' dir='ltr'>hoc</span> 
     </span>
     <span class='ocr_line' id='line_1_38' title="bbox 543 3770 2607 3845; baseline -0.003 -8"><span class='ocrx_word' id='word_1_309' title='bbox 543 3772 764 3838; x_wconf 91' lang='lat' dir='ltr'>modo.</span> <span class='ocrx_word' id='word_1_310' title='bbox 820 3772 944 3837; x_wconf 87' lang='lat' dir='ltr'>‘fui</span> <span class='ocrx_word' id='word_1_311' title='bbox 979 3782 1193 3837; x_wconf 88' lang='lat' dir='ltr'>autem</span> <span class='ocrx_word' id='word_1_312' title='bbox 1223 3772 1503 3838; x_wconf 90' lang='lat' dir='ltr'>Athenis</span> <span class='ocrx_word' id='word_1_313' title='bbox 1548 3794 1625 3837; x_wconf 93' lang='lat' dir='ltr'>eo</span> <span class='ocrx_word' id='word_1_314' title='bbox 1671 3771 1815 3836; x_wconf 78' lang='lat' dir='ltr'>die-⁵</span> <span class='ocrx_word' id='word_1_315' title='bbox 1904 3771 2026 3837; x_wconf 90' lang='lat' dir='ltr'>hoc</span> <span class='ocrx_word' id='word_1_316' title='bbox 2062 3770 2118 3836; x_wconf 89' lang='lat' dir='ltr'>si</span> <span class='ocrx_word' id='word_1_317' title='bbox 2161 3793 2291 3836; x_wconf 91' lang='lat' dir='ltr'>non</span> <span class='ocrx_word' id='word_1_318' title='bbox 2334 3777 2607 3845; x_wconf 89' lang='lat' dir='ltr'>constat,</span> 
     </span>
     <span class='ocr_line' id='line_1_39' title="bbox 544 3863 2609 3976; baseline -0.003 -45"><span class='ocrx_word' id='word_1_319' title='bbox 544 3866 790 3953; x_wconf 88' lang='lat' dir='ltr'>indiget</span> <span class='ocrx_word' id='word_1_320' title='bbox 833 3863 1334 3976; x_wconf 83' lang='lat' dir='ltr'>approbationis3</span> <span class='ocrx_word' id='word_1_321' title='bbox 1389 3870 1515 3951; x_wconf 86' lang='lat' dir='ltr'>qua</span> <span class='ocrx_word' id='word_1_322' title='bbox 1555 3866 1816 3931; x_wconf 89' lang='lat' dir='ltr'>inducta</span> <span class='ocrx_word' id='word_1_323' title='bbox 1858 3864 2211 3953; x_wconf 83' lang='lat' dir='ltr'>complexio</span> <span class='ocrx_word' id='word_1_324' title='bbox 2257 3883 2609 3946; x_wconf 85' lang='lat' dir='ltr'>conseque-</span> 
     </span>
     <span class='ocr_line' id='line_1_40' title="bbox 547 3956 2611 4049; baseline -0 -27"><span class='ocrx_word' id='word_1_325' title='bbox 547 3969 668 4024; x_wconf 89' lang='lat' dir='ltr'>tur.</span> <span class='ocrx_word' id='word_1_326' title='bbox 776 3970 874 4024; x_wconf 88' lang='lat' dir='ltr'>est</span> <span class='ocrx_word' id='word_1_327' title='bbox 923 3959 1117 4047; x_wconf 88' lang='lat' dir='ltr'>igitur</span> <span class='ocrx_word' id='word_1_328' title='bbox 1169 3960 1482 4044; x_wconf 87' lang='lat' dir='ltr'>quaedam</span> <span class='ocrx_word' id='word_1_329' title='bbox 1532 3958 1908 4049; x_wconf 87' lang='lat' dir='ltr'>propositio,</span> <span class='ocrx_word' id='word_1_330' title='bbox 1965 3982 2129 4044; x_wconf 89' lang='lat' dir='ltr'>quae</span> <span class='ocrx_word' id='word_1_331' title='bbox 2178 3983 2309 4025; x_wconf 89' lang='lat' dir='ltr'>non</span> <span class='ocrx_word' id='word_1_332' title='bbox 2360 3956 2611 4043; x_wconf 87' lang='lat' dir='ltr'>indiget</span> 
     </span>
     <span class='ocr_line' id='line_1_41' title="bbox 549 4051 2607 4139; baseline 0 -24"><span class='ocrx_word' id='word_1_333' title='bbox 549 4052 1030 4139; x_wconf 85' lang='lat' dir='ltr'>approbatione·</span> <span class='ocrx_word' id='word_1_334' title='bbox 1066 4075 1216 4117; x_wconf 87' lang='lat' dir='ltr'>nam</span> <span class='ocrx_word' id='word_1_335' title='bbox 1251 4076 1396 4120; x_wconf 90' lang='lat' dir='ltr'>esse</span> <span class='ocrx_word' id='word_1_336' title='bbox 1432 4053 1687 4139; x_wconf 90' lang='lat' dir='ltr'>quidem</span> <span class='ocrx_word' id='word_1_337' title='bbox 1724 4054 2062 4139; x_wconf 78' lang='lat' dir='ltr'>quandam,</span> <span class='ocrx_word' id='word_1_338' title='bbox 2101 4076 2265 4137; x_wconf 88' lang='lat' dir='ltr'>quae</span> <span class='ocrx_word' id='word_1_339' title='bbox 2300 4051 2607 4139; x_wconf 89' lang='lat' dir='ltr'>indigeat,</span> 
     </span>
    </p>
   </div>
   <div class='ocr_carea' id='block_1_3' title="bbox 2710 7 2753 3465">
    <p class='ocr_par' dir='ltr' id='par_1_3' title="bbox 2710 7 2753 3465">
     <span class='ocr_line' id='line_1_42' title="bbox 2710 7 2753 3465; baseline 0 0"><span class='ocrx_word' id='word_1_340' title='bbox 2710 7 2753 3465; x_wconf 95' lang='lat' dir='ltr'> </span> 
     </span>
    </p>
   </div>
  </div>
 </body>
</html>
