2784 4575
501 218 636 288 334
1120 227 1201 282 M.
1236 225 1504 283 TULLII
1538 222 1940 282 cmmoms

502 352 703 431 fiteri3
776 363 841 418 et
876 351 981 416 hic
1017 349 1299 435 quidem,
1348 347 1460 433 qui
1491 347 1659 412 hanc
1693 371 1732 412 a
1764 346 2024 426 Laelio,
2076 346 2159 412 ad
2192 369 2384 432 quem
2422 349 2577 414 scri-

503 447 626 524 bit,
673 443 777 511 cui
812 466 882 511 se
914 453 1176 532 purgat,
1232 442 1485 509 veniam
1519 441 1704 530 petit,
1751 451 1818 507 et
1849 441 2047 506 utitur
2083 463 2161 506 ea
2203 440 2574 510 traiectione

504 541 843 608 verborum
902 549 970 605 et
1027 537 1227 603 nihilo
1286 548 1502 602 tamen
1563 535 1772 624 aptius
1841 535 2058 623 explet
2127 535 2572 623 concluditque

507 632 876 701 sententias.
964 631 1137 720 apud
1188 631 1345 698 alios
1403 641 1615 698 autem
1649 641 1714 697 et
1745 629 2071 698 Asiaticos
2124 630 2402 696 maxime
2455 656 2576 698 nu·-

448 788 455 792 .
504 751 681 795 mero
718 727 1051 793 servientis
1086 725 1403 791 inculcata
1453 724 1734 813 reperias
1776 724 1992 790 inania
2026 725 2340 809 quaedam
2373 727 2574 792 verba

504 821 691 907 quasi
724 819 1185 906 complementa
1208 841 1634 886 numerorum.
1707 829 1856 885 sunt
1889 818 2080 885 etiam
2105 819 2216 905 qui
2247 819 2358 887 illo
2393 820 2570 901 vitio,

505 915 679 1000 quod
721 914 804 981 ab
837 912 1129 1001 Hegesia
1166 913 1444 978 maxime
1487 912 1698 991 fiuxit,
1753 912 2176 1002 infringendis
2233 913 2573 980 conciden-

504 1009 731 1094 disque
755 1007 1035 1073 numeris
1070 1007 1139 1072 in
1166 1007 1488 1092 quoddam
1514 1029 1718 1094 genus
1755 1007 2070 1072 abiectum
2093 1007 2437 1093 incidant†
2467 1005 2572 1075 Si-

390 1133 473 1174 281
509 1104 793 1170 culorum
828 1101 1235 1167 simillimum.
1323 1102 1580 1167 tertium
1615 1112 1742 1179 est,
1785 1101 1854 1166 in
1885 1123 2012 1185 quo
2048 1102 2306 1168 fuerunt
2339 1103 2569 1170 fratres

506 1197 600 1262 illi
640 1195 1075 1262 Asiaticorum
1126 1195 1452 1261 rhetorum
1493 1195 1810 1282 principes
1853 1195 2189 1261 Hierocles
2235 1207 2302 1260 et
2339 1195 2574 1264 Mene-

506 1292 637 1360 cles
699 1290 957 1355 minime
1020 1311 1167 1355 mea
1226 1289 1542 1354 sententia
1591 1288 2064 1368 contemnendi3
2127 1289 2250 1355 etsi
2309 1291 2480 1356 enim
2533 1315 2572 1357 a

506 1386 713 1451 forma
762 1383 1048 1450 veritatis
1100 1393 1167 1449 et
1217 1384 1298 1449 ab
1349 1383 1714 1450 Atticorum
1763 1383 1987 1470 regula
2039 1383 2302 1463 absunt,
2355 1395 2572 1451 tamen

504 1479 629 1546 hoc
663 1477 886 1543 vitium
920 1489 1333 1565 compensant
1369 1478 1472 1544 vel
1506 1478 1808 1543 facultate
1842 1477 1946 1542 vel
1981 1477 2192 1564 copia3
2249 1479 2365 1545 sed
2399 1482 2572 1567 apud

506 1595 619 1640 eos
664 1572 938 1638 varietas
983 1595 1113 1638 non
1163 1583 1325 1650 erat,
1370 1571 1555 1656 quod
1589 1571 1804 1636 omnia
1845 1570 1978 1636 fere
2030 1571 2572 1638 concludebantur

504 1689 634 1734 uno
679 1666 897 1733 modo:
951 1687 1115 1750 quae
1159 1665 1313 1731 vitia
1355 1665 1465 1748 qui
1509 1664 1772 1752 fugerit,
1824 1675 1900 1729 ut
1931 1685 2138 1750 neque
2181 1666 2447 1733 verbum
2480 1667 2572 1731 ita

506 1759 780 1839 traiciat,
815 1770 888 1825 ut
920 1759 989 1824 id
1024 1759 1103 1824 de
1136 1758 1448 1824 industria
1489 1757 1730 1822 factum
1763 1757 2192 1845 intellegatur,
2229 1781 2436 1844 neque
2471 1760 2570 1824 in-

507 1854 778 1921 ferciens
823 1854 1021 1920 verba
1062 1853 1247 1936 quasi
1287 1853 1484 1918 rimas
1527 1852 1811 1940 expleat,
1865 1871 1984 1916 nec
2027 1853 2300 1918 minutos
2343 1876 2568 1919 nume-

504 1971 612 2014 ros
659 1949 930 2033 sequens
986 1946 1279 2012 concidat
1330 1946 1780 2030 delumbetque
1832 1946 2210 2025 sententias,
2261 1969 2378 2012 nec
2421 1947 2566 2013 sine

506 2041 637 2106 ulla
671 2041 1161 2106 commutatione
1194 2039 1263 2106 in
1298 2041 1527 2106 eodem
1562 2061 1814 2127 semper
1855 2051 2142 2106 versetur
2171 2061 2397 2126 genere
2432 2061 2562 2104 nu·-

508 2156 855 2212 merorum,
900 2134 957 2200 is
992 2134 1206 2200 omnia
1240 2135 1377 2200 fere
1411 2135 1566 2200 vitia
1599 2135 1918 2200 vitaverit:
1971 2159 2122 2201 nam
2153 2135 2230 2199 de
2260 2133 2566 2200 laudibus

506 2226 708 2293 multa
750 2227 1053 2307 diximus,
1084 2228 1337 2314 quibus
1372 2239 1528 2294 sunt
1562 2228 1686 2295 alia
1734 2227 2069 2316 perspicue
2113 2227 2266 2294 vitia
2315 2239 2568 2295 contra-

398 2321 473 2375 '70
504 2322 619 2387 ria.
708 2333 1015 2407 quantum
1066 2334 1280 2389 autem
1326 2323 1411 2390 sit
1461 2334 1613 2411 apta
1663 2323 1902 2403 dicere,
1958 2323 2232 2411 experiri
2279 2323 2454 2402 licet,
2508 2322 2566 2387 si

388 2392 471 2434 ²⁸²
505 2426 617 2482 aut
650 2416 984 2503 compositi
1026 2418 1293 2483 oratoris
1337 2417 1503 2483 bene
1549 2428 1852 2483 structam
1903 2416 2402 2483 conlocationem
2436 2416 2571 2481 dis-

509 2512 723 2579 solvas
758 2513 1221 2599 permutatione
1256 2514 1596 2579 verborum
1627 2548 1717 2561 --
1749 2523 2187 2598 corrumpatur
2229 2512 2400 2577 enim
2432 2521 2572 2577 tota

504 2628 639 2685 res,
685 2618 766 2671 ut
798 2618 863 2673 et
897 2607 1055 2677 haec
1089 2617 1311 2673 nostra
1344 2606 1413 2671 in
1449 2604 1837 2673 Corneliana·
1874 2617 1942 2671 et
1984 2606 2284 2694 deinceps
2323 2604 2569 2671 omnia:

507 2707 741 2786 ‘neque
782 2722 888 2765 me
941 2699 1199 2766 divitiae
1240 2710 1529 2778 movent,
1582 2701 1812 2785 quibus
1865 2700 2071 2765 omnis
2115 2699 2457 2765 Africanos
2501 2708 2575 2763 et

504 2794 767 2861 Laelios
820 2793 1005 2858 multi
1034 2794 1347 2860 .venalicii
1399 2805 1907 2879 mercatoresque
1961 2792 2396 2880 superarunt3’
2448 2793 2576 2857 im-

504 2897 683 2951 muta
709 2923 713 2927 -
741 2886 1098 2973 paululum,
1158 2898 1232 2952 ut
1292 2886 1405 2964 sit,
1473 2887 1683 2953 ‘multi
1747 2897 2123 2974 superarunt
2179 2897 2574 2953 mercatores

505 2980 963 3065 venaliciique,’
998 2980 1258 3069 perierit
1280 2991 1416 3045 tota
1447 3002 1582 3059 res3
1619 2992 1684 3045 et
1717 3002 1879 3063 quae
1911 2990 2291 3062 sequuntur:
2330 2986 2578 3065 ‘neque

505 3074 703 3140 vestis
768 3084 879 3140 aut
940 3074 1253 3141 caelatum
1314 3096 1540 3139 aurum
1591 3084 1656 3139 et
1705 3082 2064 3157 argentum,
2129 3092 2255 3153 quo
2306 3083 2578 3145 nostros

506 3178 753 3234 veteres
807 3168 1153 3234 Marcellos
1204 3167 1656 3250 Maximosque
1713 3163 1897 3229 multi
1955 3162 2228 3228 eunuchi
2281 3184 2318 3229 e
2374 3161 2578 3251 Syria

504 3261 935 3349 Aegyptoque
968 3261 1255 3326 vicerunt
1261 3258 1310 3337 ς’
1364 3258 1563 3323 verba
1593 3268 1885 3344 permuta
1917 3254 2039 3335 sic,
2089 3267 2163 3321 ut
2199 3255 2310 3335 sit,
2366 3259 2576 3324 ‘vice-

504 3366 655 3421 runt
703 3355 977 3421 eunuchi
1016 3375 1055 3419 e
1101 3351 1293 3439 Syria
1332 3352 1764 3439 Aegyptoque
1774 3350 1822 3431 ς’
1879 3350 2042 3417 adde
2085 3350 2370 3417 tertium:
2423 3358 2576 3418 ‘ne-

504 3472 631 3533 que
665 3472 818 3516 vero
854 3458 1226 3516 ornamenta
1258 3447 1384 3513 ista
1417 3447 1740 3523 villarum,
1777 3446 2008 3531 quibus
2043 3446 2128 3511 L.
2164 3446 2466 3511 Paullum
2499 3459 2576 3511 et

505 3542 590 3608 L.
626 3543 1042 3621 Mummium,
1096 3542 1207 3627 qui
1248 3542 1442 3608 rebus
1488 3541 1588 3607 his
1632 3541 1857 3606 urbem
1897 3540 2276 3624 Italiamque
2309 3562 2576 3606 omnem

504 3636 922 3714 referserunt,
976 3637 1059 3703 ab
1102 3635 1315 3721 aliquo
1358 3635 1548 3703 video
1599 3634 1902 3723 perfacile
1936 3632 2206 3699 Deliaco
2249 3644 2363 3720 aut
2397 3631 2576 3718 Syro

506 3728 792 3816 potuisse
828 3730 1173 3818 superari3’
1226 3731 1332 3796 fac
1364 3730 1484 3807 ita,
1537 3730 1852 3816 ‘potuisse
1897 3728 2182 3815 superari
2225 3728 2307 3793 ab
2352 3728 2574 3811 aliquo

394 3849 476 3890 23³
512 3822 680 3909 Syro
716 3834 827 3889 aut
856 3823 1186 3891 Deliacoz’
1240 3824 1536 3901 videsne,
1570 3834 1642 3889 ut
1676 3824 1897 3889 ordine
1928 3823 2271 3889 verborum
2304 3820 2578 3909 paulum

510 3928 917 3995 commutato,
929 3916 1231 4016 ⁸[eisdem
1264 3913 1530 4003 verbis‚]
1569 3928 1776 3983 stante
1813 3916 2145 3993 sententia,
2183 3916 2268 3979 ad
2297 3915 2579 3980 nihilum

512 4007 727 4071 omnia
758 4011 1072 4088 recidant,
1130 4032 1277 4075 cum
1322 4012 1454 4075 sint
1487 4033 1569 4075 ex
1606 4013 1772 4097 aptis
1815 4010 2164 4076 dissoluta?
2216 4022 2324 4073 aut
2360 4009 2416 4075 si
2453 4009 2578 4073 ali-
