2784 4575
517 235 604 302 42
1009 243 1428 303 colzmmcn
1463 240 2079 298 RHETORICORUM

519 370 754 437 tionem
808 381 1010 434 tutam
1065 381 1254 455 atque
1299 367 1657 441 honestam,
1724 365 1779 429 si
1828 373 2165 447 utrumque
2217 366 2567 452 poterimus

519 463 873 544 ostendere,
909 475 1244 548 utrumque
1277 459 1712 549 pollicebimur
1745 481 1863 524 nos
1898 458 1965 522 in
2000 458 2269 527 dicendo
2306 461 2571 527 demon-

521 569 828 626 straturos
875 581 1048 626 esse:
1105 556 1158 622 si
1205 556 1495 630 alterum,
1548 552 1720 636 quod
1770 551 1997 617 dicturi
2052 575 2300 631 sumus,
2354 565 2571 620 osten-

519 653 743 721 demus
752 679 771 732 3
833 675 909 718 ac
973 652 1028 716 si
1085 659 1366 715 nostram
1426 645 1733 711 rationem
1792 657 1994 712 tutam
2055 669 2199 712 esse
2261 639 2567 728 dicemus,

521 747 828 814 divisione
887 757 1135 810 utemur
1185 741 1251 805 in
1303 739 1435 807 vim
1488 750 1551 804 et
1614 739 1945 804 consilium
1953 764 1972 818 3
2034 762 2211 818 nam,
2276 742 2448 824 quod
2499 742 2569 806 in

521 840 804 908 docendo
851 835 972 924 [rei
1025 834 1296 900 dilucide
1349 833 1853 921 magnificandae
1906 833 2127 922 causa]
2184 835 2401 900 dolum
2454 859 2571 923 ap-

517 933 920 1022 pellavimus,
963 929 1032 993 id
1063 927 1131 991 in
1165 927 1433 992 dicendo
1477 925 1806 993 honestius
1852 927 2184 994 consilium
2218 929 2573 1016 appellabi-

517 1049 688 1104 mus3
727 1025 779 1088 si
812 1023 1120 1088 rationem
1153 1033 1408 1088 nostrae
1446 1021 1793 1086 sententiae
1826 1033 2065 1087 rectam
2101 1045 2245 1090 esse
2281 1023 2569 1090 dicemus

516 1129 580 1185 et
630 1138 847 1184 omnes
904 1126 1118 1202 partes
1168 1115 1326 1180 recti
1377 1115 1685 1193 incident,
1751 1115 2203 1204 quadripertita
2255 1117 2569 1184 divisione

514 1222 788 1288 utemur,
828 1209 882 1274 si
916 1231 1046 1275 non
1079 1207 1386 1286 incident,
1435 1220 1589 1293 quot
1622 1221 1833 1287 erunt,
1870 1221 1965 1275 tot
1998 1233 2408 1296 exponemus.
2501 1213 2570 1276 in

515 1303 780 1370 dicendo
833 1303 1303 1369 confirmatione
1349 1315 1414 1368 et
1458 1303 1887 1370 confutatione
1940 1315 2217 1384 utemur3
2268 1317 2343 1371 ut
2394 1306 2569 1371 enim

512 1396 711 1464 nostri
771 1397 922 1475 loci,
993 1419 1154 1483 quos
1218 1407 1363 1462 ante
1426 1399 1848 1478 ostendimus,
1920 1400 2333 1465 confirmandi
2396 1412 2565 1478 sunt,

513 1491 808 1559 contrarii
876 1503 1024 1558 sunt
1092 1491 1479 1558 confutandi.
1594 1495 2155 1582 argumentationis
2227 1495 2569 1561 artificiose

445 1604 480 1658 5
513 1587 878 1654 tractandae
918 1587 1080 1653 ratio
1125 1587 1203 1651 de
1247 1588 1527 1654 secundo
1580 1588 1742 1654 libro
1785 1601 2053 1676 petetur.
2144 1589 2271 1654 sed·
2302 1589 2359 1654 si
2401 1590 2569 1655 acci-

515 1683 702 1762 derit,
747 1694 820 1748 ut
851 1683 919 1748 in
954 1680 1412 1747 consultatione
1450 1681 1629 1748 alteri
1664 1685 1745 1748 ab
1780 1695 1918 1748 tuta
1948 1684 2219 1760 ratione,
2268 1683 2445 1748 alteri
2482 1687 2567 1750 ab

513 1778 782 1844 honesta
827 1775 1136 1842 sententia
1181 1775 1290 1852 sit,
1343 1785 1418 1840 ut
1458 1775 1525 1840 in
1569 1775 2019 1842 deliberatione
2072 1797 2318 1852 eorum,
2373 1777 2483 1859 qui
2528 1801 2569 1842 a

509 1872 731 1936 Poeno
776 1866 1176 1934 circumsessi
1221 1867 1599 1947 deliberant,
1665 1869 1817 1952 quid
1860 1881 2081 1958 agant,
2136 1879 2339 1934 tutam
2370 1870 2568 1936 ratio-

511 1987 657 2029 nem
711 1963 889 2046 sequi
944 1963 1051 2047 qui
1106 1962 1425 2040 suadebit,
1480 1963 1579 2028 his
1633 1963 1789 2028 locis
1840 1975 2080 2029 utetur:
2134 1963 2375 2028 nullam
2425 1988 2567 2032 rem

509 2057 824 2123 utiliorem
851 2079 994 2122 esse
1022 2053 1479 2135 incolumitate3
1517 2057 1853 2123 virtutibus
1889 2057 1982 2122 uti
2007 2056 2325 2122 neminem
2348 2081 2564 2145 posse,

512 2151 618 2236 qui
656 2173 804 2216 suas
837 2151 1114 2216 rationes
1149 2151 1217 2216 in
1253 2161 1389 2217 tuto
1426 2174 1557 2216 non
1591 2151 1961 2229 conlocarit3
1998 2175 2079 2216 ne
2116 2152 2269 2217 deos
2308 2153 2567 2236 quidem

509 2267 652 2312 esse
689 2244 922 2311 auxilio
956 2243 1079 2323 eis,
1125 2245 1234 2329 qui
1281 2267 1349 2311 se
1393 2245 1751 2313 inconsulto
1788 2245 1857 2311 in
1887 2246 2239 2334 periculum
2279 2247 2564 2328 mittant3

510 2341 845 2407 honestum
896 2339 1053 2403 nihil
1107 2351 1398 2426 oportere
1453 2340 1826 2418 existimari,
1890 2342 2061 2426 quod
2110 2365 2239 2407 non
2292 2343 2567 2408 salutem

449 2459 475 2500 9
508 2434 730 2522 pariat.
819 2432 928 2517 qui
961 2442 1134 2498 tutae
1167 2434 1261 2499 rei
1303 2444 1653 2521 praeponet
1692 2434 2000 2500 rationem
2046 2436 2406 2513 honestam,
2462 2437 2565 2501 his

508 2528 665 2595 locis
710 2538 948 2593 utetur:
1003 2526 1301 2592 virtutem
1342 2528 1517 2593 nullo
1572 2538 1855 2613 tempore
1898 2527 2407 2613 relinquendam3
2462 2531 2569 2595 vel

512 2625 819 2701 dolorem,
865 2622 921 2687 si
955 2621 1276 2701 timeatur,
1321 2624 1426 2688 vel
1460 2636 1756 2703 mortem,
1804 2624 1860 2689 si
1896 2646 1973 2690 ea
2006 2625 2407 2703 formidetur,
2454 2624 2570 2691 ‹le-

512 2721 737 2784 decore
782 2729 846 2781 et
887 2715 1150 2781 infamia
1192 2717 1497 2784 leviorem
1541 2741 1714 2797 esse,
1776 2717 2237 2807 [considerare]
2284 2739 2446 2802 quae
2485 2720 2570 2783 sit

510 2811 957 2899 turpitudinem
1001 2823 1443 2877 consecutura:
1501 2824 1565 2877 at
1606 2836 1737 2879 non
1779 2813 2315 2879 immortalitatem
2358 2835 2567 2897 neque

511 2916 830 2971 aeternam
873 2904 1372 2971 incolumitatem
1418 2907 1749 2989 consequi,
1804 2926 1924 2970 nec
1972 2929 2115 2971 esse
2169 2905 2569 2991 exploratum

509 3000 616 3065 illo
652 2998 850 3064 vitato
892 2998 1173 3085 periculo
1218 3001 1463 3065 nullum
1495 3000 1564 3064 in
1600 2999 1773 3063 aliud
1805 2998 2156 3086 periculum
2199 3008 2566 3080 venturum3

509 3092 724 3158 virtuti
766 3092 870 3157 vel
912 3092 1078 3157 ultro
1131 3092 1212 3156 ad
1254 3104 1525 3158 mortem
1575 3090 1891 3178 proficisci
1944 3114 2087 3157 esse
2138 3090 2567 3179 praeclarum3

509 3186 859 3253 fortitudini
894 3186 1213 3251 fortunam
1256 3207 1508 3270 quoque
1544 3208 1688 3250 esse
1736 3185 2097 3251 adiumento
2134 3184 2367 3263 solere3
2420 3206 2569 3253 eum
2636 3266 2644 3277 ι

509 3291 642 3346 tute
695 3280 938 3357 vivere,
995 3280 1104 3363 qui
1155 3279 1423 3345 honeste
1476 3279 1678 3357 vivat,
1734 3302 1891 3356 non,
1946 3277 2054 3363 qui
2095 3278 2163 3343 in
2206 3282 2571 3368 praesentia

508 3372 838 3439 incolumis
895 3372 1003 3451 sit3
1070 3376 1244 3451 eum,
1307 3372 1417 3456 qui
1475 3372 1741 3459 turpiter
1802 3372 2003 3450 vivat,
2067 3373 2448 3442 incolumem
2499 3376 2568 3440 in

507 3478 882 3555 perpetuum
936 3490 1078 3533 esse
1130 3491 1260 3534 non
1310 3488 1524 3555 posse.
1614 3467 2125 3536 conclusionibus
2169 3471 2303 3537 fere
2349 3470 2568 3537 simili-

507 3562 629 3627 bus
683 3561 750 3626 in
802 3562 903 3627 his
959 3573 1022 3627 et
1070 3562 1138 3627 in
1190 3562 1593 3627 iudicialibus
1656 3563 1866 3629 causis
1917 3564 2012 3629 uti
2074 3566 2380 3641 solemus,
2440 3562 2565 3627 nisi

495 3656 681 3740 quod
721 3655 790 3719 in
832 3656 932 3721 his
979 3657 1253 3723 maxime
1298 3657 1597 3724 conducit
1632 3680 1823 3742 quam
1864 3659 2139 3747 plurima
2170 3679 2381 3723 rerum
2416 3666 2563 3719 ante

511 3759 835 3835 gestarum
871 3751 1164 3839 exempla
1195 3752 1502 3839 proferre.

431 3838 486 3953 3)
626 3842 813 3908 Nunc
865 3844 948 3909 ad
994 3844 1561 3911 demonstrativum
1614 3868 1817 3933 genus
1863 3868 2093 3912 causae
2145 3855 2560 3909 transeamus.

510 3937 810 4019 quoniam
853 3938 1014 4005 haec
1057 3961 1251 4005 causa
1302 3939 1603 4005 dividitur
1644 3940 1712 4004 in
1754 3940 2007 4005 laudem
2050 3948 2115 4004 et
2156 3934 2562 4023 vituperatio-

507 4052 653 4097 nem
669 4077 687 4111 ,
741 4032 971 4119 quibus
1015 4057 1096 4100 ex
1148 4034 1341 4100 rebus
1382 4034 1639 4100 laudem
1690 4032 2222 4107 constituerimus,
2278 4051 2357 4093 ex
2409 4046 2557 4090 con-
