2784 4575
705 314 810 369 DE
845 311 1330 371 INVENTIONE
1366 314 1443 369 ΙΙ.
1480 314 1721 392 121-18.
2148 302 2268 369 157

210 463 356 507 rum
390 437 645 516 occidit,
697 459 992 503 nummos
1027 436 1316 514 abstulit,
1368 436 1653 524 gladium
1697 448 2027 506 cruentum
2058 438 2127 507 in
2160 460 2275 507 vaa-

213 534 431 621 ginam
471 530 850 621 recondidit,
902 531 1042 619 ipse
1077 554 1150 597 se
1191 531 1260 597 in
1305 553 1493 595 suum
1545 532 1779 604 lectum
1821 532 2079 621 recepit.
2165 532 2271 599 ille

215 638 455 706 autem,
501 625 679 693 cuius
715 623 929 713 gladio
966 624 1199 693 occisio
1236 635 1372 698 erat
1404 625 1605 705 facta,
1650 625 1849 696 multo
1886 638 2033 701 ante:
2066 625 2274 699 lucem

215 721 514 799 surrexit,
569 720 865 807 comitem
905 719 1086 787 illum
1137 740 1326 789 suum
1374 718 1741 790 inclamavit
1785 721 1983 795 semel
2026 732 2091 787 et
2134 743 2273 786 sae-

209 816 388 903 pius:
449 816 888 901 illumsomno
922 814 1296 901 impeditum
1348 826 1480 884 non'
1520 814 1911 905 respondere
1952 814 2273 884 existima-
2297 842 2350 886 111

213 911 333 988 vit3
367 910 508 997 ipse
543 910 830 998 gladium
855 920 918 973 et
945 918 1174 988 cetera,
1209 930 1374 993 quac
1399 930 1623 980 >secum
1648 909 1961 987 0111110101,
2000 909 2271 989 sustulit,

213 1004 392 1075 801118
439 1004 766 1091 profectus
820 1015 938 1069 est.
1037 1024 1240 1090 caupo
1289 1026 1423 1077 non
1472 1003 1672 1077 multo
1723 1014 1874 1090 post
1924 1003 2277 1084 conclamat

210 1098 538 1173 hominem
580 1120 724 1163 esse
767 1096 1048 1165 occisum
1100 1106 1166 1163 et
1216 1118 1362 1170 cum
1412 1098 1795 1182 quibusdam
1846 1097 2273 1168 diversoribus

207 1193 420 1271 illum,
465 1191 576 1275 qui
611 1202 756 1261 ante
791 1192 1062 1271 exierat,
1109 1192 1514 1277 consequitur
1547 1192 1615 1263 in
1646 1192 1899 1271 1111111103
1954 1192 2275 1262 hominem

212 1286 710 1373 comprehendit,
739 1286 1022 1373 gladium
1047 1286 1184 1353 eius
1214 1310 1250 1351 e
1277 1286 1511 1373 vagina
1536 1285 1765 1365 educit,
1792 1286 2275 1373 1090111011),οῃ-

211 1392 352 1445 tum
358 1406 379 1459 3
441 1380 632 1449 homo
683 1381 752 1445 in
795 1382 1018 1450 urbem
1063 1382 1144 1447 ab
1191 1381 1319 1449 illis
1365 1381 1695 1449 deducitur
1732 1401 1807 1449 ac
1848 1403 1995 1450 reus
2028 1382 2120 1449 fit.
2206 1381 2276 1447 in

211 1475 336 1540 hac
378 1474 642 1543 intentio
687 1485 754 1540 et
797 1474 1074 1543 criminis
1086 1500 1104 1554 3
1161 1475 1531 1553 ‘occidisti3’
1588 1474 1905 1561 depulsio:
1962 1482 2119 1543 ‘non
2170 1498 2276 1541 oc-

211 1567 360 1633 cidi.
363 1566 379 1597 '
454 1590 536 1638 ex
571 1567 798 1652 quibus
841 1564 1264 1653 [constitutio]
1303 1579 1404 1636 081
1440 1566 1536 1654 [id
1568 1567 1697 1655 est]
1736 1570 2024 1653 quaestio
2052 1569 2277 1638 eadem

215 1658 313 1748 [in
347 1658 782 1747 coniecturali]
821 1682 987 1745 quae
1018 1660 1347 1731 iudicatio·
1387 1662 1805 1731 occideritne?

331 1756 520 1829 Nunc
547 1777 938 1843 exponemus
963 1754 1162 1834 locos,-
1197 1777 1468 1839 quorum
1499 1779 1649 1843 pars
1678 1755 1939 1843 aliqua
1920 1779 1989 1821 m
2022 1778 2276 1826 omnem
2301 1754 2354 1865 f}

211 1850 706 1919 coniecturalem
752 1848 976 1919 incidit
1035 1850 1549 1921 controversiam.
1654 1850 1777 1918 hoc
1830 1860 2043 1917 autem
2094 1860 2161 1915 et
2206 1850 2275 1917 in

209 1946 440 2011 horum
497 1944 784 2017 locorum
845 1942 1242 2054 expositione
1301 1954 1369 2013 et
1416 1945 1485 2017 in
1546 1954 1899 2015 ceterorum
1960 1944 2278 2031 oportebit

211 2040 566 2117 attendere,
619 2062 750 2106 non
784 2038 990 2105 omnis
1025 2039 1094 2105 in
1129 2038 1384 2110 omnem
1421 2060 1680 2107 causam
1715 2038 2079 2117 convenire,
2125 2061 2276 2105 nam

209 2145 285 2199 ut
327 2156 513 2201 omne
565 2156 800 2202 nomen
853 2157 935 2201 ex
988 2133 1332 2218 aliquibus,
1386 2158 1519 2202 non
1570 2157 1652 2200 ex
1703 2134 1997 2202 omnibus
2048 2133 2273 2201 litteris

213 2228 534 2306 scribitur,
589 2228 681 2295 sic
731 2252 984 2296 omnem
1028 2228 1097 2297 in
1131 2251 1392 2298 causam
1436 2252 1567 2298 non
1611 2230 1817 2302 omnis
1872 2239 2276 2318 argumento-

210 2345 356 2388 rum
370 2322 600 2430 copia,
657 2323 772 2389 sed
805 2347 1025 2393 eorum
1067 2325 1429 2392 necessario
1472 2347 1621 2410 pars
1668 2325 1879 2409 aliqua
1922 2323 2273 2394 conveniet.

216 2415 422 2482 omnis
464 2415 660 2502 igitur
702 2438 784 2484 ex
835 2439 1059 2496 causa,
1115 2440 1196 2482 ex
1238 2440 1541 2508 persona,
1597 2440 1678 2485 ex
1720 2419 1890 2490 facto
1932 2418 2074 2504 ipso
2127 2439 2276 2482 con-

214 2510 455 2576 iectura
489 2509 797 2596 capienda
829 2522 950 2578 est.

339 2603 558 2670 Causa
591 2603 936 2673 tribuitur'
917 2628 986 2668 111
1013 2605 1465 2712 impulsionem
1507 2615 1573 2670 01
1604 2605 1673 2670 111
1712 2603 2274 2676 ratiocinationem.
2303 2630 2351 2674 u

215 2696 513 2782 impulsio
567 2707 694 2773 est,
757 2716 922 2779 quae
976 2697 1114 2762 81110
1177 2697 1569 2782 cogitatione
1616 2719 1733 2784 per
1794 2698 2117 2805 quandam.
2166 2697 2279 2768 ade-

216 2789 556 2864 sectionem
591 2789 786 2861 animi
819 2789 1030 2856 facere
1067 2789 1304 2873 aliquid
1337 2789 1644 2869 hortatur,
1680 2801 1753 2858 ut
1790 2813 1994 2868 amor,
2030 2790 2278 2862 iracun-
2380 2867 2386 2873 ,

217 2885 352 2962 dia,
407 2882 768 2994 aegritudo,
821 2882 1168 2951 vinolentia
1211 2893 1276 2951 et
1327 2883 1587 2951 omnino
1634 2884 1872 2963 omnia,
1926 2885 1997 2950 in
2046 2883 2275 2968 quibus

219 2979 466 3047 animus
519 2979 610 3048 ita
660 2979 911 3052 videtur
963 2978 1254 3053 adfectus
1307 2978 1538 3058 fuisse,
1600 2991 1673 3046 ut
1720 3001 1859 3052 rem
1916 2979 2277 3067 perspicere

217 3096 364 3142 cum
399 3074 662 3140 consilio
699 3084 764 3140 et
797 3095 952 3142 cura
983 3095 1114 3140 non
1152 3073 1433 3160 potuerit
1474 3085 1540 3140 01
1570 3074 1664 3153 id,
1721 3075 1895 3158 quod
1934 3074 2115 3152 fecit,
2158 3073 2277 3140 im·-

215 3181 370 3257 petu
394 3171 671 3256 quodam
699 3169 892 3242 animi
917 3169 1132 3256 potius
1159 3191 1354 3254 quam
1379 3169 1763 3257 cogitatione
1790 3169 2031 3239 fecerit.
2086 3171 2277 3244 ratio-
2304 3196 2357 3235 18

219 3264 449 3334 cinatio
486 3275 586 3336 081
618 3274 837 3331 autem
877 3263 1154 3351 diligens
1189 3275 1256 3329 01
1287 3263 1691 3332 considerata
1722 3264 1999 3336 faciendi
2043 3263 2279 3348 aliquid

221 3371 332 3425 aut
363 3381 494 3424 non
527 3358 803 3434 faciendi
849 3358 1250 3446 excogitatio.
1339 3382 1421 3428 ea
1453 3359 1681 3426 dicitur
1721 3359 2085 3428 interfuisse
2122 3370 2278 3436 tum,

221 3475 370 3519 cum
411 3451 651 3535 aliqnid
695 3449 1000 3538 [faciendi
1043 3465 1153 3522 aut
1194 3477 1326 3522 non
1367 3452 1673 3542 faciendi]
1730 3465 1903 3520 certa
1954 3454 2035 3519 de
2086 3474 2281 3519 causa

222 3548 462 3620 vitasse
499 3556 609 3616 aut
643 3557 899 3618 secutus
933 3570 1077 3615 esse
1105 3547 1354 3618 animus
1379 3548 1717 3627 videbitur,
1750 3559 1841 3626 ut,
1878 3548 1937 3614 si
1970 3545 2281 3614 amicitiae

221 3641 378 3728 quid
411 3663 608 3714 causa
641 3641 882 3712 factum
907 3641 1166 3721 dicetur,
1205 3642 1259 3706 si
1293 3641 1531 3709 inimici
1556 3641 1931 3720 ulciscendi,'
1960 3640 2017 3711 81
2049 3650 2279 3718 metue,

223 3737 280 3805 si
315 3735 583 3823 gloriae,
641 3732 697 3802 si
728 3734 1068 3821 pecuniae,
1121 3735 1178 3802 81
1217 3735 1517 3821 denique,
1570 3747 1643 3802 ut
1685 3736 1899 3805 omnia
1931 3733 2283 3822 generatim

225 3829 704 3916 amplectamur,
761 3828 1025 3897 alicuius
1075 3828 1417 3909 retinendi,
1482 3829 1759 3916 augendi
1810 3825 2280 3914 adipiscendive

225 3924 540 3996 commodi
591 3935 702 3996 aut
752 3933 974 3998 contra
1029 3923 1356 4002 reiciendi,
1422 3923 1826 3998 deminuendi
1878 3920 2279 3989 devitandive

223 4016 610 4090 incommodi
642 4040 855 4088 causa.
943 4040 1093 4087 nam
1126 4017 1195 4087 in
1230 4018 1459 4090 horum
1510 4040 1714 4104 genus
1770 4017 2137 4086 alterutrum
2171 4014 2281 4083 illa

221 4131 478 4198 quoque
503 4111 800 4194 incident,
836 4113 906 4178 in
939 4111 1168 4197 quibus
1207 4123 1316 4180 aut
1339 4111 1726 4179 incommodi
1752 4110 1989 4198 aliquid
2022 4109 2277 4178 maioris
