2784 4575
444 241 528 304 56
937 251 1358 310 CORNIFICII
1391 251 2015 334 RHETORIOORUM

445 376 525 442 de
562 376 770 441 causis
804 375 1232 462 improbamus
1247 395 1266 440 ε·
1315 376 1591 462 primum
1626 375 1797 459 quod
1838 376 1907 440 in
1940 377 2279 442 verborum
2311 377 2503 443 innu-

443 469 839 535 merabilium
863 469 1260 534 multitudine
1294 469 1627 534 ridiculum
1656 480 1757 534 est
1780 470 1951 535 mille
1980 471 2317 535 verborum
2342 471 2503 536 ima-

445 565 626 650 gines
664 584 1028 648 comparare
1039 589 1057 640 3
1114 563 1488 645 quantulum
1522 563 1690 629 enim
1724 574 2022 650 poterunt
2072 564 2231 628 haec
2264 565 2499 642 valere,

446 680 590 722 cum
641 680 722 721 ex
755 655 999 720 infinita
1049 658 1388 721 verborum
1422 657 1605 742 copia
1652 658 1842 722 modo
1880 657 2051 740 aliud
2092 657 2282 722 modo
2328 656 2504 723 aliud

444 774 564 816 nos
597 751 860 817 verbum
895 750 1258 815 meminisse
1295 750 1645 835 oportebit?
1680 750 1907 816 deinde
1944 771 2054 814 cur
2090 751 2380 817 volumus
2418 753 2502 818 ab

443 845 754 910 industria
786 866 1168 928 quemquam
1209 866 1565 921 removere,
1616 854 1690 908 ut
1720 867 1801 908 ne
1848 844 2001 928 quid
2033 845 2173 930 ipse
2216 857 2501 929 quaerat,

444 961 561 1004 nos
614 937 707 1002 illi
761 939 972 1003 omnia
1022 948 1244 1023 parata
1297 938 1707 1021 quaesitaque
1761 938 2123 1003 tradamus?
2172 950 2505 1024 praeterea

447 1033 854 1098 similitudine
891 1033 1016 1097 alia
1049 1033 1210 1098 alius
1247 1033 1453 1119 magis
1492 1043 1951 1110 commovetur3
1996 1056 2147 1097 nam
2178 1045 2252 1098 ut
2286 1057 2500 1120 saepe,

445 1128 718 1192 formam
763 1127 816 1190 si
861 1148 1053 1210 quam
1098 1127 1369 1191 similem
1424 1127 1697 1213 cuipiam
1749 1125 2092 1192 dixerimus
2148 1149 2317 1205 esse,
2372 1150 2532 1193 non·

445 1220 648 1285 omnis
685 1219 992 1284 habemus
1032 1219 1439 1296 adsensores,
1486 1219 1657 1303 quod
1692 1219 1799 1283 alii
1832 1219 2081 1285 videtur
2116 1220 2313 1298 aliud,
2348 1220 2503 1286 item

443 1313 516 1376 fit
547 1313 615 1376 in
647 1312 1059 1398 imaginibus,
1113 1323 1187 1377 ut
1221 1335 1383 1397 quae
1418 1313 1602 1378 nobis
1641 1313 1973 1399 diligenter
2008 1323 2227 1379 notata
2262 1314 2369 1392 sit,
2426 1336 2505 1379 ea

443 1429 667 1493 parum
703 1405 990 1472 videatur
1041 1406 1310 1494 insignis
1357 1407 1525 1472 aliis:
1580 1428 1706 1490 qua
1746 1428 1816 1472 re
1862 1407 1983 1472 sibi
2036 1429 2347 1492 quemque
2384 1431 2503 1474 suo

445 1503 775 1568 commodo
821 1503 1116 1568 convenit
1147 1502 1458 1588 imagines
1499 1523 1883 1588 comparare.
1962 1508 2283 1589 postremo
2318 1527 2505 1590 prae-

361 1673 364 1676 *
445 1596 716 1682 ceptoris
753 1606 853 1660 est
887 1596 1132 1674 docere,
1171 1617 1360 1680 quem
1396 1597 1479 1661 ad
1512 1597 1772 1662 modum
1798 1596 2015 1680 quaeri
2049 1596 2324 1681 quidque
2353 1619 2507 1662 con-

341 2263 412 2317 24

348 3307 401 3347 40

445 1690 685 1767 veniat,
740 1701 804 1756 et
838 1712 1036 1754 unum
1079 1691 1335 1775 aliquod
1380 1701 1491 1755 aut
1534 1691 1827 1768 alterum,
1882 1713 2012 1756 non
2046 1689 2285 1768 omnia,
2340 1711 2501 1774 quae

445 1783 580 1849 eius
618 1784 871 1870 generis
908 1797 1120 1862 erunt,
1159 1784 1433 1870 exempli
1469 1806 1663 1849 causa
1698 1784 2014 1862 subicere,
2052 1805 2177 1867 quo
2212 1806 2317 1849 res
2350 1807 2505 1870 pos-

447 1877 530 1940 sit
572 1899 714 1942 esse
759 1877 1107 1942 dilucidior.
1197 1899 1387 1960 quem
1434 1877 1515 1940 ad
1557 1876 1817 1942 modum
1861 1898 2006 1942 cum
2040 1877 2120 1942 de
2160 1877 2499 1964 prooemiis

447 1970 822 2052 quaerendis
862 1970 1288 2055 disputamus,
1341 1969 1650 2034 rationem
1687 1970 1909 2035 damus
1947 1970 2318 2054 quaerendi,
2372 1993 2503 2036 non

445 2063 614 2126 mille
650 2063 1113 2147 prooemiorum
1148 2083 1384 2147 genera
1418 2062 1902 2142 conscribimus,
1938 2063 2091 2128 item
2126 2063 2501 2129 arbitramur

446 2155 524 2218 de
559 2154 942 2240 imaginibus
977 2154 1115 2220 fieri
1151 2155 1508 2220 convenire.

570 2249 783 2325 Nunc,
828 2271 908 2313 ne
953 2248 1116 2315 forte
1161 2250 1498 2315 verborum
1539 2248 1909 2315 memoriam
1952 2259 2061 2315 aut
2101 2250 2289 2317 nimis
2336 2251 2503 2315 diffi-

446 2342 630 2407 cilem
666 2352 774 2406 aut
806 2365 1030 2427 parum
1065 2342 1284 2407 utilem
1319 2342 1649 2421 arbitrere,
1693 2343 1974 2430 ipsarum
2016 2366 2229 2407 rerum
2262 2366 2499 2410 memo-

443 2437 538 2524 ria
573 2446 904 2501 contentus
942 2437 1049 2514 sis,
1089 2437 1260 2521 quod
1295 2448 1360 2501 et
1392 2436 1605 2503 utilior
1640 2437 1724 2502 sit
1758 2448 1823 2502 et
1854 2437 1998 2523 plus
2034 2436 2267 2501 habeat
2299 2438 2501 2501 facili-

445 2530 618 2608 tatis,
677 2530 1112 2596 admonendus
1151 2553 1250 2608 es,
1307 2553 1434 2614 qua
1467 2554 1535 2595 re
1580 2532 1917 2597 verborum
1968 2529 2337 2595 memoriam
2370 2552 2500 2594 non

443 2625 900 2710 improbemus:
954 2648 1104 2688 nam
1136 2634 1435 2710 putamus
1492 2635 1780 2711 oportere
1818 2648 1957 2704 eos,
2016 2625 2123 2709 qui
2167 2623 2363 2688 velint
2394 2645 2499 2687 res

443 2718 758 2784 faciliores
799 2719 934 2783 sine
969 2719 1187 2785 labore
1224 2730 1289 2784 et
1321 2720 1618 2785 molestia
1650 2719 1835 2785 facile
1870 2719 2262 2796 meminisse,
2299 2718 2367 2782 in
2400 2740 2503 2782 re-

443 2813 562 2876 bus
617 2813 1072 2879 difficilioribus
1127 2835 1270 2878 esse
1326 2824 1472 2879 ante
1527 2815 1902 2881 exercitatos
1914 2840 1932 2892 3
1994 2834 2111 2878 nec
2164 2834 2281 2877 nos
2334 2810 2501 2899 hanc

444 2906 780 2968 verborum
841 2907 1210 2971 memoriam
1267 2906 1657 2983 inducimus,
1718 2918 1791 2971 ut
1850 2928 2072 2971 versus
2134 2903 2500 2969 meminisse

441 2997 791 3083 possimus,
851 2999 965 3061 sed
997 3008 1070 3062 ut
1113 2998 1236 3061 hac
1289 3000 1736 3063 exercitatione
1769 2998 1879 3061 illa
1920 3020 2131 3063 rerum
2172 2997 2498 3073 memoria,

444 3112 605 3173 quae
639 3090 912 3175 pertinet
947 3092 1030 3154 ad
1063 3090 1425 3167 utilitatem,
1471 3092 1900 3167 confirmetur,
1945 3101 2019 3153 ut
2052 3091 2132 3155 ab
2178 3089 2298 3153 hac
2334 3089 2500 3155 diffi-

435 3182 546 3254 cili
583 3182 1034 3247 consuetudine
1073 3182 1208 3247 sine
1241 3182 1459 3247 labore
1497 3183 1579 3247 ad
1611 3182 1785 3246 illam
1829 3182 2197 3247 facilitatem
2231 3182 2499 3247 transire

443 3274 783 3360 possimus.
875 3275 989 3339 sed
1033 3296 1178 3339 cum
1220 3275 1288 3339 in
1331 3276 1503 3340 omni
1547 3274 1879 3361 disciplina
1916 3275 2166 3339 infirma
2211 3285 2309 3340 est
2344 3276 2495 3340 artis
2555 3354 2559 3359 .

444 3367 802 3454 praeceptio
867 3368 1002 3433 sine
1057 3390 1304 3433 summa
1368 3369 1746 3434 adsiduitate
1809 3368 2301 3447 exercitationis,
2364 3379 2498 3434 tum

444 3484 595 3527 vero
638 3462 704 3525 in
747 3463 1160 3528 mnemonicis
1207 3463 1537 3527 minimum
1580 3464 1751 3529 valet
1786 3464 2094 3543 doctrina,
2148 3464 2272 3541 nisi
2312 3464 2497 3529 indu-

445 3556 626 3633 stria,
665 3556 872 3621 studio
884 3605 902 3634 ,
937 3557 1182 3634 labore,
1221 3557 1549 3644 diligentia
1584 3559 2042 3646 comprobatur.
2132 3581 2321 3643 quam
2355 3558 2496 3643 plu-

442 3652 635 3715 rimos
686 3650 861 3716 locos
914 3662 988 3714 ut
1035 3651 1271 3716 habeas
1325 3662 1390 3716 et
1453 3674 1642 3735 quam
1692 3652 1965 3717 maxime
2020 3652 2101 3717 ad
2158 3661 2497 3737 praecepta

446 3744 960 3810 adcommodatos
1023 3765 1242 3809 curare
1302 3746 1538 3831 poteris
1549 3770 1568 3824 3
1638 3745 2019 3831 imaginibus
2091 3743 2491 3810 conlocandis

445 3838 724 3903 exerceri
759 3837 984 3903 cotidie
1020 3838 1352 3905 conveniet
1359 3863 1379 3917 3
1426 3861 1555 3904 non
1589 3839 1784 3917 enim,
1832 3840 1995 3904 sicut
2029 3862 2068 3903 a
2101 3837 2323 3902 ceteris
2362 3847 2495 3901 stu-

445 3932 565 3995 diis
603 3931 970 3998 abducimur
1004 3934 1132 3999 no'h
1165 3956 1511 4020 numquam
1563 3934 2000 4021 occupatione,
2052 3933 2205 3999 item
2248 3933 2331 3997 ab
2372 3932 2493 3996 hac

444 4046 513 4089 re
549 4046 666 4089 nos
698 4036 911 4111 potest
945 4049 1138 4093 causa
1173 4029 1485 4095 deducere
1519 4028 1729 4113 aliqua
1736 4054 1756 4108 3
1792 4049 2137 4112 numquam
2170 4036 2269 4092 est
2304 4025 2490 4106 enim,
