2784 4575
729 247 838 309 AD
875 252 936 309 (3.
971 255 1437 313 HERENNIUM
1472 256 1793 314 1.22--25.
2202 245 2283 309 11.

351 378 727 445 Iuridicialis
765 378 1130 443 constitutio
1165 390 1291 455 est,
1339 401 1485 443 cum
1518 378 1757 443 factum
1802 400 1964 445 conv
1966 380 2122 459 enit,
2170 382 2285 446 sed
2318 379 2388 433 14

231 474 368 539 iure
404 496 486 538 an
517 472 746 537 iniuria
777 472 1019 537 factum
1064 474 1172 550 sit,
1219 473 1557 556 quaeritur.
1646 474 1783 538 eius
1821 476 2283 541 constitutionis
2324 454 2379 493 ⁹¹⁴

230 579 443 655 partes
473 577 622 631 sunt
647 566 829 644 duae,
869 588 1136 649 quarum
1161 590 1290 631 una
1316 568 1625 645 absoluta,
1664 569 1861 633 611616
1886 570 2288 655 adsumptiva

231 661 608 727 nominatur.
697 661 991 726 absoluta
1041 672 1167 738 est,
1223 682 1370 725 cum
1412 661 1481 725 id
1530 662 1768 747 ipsum,
1824 663 1996 744 quod
2048 663 2287 727 factum

231 767 356 833 est,
393 766 466 821 ut
502 755 674 820 aliud
708 755 866 819 mhil
900 756 1056 821 foris
1095 756 1491 833 adsumatur,
1536 767 1706 821 recte
1742 757 1979 821 factum
2014 780 2157 821 esse
2194 758 2289 821 di-

233 871 472 915 cemus.
563 871 642 914 ea
684 860 784 915 est
833 848 1022 913 huius
1069 850 1271 915 modi:
1325 850 1558 915 mimus
1610 850 1869 933 quidam
1918 850 2289 915 nominatim

230 943 508 1009 Accium
554 954 812 1030 poetam
862 943 1264 1028 compellavit
1311 944 1382 1007 in
1443 966 1661 1009 scena:
1726 965 1871 1009 61116
1920 967 1997 1009 eo
2047 944 2287 1009 Accius

228 1036 603 1103 iniuriarum
637 1036 788 1122 agit.
877 1036 982 1101 hic
1015 1036 1173 1101 nihil
1218 1037 1390 1101 aliud
1434 1038 1743 1115 defendit,
1786 1038 1911 1102 nisi
1952 1038 2143 1102 licere
2174 1060 2290 1103 no-

231 1130 457 1195 minari
503 1153 676 1208 eum,
731 1131 910 1195 cuius
956 1131 1211 1197 nomine
1257 1132 1491 1217 scripta
1540 1132 1769 1197 dentur
1824 1132 2090 1217 agenda.
2180 1132 2291 1197 ad-

231 1225 552 1311 sumptiva
609 1248 758 1311 pars
820 1235 948 1303 est,
1009 1246 1155 1290 cum
1213 1248 1328 1311 per
1381 1249 1451 1291 se
1512 1227 1799 1291 defensio
1860 1226 2111 1291 infirma
2170 1237 2287 1305 est,

231 1320 570 1404 adsumpta
613 1318 886 1383 extraria
926 1342 996 1383 re
1043 1320 1505 1404 comprobatur.
1596 1320 2033 1405 adsumptivae
2074 1330 2289 1406 partes
2337 1392 2340 1395 ,

231 1422 381 1477 sunt
415 1423 742 1495 quattuor:
781 1411 1129 1487 concessiO,
1165 1413 1433 1477 remotio
1468 1414 1768 1491 criminis,
1805 1414 2133 1479 translatio
2170 1414 2291 1477 cri-

229 1504 449 1581 minis,
515 1504 923 1588 comparatio.
1031 1505 1358 1569 concessio
1414 1517 1540 1581 est,
1606 1528 1751 1571 cum
1799 1529 1949 1570 16118
2008 1508 2292 1592 postulat

229 1598 505 1683 ignosci3
563 1619 640 1661 ea
690 1596 989 1659 dividitur
1031 1597 1100 1660 in
1149 1598 1592 1683 purgationem
1643 1610 1709 1662 et
1760 1600 2287 1684 deprecationem.

229 1693 524 1779 purgatio
561 1703 678 1769 est,
715 1713 862 1755 cum
897 1692 1184 1757 consulto
1211 1704 1407 1777 negat
1443 1715 1512 1757 se
1538 1715 1685 1757 reus
1722 1694 1981 1771 fecisse3
2020 1717 2097 1758 ea
2132 1695 2292 1757 divi-

233 1786 444 1851 ditur
425 1810 493 1849 111
519 1786 856 1863 fortunam,
891 1786 1401 1871 imprudentiam,
1438 1786 1913 1877 necessitatem:
1950 1787 2292 1895 fortunam,

230 1890 304 1945 ut
339 1876 582 1964 Caepio
620 1880 703 1943 ad
737 1880 1022 1945 tribunos
1057 1879 1264 1987 plebis
1301 1881 1382 1945 de
1418 1881 1731 1945 exercitus
1768 1880 2137 1959 amissione3
2172 1881 2291 1943 im-
2333 1880 2348 1897 ¹

233 1972 668 2059 prudentiam,
695 1984 770 2037 ut
801 1973 937 2051 ille,
985 1974 1093 2057 qui
1129 1975 1208 2039 de
1243 1996 1322 2039 60
1359 1996 1573 2052 serve,
1621 1974 1747 2058 qui
1763 1974 2091 2041 dominum
2126 1975 2292 2039 occi-

233 2068 437 2144 derat,
493 2066 874 2152 supplicium
927 2068 1226 2154 sumpsit,
1289 2068 1392 2133 cui
1443 2068 1638 2133 frater
1690 2078 1889 2146 68861,
1953 2079 2293 2151 antequam

233 2160 482 2225 tabulas
546 2161 908 2227 testamenti
971 2162 1243 2247 aperuit,
1309 2183 1456 2225 cum
1506 2162 1563 2226 is
1628 2184 1850 2227 servus
1912 2172 2291 2227 testamento

231 2254 661 2320 manumissus
697 2266 898 2334 esset3
950 2256 1513 2334 necessitudinem,
1568 2267 1643 2322 ut
1672 2257 1807 2335 ille,
1864 2257 1971 2341 qui
2007 2257 2090 2322 ad
2124 2256 2295 2320 diem

233 2359 622 2414 commeatus
666 2373 797 2416 non
849 2351 1052 2427 venit,
1107 2352 1282 2434 quod
1325 2372 1527 2434 aquae
1568 2351 2091 2432 interclusissent.
2183 2352 2293 2416 de-

231 2445 512 2530 precatio
547 2454 673 2521 est,
721 2465 866 2509 cum
899 2455 966 2509 et
997 2466 1302 2530 peccasse
1340 2467 1411 2508 se
1446 2456 1512 2508 et
1553 2447 1843 2512 consulto
1878 2445 2109 2510 fecisse
2142 2467 2291 2509 reus

233 2539 594 2615 confitetur,
649 2549 716 2603 et
758 2551 972 2603 tamen
1013 2539 1323 2624 postulat,
1377 2550 1451 2602 ut
1493 2539 1593 2602 8111
1645 2539 2081 2603 misereantur.
2169 2538 2293 2602 hoc

231 2635 299 2698 in
331 2633 564 2698 iudicio
600 2634 736 2696 1616
768 2657 896 2698 non
924 2644 1138 2718 potest
1169 2656 1294 2696 usu
1321 2633 1557 2710 venire,
1602 2633 1745 2710 nisi,
1784 2633 2034 2714 quando
2060 2655 2177 2717 pro
2214 2654 2291 2696 60

233 2727 532 2802 dicimus,
579 2725 760 2789 cuius
803 2727 1006 2790 multa
1037 2736 1208 2791 recte
1251 2725 1425 2789 facta
1468 2737 1748 2802 exstant,
1793 2726 1915 2790 hoc
1956 2726 2147 2789 modo
2196 2723 2292 2810 [in

230 2822 372 2887 loco
410 2818 731 2885 communi
779 2841 895 2905 per
931 2817 1511 2904 amplificationem]
1566 2818 1927 2882 1616166168.
1984 2818 2184 2902 ‘quod
2236 2818 2293 2882 si

233 2914 356 2979 hoc
415 2913 702 2990 fecisset,
765 2924 978 2977 tamen
1041 2913 1100 2978 ei
1149 2935 1266 2999 pro
1326 2911 1610 2998 pristinis
1662 2912 1985 2976 beneficiis
2025 2912 2292 3021 ignosci

233 3009 624 3085 conveniret,
680 3029 901 3072 verum
933 3007 1092 3072 nihil
1123 3007 1408 3093 postulat
1448 3006 1735 3093 ignosci?
1826 3028 1978 3092 ergo
2019 3006 2088 3071 in
2130 3006 2294 3070 iudi-

234 3104 402 3169 cium
453 3127 583 3170 non
633 3103 834 3182 venit,
891 3113 958 3168 at
999 3102 1068 3167 in
1119 3113 1411 3168 senatum
1450 3099 1563 3188 [ad
1600 3100 2073 3188 imperatorem]
2121 3113 2187 3166 et
2224 3103 2293 3164 in

233 3198 566 3264 consilium
602 3197 745 3262 talis
794 3219 990 3262 causa
1019 3209 1234 3284 potest
1277 3197 1512 3262 venire.
1602 3219 1684 3261 ex
1726 3196 2137 3261 translatione
2174 3196 2295 3260 611-
2328 3191 2395 3302 l}

231 3292 419 3356 minis
457 3313 650 3356 causa
685 3303 960 3370 constat,
1007 3313 1152 3356 cum
1186 3291 1419 3356 fecisse
1464 3314 1581 3356 nos
1618 3313 1749 3356 non
1781 3313 2121 3377 negamus,
2178 3291 2293 3354 sed

235 3384 500 3449 aliorum
564 3387 841 3471 peccatis
913 3396 1165 3451 coactos
1235 3386 1467 3449 fecisse
1542 3383 1807 3449 dicimus
1866 3395 1941 3448 ut
2000 3384 2290 3460 Orestes,

235 3499 382 3541 cum
417 3499 487 3542 se
523 3478 857 3543 defendit
839 3503 906 3543 m
939 3491 1207 3544 matrem
1253 3479 1587 3544 conferens
1624 3479 1881 3544 crimen.
1972 3501 2053 3543 ex
2085 3500 2293 3542 remo·-

233 3571 404 3636 tione
457 3570 735 3636 criminis
791 3595 986 3636 causa
1027 3584 1305 3650 constat,
1359 3593 1507 3636 cum
1550 3596 1591 3636 a
1631 3574 1815 3638 nobis
1859 3595 1990 3638 non
2033 3572 2288 3647 crimen,

235 3668 352 3732 sed
386 3667 640 3753 culpam
680 3667 889 3752 ipsam
931 3691 1330 3746 amovemus,
1367 3678 1443 3732 et
1475 3668 1579 3733 vel
1613 3667 1681 3730 in
1722 3667 2045 3732 hominem
2086 3675 2292 3728 trans-

233 3761 496 3827 ferimus
533 3761 636 3824 vel
667 3760 738 3824 in
779 3782 916 3824 rem
959 3762 1324 3849 quampiam
1368 3761 1772 3826 conferimus.
1859 3760 1929 3822 in
1970 3757 2291 3822 hominem

235 3857 628 3933 transfertur,
663 3866 738 3920 ut
771 3855 829 3921 si
864 3867 1194 3921 accusetur
1225 3856 1304 3933 is,
1342 3856 1453 3939 qui
1484 3856 1565 3920 P.
1596 3853 1951 3940 Sulpicium
1986 3875 2055 3916 86
2091 3852 2291 3916 fatea-

237 3960 336 4013 tur
371 3950 700 4028 occidisse,
737 3961 802 4014 et
833 3950 902 4015 id
933 3950 1116 4015 1118811
1149 3950 1485 4015 consulum
1518 3948 1839 4024 defendat,
1876 3957 1942 4010 et
1975 3967 2085 4010 eos
2120 3945 2291 4010 dicat

231 4063 364 4106 non
412 4044 603 4110 modo
654 4045 1030 4132 imperasse,
1089 4045 1204 4109 sed
1245 4043 1556 4109 rationem
1608 4063 1859 4126 quoque
1911 4040 2289 4116 ostendisse,
