2784 4575
360 906 440 948 281

357 2206 438 2247 282

363 3210 435 3265 82

354 3282 433 3323 sss

473 276 605 354 262
839 254 867 262 “
1084 283 1164 342 ιιι.
1201 281 1478 342 'ruam
1510 279 1911 340 messurus

471 410 632 479 nihil
683 407 1070 496 expeditius:
1123 415 1312 490 atque
1353 404 1460 471 hic
1500 427 1726 492 parum
1762 426 1802 469 a
1832 403 2157 490 magistris
2198 402 2542 474 institutus

473 515 765 572 naturam
814 501 1038 568 habuit
1098 497 1533 566 admirabilem
1584 498 1669 563 ad
1718 497 2089 578 dicendum3
2150 497 2543 566 industriam

471 618 604 666 non
637 619 780 663 sum
815 604 1114 682 expertus
1121 618 1144 672 3
1197 593 1477 658 studium
1518 602 1688 657 certe
1733 590 1883 657 fuit:
1938 590 2045 676 qui
2078 590 2135 657 si
2168 613 2273 656 me
2306 593 2541 658 audire

474 691 812 768 voluisset,
847 700 921 753 ut
955 697 1277 774 coeperat,
1321 687 1597 753 honores
1632 707 1823 769 quam
1856 706 2013 772 opes
2058 685 2361 770 consequi
2392 707 2541 752 ma-

473 783 737 852 luisset?
827 781 1158 868 ‘quidnam
1213 780 1337 847 est’
1389 778 1596 862 inquit
1646 776 1876 844 6ἱειικιὶ)
1928 789 1993 844 et
2036 800 2223 862 quem
2266 779 2349 844 ad
2390 801 2544 846 mo-

477 878 630 943 dum
679 873 1082 964 distinguis?’
1146 875 1268 940 hoc
1317 871 1567 938 modo’.
1552 896 1568 914 ·
1630 871 1902 980 inquam·
1950 877 2128 936 ‘cum
2187 870 2391 939 honos
2444 873 2544 939 sit

473 971 824 1058 praemium
873 967 1122 1034 virtutis
1174 967 1409 1032 iudicio
1462 965 1795 1049 studioque
1848 964 2082 1030 civium
2123 965 2405 1032 delatum
2446 969 2543 1032 ad

475 1065 779 1150 aliquem,
834 1063 944 1147 qui
977 1084 1124 1128 eum
1161 1059 1521 1138 sententiis,
1574 1059 1683 1144 qui
1726 1059 2048 1146 suffragiis
2103 1060 2371 1148 adeptus
2408 1074 2541 1140 est,

473 1161 532 1224 is
563 1158 722 1224 mihi
756 1168 822 1224 et
863 1156 1170 1222 honestus
1207 1167 1272 1222 et
1305 1155 1649 1221 honoratus
1703 1153 1980 1232 videtur3
2030 1154 2139 1239 qui
2173 1165 2387 1220 autem
2420 1177 2543 1220 oc-

476 1252 730 1318 casione
767 1251 1003 1334 aliqua,
1051 1249 1243 1315 etiam
1277 1248 1493 1314 invitis
1528 1247 1661 1314 suis
1696 1247 1971 1326 civibus,
2016 1258 2241 1313 nactus
2276 1258 2377 1314 est
2407 1247 2543 1312 im·-

471 1344 745 1432 perium,
797 1352 870 1407 ut
899 1343 1008 1408 ille
1041 1342 1366 1430 cupiebat,
1418 1341 1587 1406 hunc
1629 1363 1863 1408 nomen
1904 1340 2162 1408 honoris
2206 1342 2536 1427 adeptum,

473 1461 604 1504 non
637 1436 942 1505 honorem
975 1446 1152 1522 puto.
1224 1457 1386 1520 quae
1422 1435 1480 1500 si
1512 1434 1620 1500 ille
1646 1434 1863 1500 audire
1890 1434 2216 1513 voluisset,
2250 1434 2545 1502 maxima

474 1552 623 1596 cum
671 1531 876 1618 gratia
925 1541 992 1596 et
1041 1528 1247 1617 gloria
1287 1529 1372 1594 ad
1407 1552 1723 1594 summam
1773 1528 2253 1616 amplitudinem
2302 1551 2539 1616 perve-

473 1625 700 1703 nisset,
755 1625 1104 1691 ascendens
1141 1624 1445 1710 gradibus
1488 1623 2003 1710 magistratuum,
2052 1633 2125 1688 ut
2156 1633 2339 1710 pater
2388 1623 2538 1688 eius

474 1718 738 1796 fecerat,
799 1729 874 1783 ut
921 1717 1149 1802 reliqui
1209 1717 1507 1784 clariores
1569 1716 1707 1782 viri.
1812 1737 1974 1801 quae
2010 1715 2285 1800 quidem
2336 1714 2529 1781 etiam

475 1832 621 1878 cum
652 1811 732 1877 P.
771 1809 1010 1877 Crasso
1042 1811 1143 1875 M.
1177 1810 1278 1887 F„
1314 1830 1462 1875 cum
1493 1809 1671 1877 initio
1706 1809 1929 1874 aetatis
1966 1807 2049 1874 ad
2083 1807 2417 1874 amicitiam
2453 1831 2537 1873 se

472 1926 684 1970 meam
735 1904 1135 1980 contulisset,
1189 1925 1381 1989 saepe
1426 1903 1639 1988 egisse
1690 1925 1795 1968 me
1851 1902 2146 1981 arbitror,
2200 1924 2340 1966 cum
2372 1923 2533 1966 eum.

473 1998 880 2063 vehementer
931 1995 1244 2073 hortarer,
1307 2007 1378 2061 ut
1428 2019 1570 2060 eam
1622 1995 1829 2062 laudis
1882 1997 2053 2062 viam
2108 1994 2525 2063 rectissimam

473 2112 617 2155 esse
662 2090 947 2166 duceret,
1002 2109 1193 2173 quam
1237 2089 1509 2154 maiores
1554 2089 1689 2156 eius
1734 2090 1796 2155 ei
1839 2091 2051 2156 tritam
2091 2089 2530 2173 reliquissent,
2500 2115 2526 2129 ·

475 2193 610 2246 erat
669 2182 840 2246 enim
904 2203 1051 2254 cum
1109 2181 1439 2248 institutus
1501 2183 1738 2270 optime
1800 2194 1937 2251 tum
1998 2184 2187 2250 etiam
2242 2183 2536 2270 perfecte

469 2273 784 2361 planeque
837 2276 1120 2341 eruditus
1132 2324 1153 2355 ,
1204 2275 1533 2362 ineratque
1576 2290 1641 2345 et
1689 2277 2016 2365 ingenium
2068 2278 2381 2345 satisacr
2274 2299 2416 2345 acre
2460 2290 2531 2344 et

471 2368 772 2435 orationis
825 2394 957 2436 non
1006 2370 1336 2457 inelegans
1389 2372 1603 2459 copia3
1654 2384 2108 2484 praetereaque
2162 2373 2313 2439 sine
2342 2373 2535 2441 adro-

472 2463 689 2551 gantia
721 2464 936 2551 gravis
971 2487 1117 2531 esse
1151 2465 1485 2531 videbatur
1520 2478 1585 2532 et
1619 2467 1755 2543 sine
1799 2467 2071 2554 segnitia
2110 2467 2535 2545 verecundus.

471 2558 588 2623 sed
622 2558 792 2623 hunc
825 2579 1076 2643 quoque
1113 2559 1444 2626 absorbuit
1485 2571 1699 2627 aestus
1735 2560 1993 2645 quidam
2034 2560 2329 2629 insolitae
2372 2560 2535 2626 adu-

469 2652 854 2719 lescentibus
910 2652 1181 2739 gloriae3
1233 2654 1342 2738 qui
1387 2654 1539 2738 quia
1586 2664 1849 2721 navarat
1888 2654 2072 2721 miles
2116 2678 2376 2742 operam
2408 2654 2535 2719 im-

466 2742 772 2833 peratori,
825 2745 1274 2833 imperatorem
1309 2768 1381 2812 se
1427 2747 1642 2813 statim
1687 2770 1831 2815 esse
1876 2748 2197 2836 cupiebat3
2250 2748 2355 2814 cui
2386 2770 2535 2813 mu-

467 2838 606 2903 neri
673 2861 814 2905 mos
875 2840 1187 2907 maiorum
1248 2850 1520 2907 aetatem
1588 2852 1855 2919 certam,
1927 2854 2163 2908 sortem
2220 2842 2534 2908 incertam

467 2930 750 3015 reliquit:
801 2933 893 2998 ita
926 2933 1306 3019 gravissimo
1351 2958 1469 3000 suo
1513 2956 1697 3012 casn,
1754 2935 1905 2999 dum
1942 2932 2099 3018 Cyri
2143 2944 2207 2999 et
2238 2936 2537 3001 Alexan-

469 3026 568 3091 dri
601 3025 825 3110 similis
863 3048 1008 3095 esse
1043 3028 1270 3105 voluit,
1327 3028 1437 3113 qui
1471 3048 1657 3093 suum
1709 3048 1964 3092 cursum
2000 3037 2534 3107 transcurrerant,

467 3130 532 3185 et
573 3119 657 3185 L.
699 3117 923 3186 Crassi
975 3132 1040 3187 et
1080 3120 1423 3186 multorum
1468 3118 1849 3186 Crassorum
1900 3118 2195 3183 inventus
2249 3128 2349 3183 est
2392 3119 2533 3183 dis-—

471 3211 847 3281 simillimus.
939 3213 1055 3280 sed
1082 3213 1170 3285 ,ad
1207 3210 1481 3279 Calvum
1516 3248 1601 3261 --
1636 3212 1693 3277 is
1738 3212 1907 3278 enim
1957 3211 2143 3278 nobis
2197 3222 2335 3277 erat
2375 3235 2534 3299 pro-

465 3306 714 3394 positus
748 3344 837 3357 —-
867 3316 1284 3380 revertamur:
1339 3306 1449 3390 qui
1499 3301 1707 3373 orator
1758 3305 1881 3372 fuit
1922 3327 2068 3371 cum
2118 3305 2345 3372 litteris
2381 3328 2533 3371 eru·

467 3399 656 3468 ditior
690 3423 880 3485 quam
907 3398 1104 3467 Curio
1139 3409 1276 3465 tum
1309 3400 1503 3468 etiam
1536 3401 1897 3470 adcuratius
1924 3400 2247 3487 quoddam
2272 3400 2529 3466 dicendi

465 3506 532 3559 et
565 3495 941 3579 exquisitius
976 3493 1304 3561 adferebat
1337 3518 1543 3583 genus
1554 3522 1574 3575 3
1627 3496 1799 3581 quod
1833 3516 2219 3582 quamquam
2252 3495 2535 3564 scienter·

467 3588 916 3675 eleganterque
968 3590 1308 3667 tractabat,
1369 3590 1636 3658 nimium
1688 3601 1903 3657 tamen
1955 3590 2281 3674 inquirens
2332 3587 2401 3655 in
2452 3609 2530 3653 se

469 3690 658 3765 atque
690 3679 832 3767 ipse
867 3705 1011 3751 sese
1055 3683 1405 3749 observans
1446 3694 1861 3769 metuensque
1896 3706 1979 3749 ne
2030 3683 2333 3751 vitiosum
2374 3704 2535 3747 con-

463 3773 721 3861 ligeret,
767 3775 959 3841 etiam
991 3798 1214 3843 verum
1249 3776 1624 3865 sanguinem
1658 3778 2049 3866 deperdebat
2056 3801 2077 3855 3
2128 3776 2342 3861 itaque
2386 3776 2525 3842 eius

369 3936 374 3939 ,
467 3866 668 3935 oratio
703 3868 902 3935 nimia
931 3870 1237 3957 religione
1273 3880 1598 3937 attenuata
1650 3872 1853 3943 doctis
1889 3882 1954 3937 et
1975 3871 2240 3937 'attente
2264 3870 2534 3935 audien-—

361 3991 371 3998 ··
467 3959 638 4025 tibus
681 3972 819 4026 erat
867 3962 1179 4042 inlustris3
1240 3988 1281 4029 a
1310 3965 1712 4031 multitudine
1768 3976 1983 4033 autem
2006 3962 2091 4030 'et
2127 3988 2167 4031 a
2200 3963 2366 4041 foro,
2420 3962 2529 4027 cui

463 4060 620 4113 nata
653 4053 1014 4135 eloquentia
1046 4066 1173 4134 est,
1210 4057 1673 4125 devorabatur?

484 4562 674 4571 η--ω--ι-μ.
681 4562 1095 4571 --——-·-—--——--—---
1114 4564 1129 4567 -
1142 4564 1162 4569 -
1173 4564 1187 4569 ,-
1199 4564 1274 4569 ὴ--,.,
1315 4566 1388 4571 ,-Ᾰ--,
