2784 4575
433 254 519 318 86
1041 263 1120 318 Μ.
1157 261 1435 319 TULLII
1468 259 1871 318 CICERONIS

431 386 595 452 ciam
635 421 726 433 —-
770 394 1072 470 quantum
1125 406 1505 470 consequar,
1560 407 1676 450 vos
1728 383 2085 450 iudicabitis
2126 421 2216 432 —-
2260 385 2490 470 quibus

433 503 516 546 ex
548 479 704 546 locis
741 480 824 544 ad
859 501 968 544 eas
1003 477 1118 544 tris
1161 501 1296 557 res,
1351 499 1517 563 quae
1553 479 1637 543 ad
1670 477 1864 543 fidem
1912 478 2272 544 faciendam
2317 479 2493 544 solae

431 573 646 640 valent
653 621 672 652 ‚
727 573 992 638 ducatur
1043 573 1274 651 oratio,
1327 581 1400 636 ut
1444 581 1511 636 et
1552 570 1962 644 concilientur
2014 571 2207 636 animi
2258 582 2326 637 et
2378 573 2495 638 do-

433 678 692 733 ceantur
735 677 801 732 et
839 677 1242 744 moveantur3
1301 662 1490 752 [haec
1535 677 1685 732 sunt
1735 665 1905 731 enim
1957 663 2127 751 tria.]
2216 687 2296 730 ea
2338 687 2493 732 vero

317 759 320 762 ’
431 784 620 846 quem
655 760 738 825 ad
771 761 1031 826 modum
1063 757 1505 838 inlustrentur,
1540 769 1797 846 praesto
1834 768 1951 836 est,
1989 757 2099 842 qui
2132 757 2339 824 omnis
2378 759 2493 824 do-

321 977 398 1018 122

314 2189 392 2230 123

311 2572 391 2613 124

431 877 574 920 cere
615 855 849 941 possit,
904 853 1014 938 qui
1063 853 1187 920 hoc
1237 853 1480 940 primus
1532 853 1601 917 in
1649 863 1904 932 nostros
1956 874 2165 918 mores
2216 851 2491 930 induxit,

433 950 542 1036 qui
573 949 848 1014 maxime
875 948 1070 1040 auxit,
1107 947 1215 1032 qui
1251 949 1424 1013 solus
1455 947 1685 1014 effecit.
1754 969 2027 1032 namque
2054 971 2196 1034 ege,
2235 944 2489 1028 Catule,

427 1079 518 1092 -
550 1043 759 1108 dicam
793 1041 964 1108 enim
996 1065 1129 1108 non
1169 1064 1469 1107 reverens
1507 1041 1884 1108 adsentandi
1918 1041 2348 1127 suspicionem
2400 1084 2489 1094 --

429 1137 750 1202 neminem
793 1159 938 1202 esse
973 1145 1288 1201 oratorem
1335 1136 1530 1222 paulo
1572 1133 1999 1200 inlustriorem
2043 1132 2309 1200 arbitror
2347 1131 2491 1220 [ne-

431 1252 555 1314 que
593 1229 914 1296 Graecum
945 1251 1151 1314 neque
1185 1226 1521 1316 Latinum]
1569 1251 1758 1313 quem
1793 1239 1967 1294 aetas
2002 1240 2222 1295 nostra
2254 1229 2485 1306 tulerit,

429 1345 621 1407 quem
649 1345 781 1388 non
817 1333 882 1387 et
915 1345 1105 1409 saepe
1142 1334 1207 1388 et
1229 1323 1575 1410 diligenter
1610 1321 1946 1401 audierim,
1986 1322 2203 1407 itaque
2242 1322 2295 1388 si
2322 1323 2487 1406 quid

429 1427 532 1482 est
563 1414 630 1481 in
661 1439 766 1482 me
798 1451 889 1464 -
921 1417 1093 1526 quod
1127 1417 1257 1482 iam
1292 1440 1547 1504 sperare
1592 1415 1840 1494 videor,
1894 1416 2194 1501 quoniam
2229 1415 2489 1500 quidem

428 1532 577 1587 vos,
629 1509 729 1574 his
782 1509 1055 1596 ingeniis
1107 1510 1431 1590 homines,
1484 1521 1731 1576 tantum
1782 1532 2013 1595 operae
2055 1509 2213 1574 mihi
2247 1507 2331 1575 ad
2373 1532 2490 1575 au-

427 1603 728 1669 diendum
783 1604 946 1669 datis
978 1640 1069 1652 —
1101 1628 1184 1671 ex
1227 1627 1302 1670 eo
1347 1615 1474 1684 est,
1526 1605 1700 1688 quod
1750 1603 1910 1669 nihil
1958 1604 2297 1688 quisquam
2345 1627 2487 1670 um-

428 1720 621 1781 quam
661 1721 764 1763 me
819 1697 1112 1763 audiente
1157 1698 1288 1786 egit
1333 1695 1601 1784 [orator]
1616 1745 1637 1776 ‚
1695 1697 1867 1782 quod
1914 1719 2043 1762 non
2077 1697 2146 1761 in
2176 1697 2486 1763 memoria

425 1815 572 1857 mea
602 1792 856 1879 penitus
891 1791 1225 1856 insederit:
1277 1792 1493 1876 itaque
1528 1814 1650 1878 ego
1684 1789 1771 1869 is,
1825 1790 1936 1874 qui
1970 1813 2140 1869 sum,
2178 1801 2483 1874 quantus-

427 1907 697 1970 cumque
735 1908 876 1951 sum
913 1885 995 1950 ad
1025 1885 1461 1962 iudicandum,
1508 1885 1800 1951 omnibus
1838 1884 2069 1950 auditis
2106 1884 2480 1964 oratoribus,

429 1980 566 2046 sine
600 1980 732 2044 ulla
784 1979 1174 2044 dubitatione
1211 1979 1304 2044 sie
1347 1989 1559 2044 statuo
1593 1989 1660 2045 et
1699 1979 1909 2044 iudico
1920 2026 1939 2057 ‚
1992 1979 2311 2044 neminem
2346 2001 2483 2044 om—

423 2073 602 2136 nium
636 2083 732 2137 tot
766 2082 832 2136 et
865 2082 1067 2148 tanta,
1106 2081 1342 2154 quanta
1376 2071 1505 2136 sint
1536 2070 1605 2136 in
1642 2070 1913 2150 Crasso,
1957 2071 2259 2137 habuisse
2295 2094 2483 2137 orna-

425 2173 642 2232 menta
677 2163 945 2228 dicendi.
1035 2186 1229 2249 quam
1261 2164 1344 2230 ob
1377 2186 1544 2241 rem,
1599 2165 1657 2230 si
1690 2187 1807 2230 vos
1862 2186 2112 2249 quoque
2154 2164 2278 2232 hoe
2310 2163 2481 2230 idem

425 2255 828 2335 existimatis,
880 2279 1010 2323 non
1045 2257 1188 2337 erit,
1232 2267 1305 2323 ut
1337 2257 1588 2345 opinor,
1633 2256 1851 2344 iniqua
1882 2257 2166 2346 partitio,
2212 2257 2297 2337 si,
2334 2279 2479 2324 cum

425 2364 548 2435 ego
573 2349 743 2415 hunc
772 2349 1165 2439 [oratorem],
1204 2374 1392 2435 quem
1419 2374 1588 2418 nunc
1612 2352 1805 2439 fing0,
1840 2364 1913 2418 ut
1936 2351 2206 2430 institui,
2238 2374 2474 2430 creare,

425 2443 668 2523 aluero,
724 2444 1124 2523 confirmaro,
1180 2446 1428 2511 tradam
1480 2467 1627 2510 eum
1672 2443 1913 2512 Crasso
1964 2456 2031 2511 et
2079 2444 2477 2511 vestiendum

426 2547 491 2602 et
523 2538 916 2603 ornandum?
1006 2548 1142 2603 tum
1177 2536 1486 2617 Crassus,
1544 2545 1645 2603 ‘tu
1687 2538 1839 2605 vero
1850 2537 1889 2617 ,’
1942 2538 2149 2624 inquit
2183 2539 2472 2619 ‘Antoni‚

421 2654 646 2719 perge,
684 2642 756 2695 ut
787 2631 1145 2711 instituisti3
1191 2655 1398 2717 neque
1434 2632 1605 2697 enim
1638 2642 1739 2698 est
1772 2632 1923 2698 boni
1956 2654 2162 2716 neque
2197 2630 2473 2697 liberalis

419 2725 721 2811 parentis,
758 2747 947 2810 quem
971 2727 1322 2812 procrearis
1359 2737 1425 2792 et
1450 2726 1765 2804 eduxeris,
1802 2746 1949 2791 eum
1980 2750 2110 2792 non
2145 2736 2211 2792 et
2243 2726 2473 2792 vestire

421 2829 487 2883 et
519 2841 771 2897 ornare,
806 2820 1180 2905 praesertim
1215 2842 1359 2885 cum
1393 2829 1458 2885 te
1491 2819 1872 2907 locupletem
1898 2842 2041 2885 esse
2075 2843 2311 2907 negare
2344 2842 2470 2887 non

417 2913 650 2997 possis.
689 2914 860 2996 quod
887 2912 1056 2978 enim
1081 2923 1539 2992 ornamentum,
1558 2936 1722 2997 quae
1748 2914 1867 2992 vis,
1890 2913 1998 2999 qui
2015 2913 2282 2993 animus,
2312 2934 2471 2999 quae

295 3070 300 3075 ,
418 3003 698 3092 dignitas
742 3006 835 3070 illi
879 3008 1111 3071 oratori
1165 3007 1393 3086 defuit,
1448 3007 1555 3091 qui
1589 3007 1657 3071 in
1692 3029 1886 3073 causa
1934 3009 2291 3094 peroranda
2339 3030 2467 3075 non

418 3099 734 3164 dubitavit
793 3101 1068 3167 excitare
1128 3124 1310 3167 reum
1373 3102 1771 3167 consularem
1824 3114 1889 3168 et
1945 3103 2082 3168 eius
2146 3103 2471 3170 diloricare

415 3193 700 3257 tunicam
734 3205 800 3259 et
838 3194 1152 3260 iudicibus
1195 3194 1519 3261 cicatrices
1574 3196 1875 3263 adversas
1932 3198 2101 3263 senis
2136 3198 2472 3284 imperato-

417 3284 507 3351 ris
561 3288 930 3354 ostendere?
984 3290 1092 3373 qui
1143 3288 1340 3367 idem,
1393 3288 1517 3353 hoc
1570 3300 1907 3356 accusante
1954 3287 2266 3379 Sulpicio,
2330 3314 2472 3357 cum

419 3380 742 3447 hominem
795 3382 1166 3448 seditiosum
1223 3381 1662 3468 furiosumque
1716 3384 2113 3464 defenderet,
2174 3403 2308 3450 non
2356 3386 2473 3449 du-

417 3475 644 3541 bitavit
696 3476 1038 3542 seditiones
1091 3478 1266 3564 ipsas
1311 3500 1537 3543 ornare
1574 3498 1651 3545 ac
1694 3479 2127 3545 demonstrare
2170 3478 2473 3567 gravissi-

415 3568 538 3636 mis
592 3568 802 3635 verbis
862 3570 1094 3635 multos
1157 3593 1348 3657 saepe
1408 3572 1684 3659 impetus
1743 3572 1964 3659 populi
2014 3595 2143 3639 non
2202 3573 2470 3638 iniustos

414 3686 593 3741 esse,
647 3685 807 3747 quos
851 3674 1186 3750 ⁴praestare
1236 3688 1426 3732 nemo
1478 3678 1731 3753 posset3
1784 3667 2024 3733 multas.
2070 3667 2261 3747 etiam
2314 3689 2351 3733 e
2398 3688 2472 3732 re

415 3756 674 3843 publica
709 3757 1052 3823 seditiones
1091 3782 1282 3845 saepe
1319 3782 1463 3825 esse
1489 3760 1715 3839 factas,
1749 3771 1823 3825 ut
1856 3782 2001 3827 cum
2033 3784 2219 3847 reges
2255 3769 2472 3827 essent

419 3850 655 3929 exacti,
707 3862 781 3917 ut
815 3872 959 3918 cum
993 3852 1328 3919 tribunicia
1358 3863 1642 3962 potestas
1682 3853 2048 3935 constituta3
2100 3855 2275 3921 illam
2307 3855 2472 3920 Nor-

420 3943 572 4005 bani
625 3944 997 4012 seditionem
1043 3969 1123 4011 ex
1164 3946 1343 4011 luctu
1398 3944 1629 4013 civium
1674 3959 1738 4014 et
1780 3971 1861 4015 ex
1905 3946 2247 4058 Caepionis
2301 3945 2469 4025 odie,

422 4031 532 4117 qui
575 4036 920 4102 exereitum
964 4040 1289 4119 amiserat,
1341 4062 1549 4124 neque
1592 4042 1847 4129 reprimi
1898 4043 2182 4129 potuisse
2226 4052 2291 4107 et
2331 4042 2471 4106 iure
