2784 4575
845 319 949 374 DE
989 317 1354 375 ORATORE
1389 319 1435 374 Ι.
1472 319 1780 374 183-191,
1862 361 1871 370 .
2242 305 2330 372 39

261 457 374 514 est
406 442 596 522 enim,
633 441 808 528 quod
841 443 924 506 ad
959 452 1160 508 artem
1191 441 1396 529 redigi
1428 441 1651 528 possit,
1685 440 1811 506 >nisi
1845 441 1951 508 ille
1985 439 2191 527 prius,
2225 441 2337 527 qui

263 541 382 610 illa
434 549 636 616 tenet,
691 559 963 620 quorum
1023 546 1224 601 artem
1273 535 1605 602 instituere
1656 534 1821 613 volt,
1878 533 2112 600 habeat
2160 533 2337 600 illam

267 632 624 710 seientiam,
659 641 733 696 ut
767 649 852 696 ex
884 630 976 695 eis
1002 631 1214 709 rebus,
1250 651 1520 714 quarum
1547 651 1650 694 ars
1684 629 1971 694 nondum
1998 629 2099 707 sit,
2136 637 2337 694 artem

266 728 526 794 efficere
560 724 785 814 possit.
864 724 988 789 hoo
1021 724 1227 802 video,
1264 724 1419 788 dum
1450 722 1729 790 breviter
1760 722 2069 788 voluerim
2104 722 2333 801 dicere,
2370 749 2447 789 18⁷

265 821 516 888 dietum
549 843 590 886 a
619 841 726 884 me
753 839 898 885 esse
924 817 1116 904 paulo
1139 817 1503 894 obscurius3
1540 815 1659 882 sed
1691 817 1980 904 experiar
2010 827 2075 882 et
2107 816 2333 894 dicam,

267 916 332 982 si
363 926 614 1002 potero,
657 911 940 1000 planius:
997 913 1210 978 omnia
1241 913 1407 990 fere,
1452 932 1617 996 quae
1654 919 1803 975 sunt
1836 911 2137 977 conclusa
2166 929 2339 975 nunc
2368 921 2441 978 42

268 1009 540 1086 artibus,
579 1007 867 1093 dispersa
903 1015 968 1070 et
999 1005 1310 1094 dissipata
1334 1005 1657 1090 quondam
1682 1004 1967 1083 fuerunt3
2001 1016 2074 1070 ut
2105 1004 2174 1069 in
2198 1025 2339 1068 mu-

270 1101 428 1167 sicis
472 1101 716 1166 numeri
757 1111 822 1165 et
857 1121 1048 1168 voces
1087 1111 1152 1164 et
1183 1100 1384 1178 modi3
1438 1099 1505 1164 in
1540 1099 1887 1186 geometria
1934 1099 2335 1175 lineamenta,

269 1195 542 1272 formae,
577 1193 934 1272 intervalla,
977 1192 1478 1280 magnitudines·
1458 1243 1477 1274 ,
1512 1193 1583 1258 in
1617 1193 1961 1282 astrologia
1995 1193 2155 1258 caeli
2186 1213 2339 1258 conv

271 1287 514 1366 versio,
559 1297 860 1366 ortus,o
821 1287 1034 1354 obitus
1068 1298 1408 1372 motusque
1444 1287 1751 1367 siderum3
1802 1287 1872 1352 in
1906 1284 2335 1376 grammaticis

267 1387 604 1492 poetarum
646 1381 1098 1491 pertractatio,
1169 1381 1573 1448 historiarum
1632 1381 1939 1468 cognitio,
2000 1381 2337 1446 verborum
2427 1440 2429 1443 .

266 1475 736 1562 interpretatio,
772 1475 1220 1561 pronuntiandi
1256 1475 1515 1559 quidam
1550 1497 1773 1554 sonus3
1810 1475 1877 1539 in
1909 1474 2031 1540 hac
2064 1473 2335 1558 denique

270 1569 421 1656 ipsa
449 1569 698 1635 ratione
733 1569 988 1634 dicendi
1027 1569 1419 1658 excogitare,
1474 1589 1730 1646 ornare,
1782 1569 2117 1656 disponere
2130 1617 2149 1648 ,
2202 1591 2339 1634 me-

268 1663 566 1742 miuisse,
619 1685 810 1750 agere
860 1664 1082 1750 ignota
1133 1662 1455 1747 quondam
1505 1661 1799 1728 omnibus
1831 1673 1899 1728 et
1932 1662 2167 1728 diffusa
2208 1661 2335 1728 late

271 1757 682 1824 videbantur:
736 1757 1018 1823 adhibita
1051 1767 1152 1824 est
1183 1757 1377 1844 igitur
1412 1779 1516 1823 ars
1570 1757 1922 1844 quaedam
1938 1755 2333 1823 extrinsecus
2368 1783 2447 1824 188

267 1874 358 1916 ex
393 1851 515 1916 alio
547 1873 782 1938 genere
827 1851 1130 1936 quodam3
1187 1851 1358 1935 quod
1398 1850 1525 1915 sibi
1574 1860 1779 1916 totum
1822 1838 2186 1938 philosophi
2217 1849 2333 1916 ad-

269 1954 562 2022 sumunt,
615 1965 778 2029 quae
811 1967 948 2010 rem
983 1945 1358 2010 dissolutam
1402 1943 1841 2029 divolsamque
1876 1943 2339 2031 conglutinaret

266 2049 339 2104 et
377 2038 624 2105 ratione
675 2039 952 2123 quadam
1003 2038 1483 2148 constringeret.
1574 2037 1659 2103 sit
1692 2060 1848 2126 ergo
1888 2038 1957 2102 in
1990 2037 2125 2102 iure
2168 2036 2338 2102 civili

267 2131 416 2198 finis
452 2131 586 2198 hiez
637 2131 960 2219 legitimae
996 2143 1186 2216 atque
1219 2132 1493 2198 usitatae
1535 2131 1607 2197 in
1638 2133 1833 2197 rebus
1876 2132 2213 2216 causisque
2249 2131 2337 2196 ci·-

267 2225 451 2291 vium
475 2226 938 2311 aequabilitatis
966 2225 1384 2293 conservatio.
1452 2237 1589 2291 tum
1617 2236 1767 2293 sunt
1790 2225 2071 2293 notanda
2096 2247 2335 2314 genera
2371 2249 2448 2291 189

270 2329 341 2384 et
375 2319 460 2383 ad
491 2331 731 2385 certum
761 2344 1098 2387 numerum
1130 2320 1642 2407 paucitatemque
1676 2320 2053 2387 revocanda.
2126 2330 2335 2408 genus

267 2422 491 2479 autem
524 2422 625 2479 est
655 2413 750 2492 id,
787 2416 955 2499 quod
989 2416 1092 2482 sui
1125 2414 1345 2481 similis
1383 2414 1823 2481 communione
1857 2415 2151 2499 quadam,
2188 2436 2335 2501 spe-

267 2507 370 2573 cie
405 2518 622 2574 autem
659 2508 1027 2589 differentis,
1065 2510 1226 2575 duas
1263 2520 1373 2577 aut
1405 2509 1605 2596 pluris
1632 2509 2066 2596 complectitur
2101 2509 2333 2594 partis3

269 2612 486 2687 partes
531 2612 746 2667 autem
789 2613 963 2683 sunt,
1018 2625 1182 2687 quae
1235 2603 1577 2691 generibus
1622 2602 1745 2681 eis,
1801 2626 1883 2667 ex
1926 2602 2153 2685 quibus
2200 2625 2335 2667 mae-

269 2704 458 2772 nant,
496 2695 915 2776 subiciuntur3
971 2697 1336 2781 omniaque,
1374 2718 1537 2781 quae
1574 2706 1721 2761 sunt
1754 2696 1858 2760 vel
1893 2716 2197 2781 generum
2232 2695 2337 2759 vel

271 2786 550 2873 partium
579 2790 864 2868 nomina,
919 2790 1421 2867 definitionibus,
1474 2811 1665 2873 quam
1711 2788 1841 2855 vim
1874 2787 2181 2866 habeant,
2236 2799 2337 2853 est

269 2880 782 2967 exprimendum3
855 2893 955 2949 est
1013 2884 1185 2951 enim
1245 2882 1527 2949 definitio
1588 2905 1803 2948 rerum
1860 2903 2109 2959 earum,
2174 2902 2335 2965 quae

271 2983 427 3046 sunt.
461 2975 594 3041 eius
627 2977 720 3043 rei
752 2976 1078 3065 propriae,
1115 3000 1306 3063 quam
1343 2975 1605 3046 definire
1641 2976 1935 3043 volumus
1949 3024 1968 3054 ,
2022 2975 2233 3043 brevis
2271 2986 2337 3041 et

267 3068 746 3159 circumscripta
779 3072 1094 3155 quaedam
1119 3071 1478 3158 explicatio,
1524 3070 1700 3138 hisce
1737 3094 1858 3157 ego
1892 3070 2085 3135 rebus
2120 3094 2335 3137 exem-
2370 3099 2451 3141 ιω

270 3163 380 3250 pla
431 3163 873 3251 adiungerem,
927 3165 1053 3231 nisi
1089 3166 1261 3252 apud
1315 3187 1477 3250 quos
1512 3166 1675 3231 haec
1729 3165 2071 3231 haberetur
2114 3165 2334 3244 oratic,

268 3278 624 3337 eernerem3
685 3280 857 3325 nunc
907 3260 1317 3347 complectar,
1384 3260 1557 3346 quod
1616 3260 1946 3347 proposui,
2006 3261 2217 3327 brevi:
2280 3262 2339 3327 si

267 3351 446 3416 enim
480 3362 591 3426 aut
623 3352 782 3417 mihi
808 3353 1023 3419 facere
1056 3354 1336 3433 licuerit,
1393 3354 1566 3438 quod
1605 3354 1735 3421 iam
1788 3356 1896 3421 diu
1933 3354 2172 3442 cogite,
2228 3366 2341 3420 aut

272 3443 438 3509 alius
493 3445 808 3531 quispiam
869 3458 978 3515 aut
1026 3470 1131 3513 me
1181 3448 1487 3535 impedito
1540 3448 1867 3536 occuparit
1918 3459 2028 3513 aut
2086 3458 2339 3513 mortuo

268 3538 587 3617 effecerit,
640 3550 714 3605 ut
743 3540 1018 3628 primum
1070 3561 1258 3608 omne
1308 3541 1411 3607 ius
1466 3542 1649 3608 civile
1681 3542 1751 3607 in
1792 3564 2033 3628 genera
2071 3541 2337 3626 digerat,

267 3654 438 3717 quae
471 3655 794 3721 perpauca
829 3646 1005 3714 sunt,
1065 3636 1294 3702 deinde
1331 3658 1551 3704 eorum
1584 3656 1892 3723 generum
1929 3632 2111 3718 quasi
2144 3653 2340 3716 quae-

271 3728 424 3793 dam
456 3729 748 3795 membra
782 3729 1138 3816 dispertiat,
1195 3740 1331 3797 tum
1363 3730 1687 3817 propriam
1724 3730 2029 3812 cuiusque
2061 3726 2194 3791 vim
2228 3726 2341 3793 de·-

269 3820 558 3889 finitione
593 3822 902 3902 declaret,
953 3824 1304 3911 perfectam
1338 3834 1541 3892 artem
1572 3824 1729 3890 iuris
1764 3821 1965 3892 civilis
2002 3819 2336 3899 habebitis,

270 3914 484 3999 magis
518 3938 824 4003 magnam
863 3926 1054 4002 atque
1087 3919 1376 3997 uberem,
1426 3940 1619 4003 quam
1654 3916 1978 3983 difficilem
2012 3924 2077 3979 et
2110 3915 2341 3981 obscu-

271 4028 436 4071 ram.
543 4019 734 4094 atque
785 4010 1030 4077 interea
1080 4022 1322 4091 tamen,
1379 4012 1534 4078 dum
1584 4010 1775 4089 haec,
1836 4030 1999 4093 quae
2050 4008 2341 4097 dispersa
2373 4034 2447 4077 ιιι

271 4111 456 4179 flunt,
513 4116 854 4191 cogantur,
913 4105 1016 4171 vel
1049 4105 1294 4192 passim
1327 4106 1479 4174 licet
1519 4117 1883 4192 carpentem
1918 4113 1983 4170 et
2017 4102 2343 4189 conligen-
