2784 4575
384 919 450 974 31

391 993 444 1034 51

389 2260 441 2301 52

494 220 622 288 130
1113 231 1191 285 M.
1228 227 1503 288 TULLII
1538 227 1945 286 CICERONIS

491 355 840 422 cessarium
893 363 960 421 et
1011 355 1092 419 ab
1147 352 1297 419 artis
1365 351 1777 440 scriptoribus
1838 349 2113 418 maxime
2172 352 2573 440 neglectum,

491 473 618 536 qua
667 473 736 516 re
793 445 914 536 [et]
969 449 1050 515 de
1101 470 1180 514 ea
1228 447 1674 535 praeceptione
1724 446 1911 513 nobis
1974 446 2188 512 statim
2238 447 2362 514 hoc
2413 449 2572 516 1000

489 545 828 610 dicendum
861 543 1072 608 visum
1107 552 1224 619 est,
1262 553 1334 606 ut
1369 542 1453 606 ad
1478 540 1907 608 inventionem
1940 542 2297 628 argumenti
2332 542 2573 608 adiun-

487 649 762 725 geretur.
873 633 968 722 [et
1017 658 1254 723 magna
1307 657 1453 700 cum
1504 657 1657 700 cura
1708 645 1773 700 et
1826 634 2157 722 diligentia
2216 635 2397 701 locus
2454 637 2569 703 hic

485 731 694 797 omnis
747 730 1246 797 considerandus
1299 741 1427 808 est,
1494 730 1664 814 quod
1712 728 1808 794 rei
1860 751 1989 794 non
2052 729 2258 794 solum
2318 753 2568 818 magna

487 825 726 892 utilitas
761 834 889 903 est,
927 825 1044 890 sed
1075 823 1507 911 praecipiendi
1540 844 1793 907 quoque
1832 844 2081 890 summa
2114 823 2511 913 difficultas.]

611 919 844 986 Omnis
895 919 1089 1006 igitur
1133 918 1597 1004 argumentatio
1642 927 1751 982 aut
1795 939 1911 1004 per
1953 916 2384 983 inductionem
2426 930 2565 984 tra-

487 1015 719 1080 ctanda
761 1025 862 1080 est
907 1023 1016 1078 aut
1057 1035 1174 1100 per
1217 1011 1783 1079 ratiocinationem.
1869 1012 2153 1078 inductio
2196 1021 2297 1078 est
2332 1015 2557 1092 oratio,

490 1131 652 1192 quae
696 1108 888 1173 rebus
935 1130 1064 1172 non
1101 1106 1310 1172 dubiis
1355 1116 1571 1194 captat
1614 1105 2027 1172 adsensiones
2074 1107 2212 1172 eius
2225 1155 2244 1186 ,
2299 1107 2559 1191 quicum

486 1201 780 1266 instituta
833 1212 932 1266 est
939 1226 958 1280 ς
1024 1201 1252 1285 quibus
1309 1199 1798 1266 adsensionibus
1850 1200 2033 1279 facit,
2094 1211 2169 1268 ut
2214 1201 2307 1265 illi
2360 1202 2558 1268 dubia

486 1295 801 1380 quaedam
835 1317 940 1360 res
973 1307 1232 1383 propter
1267 1294 1745 1361 similitudinem
1781 1317 2000 1360 earum
2031 1318 2272 1375 rerum,
2318 1297 2553 1380 quibus

488 1389 800 1466 adsensit,
862 1391 1192 1477 probetur-3
1251 1389 1435 1484 (velut
1459 1389 1659 1492 (apud
1710 1386 2108 1454 Socraticum
2158 1390 2556 1456 Aeschinem

485 1483 880 1550 demonstrat
941 1481 1256 1551 Socrates.
1305 1503 1453 1548 cum
1504 1481 1957 1569 Xenophontis
2019 1505 2217 1549 uxore
2280 1495 2346 1549 et
2404 1505 2557 1550 cum

484 1577 626 1663 ipso
669 1577 1103 1666 Xenophonte
1148 1577 1499 1665 Aspasiam
1543 1577 1821 1642 locutam
1874 1576 2005 1642 ‘dic
2049 1577 2233 1655 mihi,
2291 1600 2552 1662 quaeso,

483 1671 936 1759 Xenophontis
981 1695 1171 1750 uxor,
1227 1672 1282 1737 si
1325 1671 1538 1736 vicina
1580 1681 1691 1735 tua
1733 1669 1959 1736 melius
2013 1670 2247 1736 habeat
2304 1694 2553 1750 aurum,

481 1788 676 1850 quam
718 1776 788 1832 tu
831 1766 1059 1844 habes,
1113 1777 1327 1830 utrum
1378 1764 1619 1830 illudne
1672 1787 1755 1828 an
1802 1775 1979 1828 tuum
2026 1764 2275 1830 malis?
2332 1763 2550 1830 ‘illud’

481 1859 704 1944 inquit.
796 1859 1006 1944 ‘quid‚
1053 1857 1111 1923 si
1145 1867 1392 1922 vestem
1426 1868 1492 1922 et
1526 1867 1807 1923 ceterum
1851 1869 2143 1922 ornatum
2176 1859 2549 1924 muliebrem

482 1955 669 2042 pretii
709 1953 964 2019 maioris
1011 1952 1270 2030 habeat,
1324 1974 1519 2036 quam
1561 1961 1631 2017 tu
1673 1951 1903 2030 habes,
1958 1963 2217 2018 tuumne
2262 1977 2345 2018 an
2376 1953 2550 2018 illius

483 2047 733 2112 maJisP'
787 2045 1118 2133 respondit
1161 2045 1358 2111 ‘illius
1406 2045 1599 2113 vero.’.
1690 2053 1839 2133 ‘age
1878 2046 1965 2113 sis
1978 2047 2015 2124 ,’
2071 2047 2274 2131 inquit
2328 2047 2553 2130 ‘quid?

487 2142 543 2208 si
577 2140 784 2206 virum
817 2139 926 2204 illa
960 2140 1285 2207 meliorem
1320 2141 1582 2220 habeat,
1630 2163 1821 2226 quam
1864 2153 1933 2206 tu
1974 2141 2175 2219 habes
2186 2191 2205 2220 ,
2251 2152 2549 2206 utrumne

485 2247 664 2303 tuum
698 2234 904 2301 virum
937 2235 1122 2301 malis
1168 2257 1251 2301 an
1284 2234 1520 2302 illius?
1568 2235 1671 2301 hic
1704 2235 1931 2301 mulier
1976 2235 2245 2303 erubuit.
2333 2237 2551 2324 Aspa-

485 2330 582 2395 sia
639 2342 852 2396 autem
923 2352 1279 2397 sermonem
1343 2352 1489 2395 cum
1549 2330 1691 2418 ipso
1752 2330 2187 2417 Xenophonte
2255 2330 2546 2397 instituit.

486 2425 803 2511 ‘quaeso,'
849 2425 1054 2509 inquit
1090 2424 1519 2512 ‘Xenophon,
1566 2426 1623 2491 si
1670 2426 1915 2492 vicinus
1960 2438 2107 2491 tuus
2145 2448 2379 2511 equum
2412 2449 2550 2493 me-

482 2519 704 2585 liorem
739 2519 999 2597 habeat,
1053 2541 1246 2604 quam
1281 2530 1428 2585 tuus
1474 2531 1603 2597 est,
1658 2530 1919 2585 tuumne
1964 2542 2198 2606 equum
2242 2522 2427 2587 malis
2464 2545 2548 2588 an

480 2614 714 2680 illius?
757 2613 980 2679 ‘illius’
1019 2613 1241 2698 inquit.
1315 2614 1517 2699 ‘quid,
1556 2613 1612 2681 si
1646 2614 1913 2679 flandum
1938 2614 2268 2681 meliorem
2294 2616 2543 2695 habeat,

483 2732 673 2793 quam
724 2721 796 2775 tu
845 2710 1076 2787 habes,
1129 2720 1342 2775 utrum
1377 2710 1637 2775 tandem
1688 2709 1959 2774 flandum
2010 2710 2243 2775 habere
2295 2710 2543 2775 malis?’

484 2803 740 2881 ‘illum,'
777 2803 982 2887 inquit
1017 2803 1371 2870 ‘meliorem
1408 2802 1689 2870 scilicet.’
1780 2809 1799 2839 ‘
1810 2803 1988 2887 quid,
2026 2803 2083 2869 si
2116 2824 2379 2869 uxorem
2414 2826 2547 2871 me-

481 2897 704 2962 liorem
737 2896 996 2975 habeat,
1034 2919 1222 2981 quam
1258 2909 1328 2963 tu
1362 2897 1583 2976 habes,
1618 2908 1831 2963 utrum
1864 2897 2032 2963 illius
2069 2898 2316 2963 malis?
2356 2909 2545 2983 atque

482 2990 587 3053 hic
621 2987 993 3076 Xenophon
1027 2983 1280 3076 quoque
1324 2992 1465 3080 ipse
1508 2992 1723 3057 tacuit.
1811 3003 1961 3079 post
1991 2992 2304 3078 Aspasia:
2362 2998 2547 3077 ‘quo-

472 3082 654 3169 ,niam
704 3092 971 3167 uterque
1022 3086 1333 3151 vestrum’
1387 3086 1592 3170 inquit
1646 3086 1742 3150 ‘id
1794 3086 1951 3151 mihi
2006 3087 2211 3151 solum
2264 3110 2392 3153 non
2443 3108 2546 3151 re-

483 3176 756 3261 spondit,
795 3178 966 3262 quod
1001 3201 1122 3267 ego
1157 3180 1365 3245 solum
1402 3180 1617 3245 audire
1646 3180 1989 3259 volueram,
2028 3191 2281 3267 egomet
2314 3180 2543 3258 dicam,

389 3268 393 3271 ’
483 3269 636 3354 quid
667 3281 930 3356 uterque
966 3274 1232 3361 cogitet.-
1277 3298 1428 3339 nam
1463 3285 1528 3339 et
1560 3286 1659 3352 tu,
1704 3274 1957 3353 mulier,
1995 3275 2303 3361 optimum
2339 3274 2547 3339 virum

483 3365 581 3431 vis
617 3365 851 3435 habere
888 3378 952 3433 et
985 3378 1086 3445 tu,
1124 3366 1526 3456 Xenophon,
1562 3392 1826 3435 uxorem
1861 3368 2095 3435 habere
2134 3368 2547 3435 lectissimam

482 3460 755 3527 maxime
791 3462 919 3528 vis:
973 3484 1100 3546 qua
1139 3485 1240 3541 re,
1293 3462 1417 3527 nisi
1451 3463 1573 3528 hoc
1616 3462 2037 3550 perfeceritis,
2090 3473 2165 3528 ut
2205 3485 2413 3548 neque
2448 3464 2547 3529 vir

482 3555 704 3622 melior
737 3578 943 3641 neque
979 3556 1218 3622 femina
1250 3556 1473 3624 lectior
1506 3557 1574 3621 in
1608 3557 1791 3623 terris
1830 3557 1944 3635 sit‚-
1966 3556 2253 3644 profecto
2292 3580 2544 3645 semper

481 3648 577 3727 id,
632 3652 802 3734 quod
847 3650 1155 3738 optimum
1188 3651 1507 3739 putabitis
1546 3673 1719 3730 esse,
1772 3651 1973 3717 multo
2016 3651 2291 3717 maxime
2333 3652 2545 3735 requi-

482 3744 662 3824 retiS,
717 3758 788 3811 ut
823 3757 888 3812 et
920 3757 990 3811 tu
1026 3746 1288 3811 maritus
1337 3746 1427 3812 sis
1473 3768 1669 3830 quam
1717 3746 1993 3833 optimae
2036 3757 2101 3811 et
2146 3746 2305 3811 haec
2350 3767 2542 3830 quam

483 3840 722 3926 optimo
765 3840 902 3905 viro
947 3844 1146 3927 nupta
1199 3839 1368 3933 siti)
1408 3840 1513 3907 hic
1558 3864 1703 3907 cum
1754 3842 1945 3907 rebus
1990 3862 2121 3908 non
2174 3841 2383 3906 dubiis
2432 3842 2544 3906 ad-

485 3956 743 3999 sensum
789 3945 914 4013 est,
969 3935 1207 4000 factum
1244 3947 1342 4000 est
1393 3947 1652 4025 propter
1688 3935 2189 4012 similitudinem,
2245 3946 2318 3999 ut
2352 3935 2544 4001 etiam

482 4026 657 4107 illud,
697 4026 868 4111 quod
893 4028 1154 4095 dubium
1181 4029 1520 4110 videretur,
1560 4030 1615 4097 si
1643 4029 1785 4114 quis
1813 4028 2155 4117 separatim
2190 4041 2541 4113 quaereret,
