2784 4575
811 267 914 321 DE
952 262 1321 337 ORATORE
1354 264 1432 319 11.
1466 264 1776 320 258—265.
2193 252 2318 317 119

266 394 449 460 sione
484 391 849 457 verborum:
896 412 975 454 ex
1009 386 1470 465 immutatione,
1507 398 1582 453 ut
1615 387 1765 453 olim
1798 388 2018 453 Rusca
2051 409 2194 451 cum
2227 386 2321 453 le-

268 512 419 575 gem
461 487 655 551 ferret
706 484 1027 561 annalem,
1082 483 1408 549 dissuasor
1439 480 1540 551 M.
1579 480 1886 548 Servilius
1941 482 2074 547 ‘dic
2123 483 2316 561 mihi:

264 582 476 666 inquit
510 580 635 645 ‘M.
668 578 914 656 Pinari,
968 600 1149 656 num,
1207 577 1263 641 si
1298 587 1520 643 contra
1559 588 1624 643 te
1667 576 1913 655 dixero,
1965 576 2122 641 mihi
2155 577 2322 641 male

266 678 549 741 dicturus
586 697 685 752 es,
728 683 803 737 ut
836 672 1061 739 ceteris
1096 670 1369 737 fecistiP’
1427 678 1526 736 ‘ut
1559 682 1907 737 sementem
1941 669 2198 749 seceris,
2233 668 2327 735 ita

176 824 184 829 .
270 769 499 835 metes'
534 767 738 851 inquit
744 792 763 845 3
810 789 893 831 ex
924 764 1334 831 translatione
1372 777 1611 843 autem,
1645 775 1744 844 ut,
1782 787 1926 829 cum
1963 762 2182 850 Scipio
2212 764 2322 829 ille
2356 787 2434 829 εει

266 862 469 929 maior
506 860 854 929 Corinthiis
893 870 1167 925 statuam
1208 859 1651 945 pollicentibus
1689 882 1765 924 eo
1799 858 1971 937 loco,
2023 859 2134 925 ubi
2169 858 2326 925 alio-

262 980 410 1023 rum
446 966 665 1023 essent
694 956 1164 1041 imperatorum,
1201 954 1486 1019 turmalis
1525 954 1685 1019 dixit
1718 952 2078 1039 displicere3
2114 953 2324 1021 inver-

266 1060 489 1115 tuntur
542 1060 755 1114 autem
808 1050 1031 1125 verba,
1082 1059 1181 1125 ut,
1237 1046 1516 1113 Crassus
1571 1047 1740 1133 apud
1789 1046 1888 1111 M.
1931 1048 2324 1133 Perpernam

268 1145 542 1209 iudicem
584 1166 699 1230 pro
734 1142 1065 1207 Aculeone
1111 1164 1256 1207 cum
1308 1143 1573 1221 diceret,
1627 1143 1846 1207 aderat
1887 1153 2106 1209 contra
2145 1143 2326 1207 Acu-

268 1240 521 1305 leonem
556 1236 929 1304 Gratidiano
965 1235 1050 1300 L.
1079 1236 1307 1301 Aelius
1335 1236 1588 1314 Lamia,
1627 1236 1949 1314 deformis,
1985 1246 2057 1301 ut
2087 1236 2320 1315 nostis3

267 1332 379 1416 qui
414 1352 561 1397 cum
590 1329 1019 1415 interpellaret
1054 1330 1300 1408 odiose,
1349 1328 1736 1395 ‘audiamus'
1772 1329 1976 1414 inquit
2011 1329 2324 1417 ‘pulchel-

268 1425 404 1490 lum
454 1423 748 1511 puerum'
798 1422 1105 1501 Crassus3
1161 1445 1307 1498 eum
1356 1434 1530 1489 esset
1582 1423 1888 1501 adrisum,
1945 1430 2118 1500 ‘nou
2143 1424 2324 1509 potui

266 1518 451 1583 mihi’
479 1518 683 1603 inquit
698 1518 931 1583 Lamia
957 1517 1256 1583 ‘formam
1280 1518 1420 1603 ipse
1445 1518 1706 1603 fingere,
1733 1516 2058 1603 ingenium
2083 1518 2319 1604 potui3'

270 1628 408 1677 tum
450 1612 555 1677 hic
608 1611 996 1676 ‘audiamus’
1050 1611 1254 1695 inquit
1305 1611 1695 1676 ‘disertumz'
1749 1613 1948 1677 multo
1985 1613 2176 1677 etiam
2211 1614 2324 1678 ad-

266 1708 469 1772 risum
520 1716 623 1771 est
672 1704 1129 1770 vehementius.
1220 1716 1369 1771 sunt
1421 1705 1612 1770 etiam
1662 1706 1774 1769 illa
1823 1717 2094 1771 venusta
2132 1718 2206 1771 ιιι
2254 1705 2324 1769 in

269 1799 571 1886 gravibus
628 1798 983 1877 sententiis,
1040 1800 1131 1864 sic
1172 1798 1241 1863 in
1283 1799 1529 1865 facetiis
1563 1836 1655 1876 ··-·.
1685 1800 1820 1863 dixi
1870 1800 2039 1865 enim
2084 1800 2323 1865 dudum
2431 1792 2438 1796 ⁴

264 1894 576 1960 rationem
614 1892 801 1957 aliam
836 1915 981 1959 esse
1016 1893 1165 1971 ioci,
1222 1892 1412 1957 aliam
1449 1893 1833 1972 severitatis,
1887 1893 2178 1979 gravium
2211 1917 2323 1958 au-

264 2002 398 2053 tem
434 1998 497 2053 et
528 1988 813 2053 iocorum
852 2009 1047 2051 unam
1098 2010 1243 2052 esse
1284 1988 1616 2054 materiam
1647 2024 1738 2037 --
1771 1998 2000 2053 ornant
2031 1988 2224 2073 igitur
2254 1988 2324 2051 in
2356 2010 2438 2051 263

266 2082 489 2169 primis
526 2082 877 2147 orationem
927 2082 1125 2147 verba
1164 2082 1366 2147 relata
1409 2082 1746 2161 contrarie,
1803 2082 1974 2165 quod
2005 2082 2176 2147 idem
2211 2106 2324 2169 ge-

266 2198 389 2240 nus
426 2199 617 2263 saepe
653 2186 752 2241 est
786 2176 976 2241 etiam
1011 2176 1316 2255 facetum,
1349 2186 1452 2253 ut,
1491 2174 1754 2244 Servius
1788 2176 1895 2242 ille
1934 2176 2146 2243 Galba
2178 2198 2323 2241 cum

266 2270 507 2334 iudices
541 2270 626 2335 L.
668 2268 999 2344 Scribonio
1034 2270 1285 2350 tribuno
1320 2271 1526 2357 plebis
1570 2272 1765 2338 ferret
1805 2271 2131 2338 familiaris
2170 2296 2322 2339 suos

263 2371 334 2428 et
370 2362 637 2428 dixisset
676 2363 848 2430 Libo
886 2365 1167 2448 ‘quando
1202 2365 1478 2442 tandem,
1519 2363 1758 2444 Galba,
1792 2367 1874 2432 de
1909 2367 2178 2432 triclinio
2213 2382 2324 2432 tuo

265 2455 538 2521 exibis?
588 2461 761 2518 ‘cum
796 2457 892 2520 tu'
928 2457 1132 2540 inquit
1166 2458 1275 2522 ‘de
1313 2458 1602 2523 cubiculo
1639 2457 1885 2524 alieno?
1976 2483 2015 2524 a
2052 2481 2177 2543 quo
2213 2481 2324 2543 ge-

266 2571 419 2615 nere
455 2571 537 2614 ne
570 2546 730 2612 illud
764 2550 1019 2632 quidem
1052 2549 1394 2636 plurimum
1429 2551 1640 2628 distat,
1677 2552 1849 2634 quod
1885 2549 2157 2617 Glaucia
2177 2551 2324 2616 Me-

266 2644 419 2709 tello
457 2643 701 2710 ‘villam
733 2643 801 2708 in
835 2643 1100 2708 Tiburte
1135 2645 1333 2709 habes
1344 2692 1363 2721 ,
1403 2654 1638 2710 cortem
1673 2644 1740 2708 in
1773 2644 2061 2711 Palatio?

388 2738 495 2801 Ac
520 2737 858 2802 verborum
887 2737 1142 2821 quidem
1168 2759 1422 2822 genera,
1461 2759 1623 2822 quac
1651 2747 1799 2802 sunt
1822 2738 2048 2816 faceta,
2086 2739 2322 2805 dixisse
2357 2733 2438 2848 gg

268 2852 373 2896 me
406 2841 593 2923 put03
646 2853 857 2896 rerum
890 2831 1076 2918 plura
1120 2841 1295 2908 sunt,
1349 2852 1550 2916 eaque
1593 2831 1829 2918 magis,
1881 2842 1956 2896 ιιι
1990 2833 2122 2897 dixi
2157 2844 2321 2913 ante,

269 2924 552 2990 ridentur
560 2951 579 3004 3
632 2925 701 2990 in
735 2925 963 3010 quibus
1010 2936 1109 2991 est
1150 2926 1455 3004 narratio,
1507 2947 1611 2991 res
1659 2948 1812 2991 sane
1855 2925 2159 3008 difficilis3
2214 2951 2324 2994 ex-

266 3019 599 3108 primenda
648 3018 819 3111 enim
870 3030 1021 3086 sunt
1070 3031 1136 3086 et
1184 3020 1484 3108 ponenda
1532 3030 1678 3086 ante
1731 3020 1948 3086 oculos
2003 3043 2106 3100 ea,
2161 3041 2324 3106 quae

268 3115 602 3186 videantur
636 3125 701 3180 et
735 3113 869 3180 veri
904 3114 1161 3192 similia,
1216 3115 1389 3200 quod
1424 3125 1524 3180 est
1555 3114 1882 3202 proprium
1924 3114 2321 3195 narrationis,

264 3221 335 3272 et
368 3231 531 3294 quae
568 3209 712 3287 sint,
750 3210 921 3294 quod
953 3209 1199 3275 ridiculi
1233 3209 1561 3296 proprium
1595 3220 1711 3287 est,
1749 3209 2106 3296 subturpia3
2143 3209 2322 3276 cuius

266 3303 653 3387 exemplum,
687 3313 759 3367 ut
790 3303 1256 3381 brevissimum,
1294 3302 1377 3368 sit
1411 3326 1566 3369 sane
1599 3303 1784 3381 illud,
1823 3305 1994 3387 quod
2027 3315 2175 3370 ante
2209 3326 2325 3391 po-

268 3393 403 3470 sui,
460 3392 684 3460 Crassi
736 3395 817 3460 de
858 3395 1213 3475 Memmio}
1252 3407 1318 3462 et
1368 3398 1452 3463 ad
1501 3398 1624 3463 hoc
1675 3418 1878 3483 genus
1933 3397 2322 3463 ascribamus

270 3486 462 3551 etiam
494 3488 885 3554 narrationes
941 3489 1381 3578 apologorum;
1435 3492 1702 3574 trahitur
1745 3493 1936 3557 etiam
1971 3486 2210 3576 aliquid
2241 3514 2324 3558 ex
2355 3512 2437 3556 26⁵

264 3579 551 3658 historia,
586 3591 678 3658 ut,
715 3601 859 3646 cum
889 3579 1041 3648 Sex.
1070 3583 1279 3650 Titius
1318 3607 1387 3650 se
1418 3583 1851 3652 Cassandram
1887 3608 2030 3651 esse
2065 3585 2321 3664 diceret,

267 3674 561 3742 ‘multos’
600 3674 829 3760 'inquit
876 3677 1199 3742 Antonius
1254 3683 1559 3764 “possum
1611 3690 1754 3746 tuos
1804 3679 2041 3746 Aiaces
2098 3678 2322 3746 Oileos
2419 3713 2424 3716 ·

262 3769 634 3836 nominare?
723 3779 823 3834 est
856 3769 1051 3835 etiam
1082 3794 1161 3836 ex
1198 3770 1632 3852 similitudine,
1678 3795 1841 3858 quae
1877 3783 1986 3838 aut
2019 3772 2321 3840 conlatio—

262 3883 419 3926 ·nem
453 3863 647 3930 habet
681 3873 791 3929 aut
824 3875 1147 3949 tamquam
1178 3864 1550 3952 imaginem:
1607 3867 2056 3944 conlationem,
2108 3876 2183 3931 ut
2213 3865 2322 3932 ille

273 3953 499 4021 Gallus
536 3957 686 4024 olim
710 3959 891 4024 testis
926 3959 995 4024 in
1018 3959 1340 4039 Pisonem,
1378 3981 1523 4025 cum
1547 3961 2067 4026 innumerabilem
2091 3959 2320 4048 Magio

267 4049 591 4136 praefecto
640 4052 977 4138 pecuniam
1010 4053 1275 4120 dixisset
1325 4053 1540 4120 datam
1573 4053 1762 4138 idque
1802 4051 2080 4120 Scaurus
2117 4055 2324 4122 tenui-
