2784 4575
814 308 922 364 DE
960 306 1324 365 ORATORE
1357 311 1405 363 1.
1443 308 1747 363 lec-173.
2138 304 2139 307 ‘
2230 297 2318 365 35

260 454 343 497 ne
378 430 746 519 exceptione
784 430 1249 511 excluderetur,
1289 452 1454 504 ouon
1487 452 1571 495 ss
1601 448 1712 495 uns
1745 454 1809 497 m
1849 454 2120 499 mmcmu
2159 455 2316 500 Ama

260 547 562 593 vnmssn‘r.
650 524 803 610 quid
854 547 1008 613 ergo
1058 522 1183 590 hoc
1240 524 1377 590 fieri
1439 524 1682 612 turpius
1747 534 1858 589 aut
1908 524 2034 590 dici
2083 538 2314 613 potest,
2351 556 2429 597 169

266 641 457 704 quam
491 642 664 697 eum,
720 618 829 703 qui
863 619 1029 684 hanc
1060 640 1403 707 personam
1439 618 1816 706 susceperit,
1867 630 1941 685 ut
1975 620 2319 685 amicorum

268 712 729 779 controversias
783 732 1137 797 causasque
1172 722 1453 791 tueatur,
1505 712 1938 779 laborantibus
1975 725 2319 793 succurrat,

266 806 473 894 aegris
498 806 845 886 medeatur,
883 806 1169 873 adflictos
1196 808 1448 885 excitet,
1483 806 1652 872 hunc
1684 808 1753 872 in
1777 806 2054 874 minimis
2081 806 2321 875 tenuis-

265 901 567 989 simisque
600 902 793 967 rebus
827 899 918 966 ita
950 899 1099 980 labi,
1132 911 1209 966 ut
1242 902 1379 968 aliis
1417 900 1833 979 miserandus,
1871 901 2009 967 aliis
2042 901 2321 969 inriden-

264 996 383 1061 dus
440 1018 584 1061 esse
644 995 973 1060 videatur?
1032 994 1327 1079 equidem
1383 995 1811 1083 propinquum
1869 1004 2186 1073 nostrum,
2237 997 2318 1061 P.
2355 1024 2454 1075 uo

266 1087 579 1153 Crassum
614 1086 824 1175 [illum
854 1086 1169 1175 Divitem]
1210 1099 1273 1155 et
1308 1088 1524 1155 multis
1561 1088 1700 1154 aliis
1733 1088 1926 1154 rebus
1963 1088 2320 1175 elegantem

262 1182 585 1247 hominem
619 1193 684 1248 et
718 1191 1010 1248 ornatum
1062 1192 1131 1247 et
1170 1184 1510 1271 praecipue
1545 1182 1613 1247 in
1658 1182 1782 1249 hoo
1831 1182 2224 1247 efferendum
2259 1196 2324 1247 et

262 1276 651 1342 laudandum
701 1286 887 1364 puto,
939 1278 1141 1362 quod,
1196 1300 1342 1343 cum
1375 1279 1457 1343 Ρ.
1495 1275 1847 1343 Scaevolae
1898 1277 2094 1342 frater
2129 1287 2319 1355 esset,

264 1370 485 1436 solitus
532 1382 634 1436 est
685 1370 745 1436 ei
794 1393 1105 1460 persaepe
1157 1372 1369 1437 dicere
1411 1392 1619 1454 neque
1651 1370 1832 1435 illum
1871 1369 1939 1435 in
1973 1370 2108 1436 iure
2151 1371 2322 1437 civili

262 1462 415 1529 satis
454 1460 575 1551 [illi
609 1463 755 1551 arti]
796 1466 1008 1531 facere
1038 1487 1262 1552 posse,
1296 1464 1423 1530 nisi
1456 1464 1707 1529 dicendi
1741 1463 1987 1551 copiam
2023 1465 2322 1552 adsump-

262 1557 481 1637 sisset,
534 1558 704 1641 quod
756 1557 1011 1642 quidem
1064 1558 1194 1637 hic,
1249 1558 1358 1643 qui
1409 1578 1660 1624 mecum
1694 1558 1916 1624 consul
1949 1558 2099 1637 fuit,
2151 1560 2318 1625 filius

268 1650 403 1717 eius
439 1662 539 1717 est
572 1661 981 1731 consecutus,
1017 1674 1224 1736 neque
1261 1674 1331 1717 se
1367 1662 1514 1717 ante
1549 1664 1776 1717 causas
1813 1652 2158 1717 amicorum
2191 1664 2320 1719 trae

262 1754 435 1811 ctare
488 1755 677 1829 atque
730 1767 921 1831 agere
973 1745 1290 1833 coepisse,
1344 1766 1538 1830 quam
1586 1744 1689 1811 ius
1735 1743 1918 1810 civile
1973 1745 2316 1811 didicisset.

262 1837 415 1923 quid
460 1860 616 1905 vero
649 1838 757 1904 ille
789 1839 889 1905 Μ.
930 1837 1136 1906 Cato?
1184 1862 1396 1907 nonne
1429 1851 1496 1906 et
1547 1839 1908 1924 eloquentia
1959 1850 2136 1904 tanta
2177 1838 2316 1919 fuit,
2356 1866 2432 1906 1⁷1

262 1941 565 2016 quantam
614 1932 725 1998 illa
785 1943 1071 2021 tempora
1132 1944 1323 2019 atque
1374 1933 1485 1999 illa
1537 1944 1712 1999 aetas
1765 1934 1834 1998 in
1885 1933 2006 1998 hac
2067 1932 2320 1999 civitate

254 2026 424 2091 ferre
467 2026 812 2093 maximam
862 2027 1096 2115 potuit,
1150 2038 1217 2095 et
1247 2026 1404 2093 iuris
1440 2026 1644 2093 civilis
1688 2027 1970 2093 omnium
2009 2027 2321 2115 peritissi-

260 2122 443 2186 mus?
492 2122 911 2189 verecundius
947 2123 1071 2188 hac
1114 2123 1195 2189 de
1246 2144 1317 2189 re
1366 2122 1498 2189 iam
1550 2122 1792 2188 dudum
1841 2122 2094 2208 loquor,
2150 2123 2322 2207 quod

266 2214 449 2279 adest
482 2214 579 2279 vir
610 2216 679 2280 in
714 2216 981 2283 dicendo
1019 2218 1335 2297 summus,
1388 2238 1577 2301 quem
1615 2238 1736 2304 ego
1770 2238 1970 2281 unum
2003 2227 2318 2283 oratorem

206 2337 209 2346 ·
259 2308 533 2374 maxime
588 2310 890 2390 admiror3
946 2311 1061 2376 sed
1104 2323 1321 2378 tamen
1369 2311 1542 2377 idem
1594 2312 1718 2378 hoc
1762 2333 2012 2398 semper
2059 2308 2188 2397 [ius
2233 2312 2323 2376 ci-

260 2399 415 2488 vile]
454 2403 881 2488 contempsit<
904 2463 913 2468 ..
938 2427 1188 2483 verum,
1233 2403 1533 2489 quoniam
1569 2405 1918 2471 sententiae
1961 2415 2150 2488 atque
2185 2405 2321 2490 opi-
2355 2429 2432 2470 1⁷2

260 2494 468 2560 nionis
504 2517 685 2561 meae
738 2495 1027 2562 voluistis
1065 2520 1209 2564 esse
1251 2497 1624 2585 participes,
1678 2499 1837 2562 nihil
1871 2499 2200 2564 occultabo
2235 2509 2314 2578 et,

262 2590 471 2674 quoad
512 2598 765 2676 potem,
818 2589 1001 2655 vobis
1048 2611 1391 2678 exponam,
1445 2591 1602 2674 quid
1637 2591 1716 2655 de
1768 2611 2020 2676 quaque
2061 2613 2133 2656 re
2178 2612 2323 2656 sen·
2418 2592 2422 2597 ’

259 2683 442 2747 tiam:
484 2681 753 2747 Antonii
786 2681 1171 2748 incredibilis
1210 2683 1522 2767 quaedam
1557 2693 1622 2747 et
1654 2705 1854 2769 prope
1883 2683 2219 2769 singularis
2255 2693 2320 2748 et
2353 2696 2423 2751 38

260 2776 476 2841 divina
508 2776 607 2841 vis
643 2775 883 2863 ingenii
925 2775 1205 2855 videtur,
1258 2775 1511 2842 etiamsi
1544 2776 1666 2842 hac
1709 2775 1974 2840 scientia
2015 2775 2168 2841 iuris
2204 2799 2323 2841 nu·-

260 2871 411 2936 data
446 2871 546 2950 sit,
582 2893 775 2957 posse
809 2870 997 2937 facile
1026 2871 1250 2937 ceteris
1282 2870 1474 2936 armis
1499 2869 1874 2958 prudentiae
1905 2891 2133 2936 causas
2157 2872 2324 2936 tueri

260 2974 449 3050 atque
500 2964 843 3031 defendere
852 2991 872 3044 3
930 2985 1121 3050 quam
1167 2967 1251 3031 ob
1292 2987 1431 3030 rem
1475 2965 1582 3030 hic
1631 2965 1814 3030 nobis
1854 2965 1937 3030 sit
1987 2977 2320 3053 exceptus3

258 3069 503 3125 ceteros
549 3081 702 3125 vero
744 3083 873 3125 non
926 3059 1227 3126 dubitabo
1269 3059 1546 3146 primum
1595 3058 1858 3124 inertiae
1901 3059 2322 3125 condemnare

261 3153 579 3234 sententia
610 3175 783 3234 mea,
834 3163 984 3242 post
1016 3155 1209 3220 etiam
1264 3153 1694 3242 impudentiae
1703 3179 1722 3232 3
1775 3176 1924 3218 nam
1959 3154 2220 3220 volitare
2255 3154 2321 3218 in
2358 3177 2434 3218 1⁷3

258 3247 425 3324 foro,
480 3247 740 3314 haerere
774 3248 845 3313 in
884 3248 1022 3316 iure
1058 3270 1135 3314 ac
1175 3259 1542 3336 praetorum
1587 3247 2036 3327 tribunalibus,
2087 3247 2323 3314 iudicia

258 3339 507 3425 privata
538 3363 915 3426 magnarum
947 3365 1160 3409 rerum
1192 3344 1400 3421 obire,
1451 3343 1520 3408 in
1564 3342 1795 3427 quibus
1850 3362 2044 3430 saepe
2076 3363 2206 3409 non
2242 3343 2322 3407 de

251 3433 461 3510 facto,
519 3434 636 3498 sed
686 3435 765 3500 de
818 3437 1134 3520 aequitate
1188 3459 1265 3502 ac
1310 3437 1451 3502 iure
1504 3447 1805 3514 certetur,
1859 3436 2095 3502 iactare
2141 3457 2211 3500 se
2253 3435 2322 3498 in

260 3525 471 3592 causis
525 3527 1113 3608 centumviralibus,
1164 3529 1235 3594 in
1279 3530 1506 3614 quibus
1551 3529 2040 3616 usucapionum,
2095 3527 2322 3593 tutela-

258 3644 430 3699 rum,
483 3620 907 3709 gentilitatum
918 3671 937 3702 ,
992 3623 1431 3712 agnationum,
1487 3625 1924 3701 adluvionum,
1987 3622 2322 3690 'circumluae-

260 3715 550 3795 vionum,
608 3714 951 3796 nexorum,
1018 3718 1508 3804 mancipiorum,
1578 3719 1919 3806 parietum,
1989 3715 2317 3793 luminum,

264 3810 749 3892 stillicidiorum,
820 3821 1341 3878 testamentorum
1415 3810 1773 3900 [ruptorum
1833 3822 1942 3876 aut
2007 3809 2315 3897 ratorum]

264 3914 739 3990 ceterarumque
771 3927 985 3972 rerum
1018 3905 1570 3973 innumerabilium
1605 3907 1744 3972 iura
1778 3914 2138 3982 versentur,
2175 3925 2320 3968 cum

262 3996 545 4076 omnino,
598 3999 752 4083 quid
786 4023 1001 4079 suum,
1055 4000 1207 4085 quid
1240 3997 1546 4078 alienum,
1592 4022 1721 4084 qua
1749 4021 1821 4064 re
1857 3997 2129 4083 denique
2162 3997 2317 4064 civis

261 4090 373 4158 aut
421 4094 824 4181 peregrinus,
878 4118 1101 4162 servus
1155 4107 1265 4162 aut
1312 4095 1476 4162 liber
1527 4093 1842 4181 quispiam
1885 4092 1996 4172 sit,
2049 4094 2316 4182 ignoret,

1893 4201 1924 4250 3
1937 4197 1962 4225 ⁸
