2784 4575
381 1989 434 2032 86

467 222 600 290 296
775 271 788 280 -
1079 229 1157 284 M.
1194 225 1469 293 TULLII
1507 224 1912 282 CICERONIS

469 356 672 447 ipsius
713 351 1072 446 [oratoris],
1110 351 1190 417 de
1227 372 1352 435 quo
1386 349 1641 435 loquor,
1684 348 2129 436 parsimoniae.
2217 374 2369 416 nam
2404 351 2549 430 illa,

469 454 552 518 de
603 450 832 536 quibus
887 457 1033 512 ante
1087 445 1250 522 dixi,
1313 443 1463 509 huic
1510 454 1697 509 acuto
1756 442 2065 530 fugienda
2113 456 2290 523 sunt,
2353 447 2551 532 paria

467 545 728 634 paribus
770 543 972 609 relata
1015 549 1080 605 et
1123 538 1409 604 similiter
1451 537 1752 604 conclusa
1802 537 2153 622 eodemque
2194 550 2387 627 pacto
2434 561 2550 606 ca-

469 639 688 707 dentia
721 647 788 704 et
819 633 1255 702 immutatione
1297 633 1544 698 litterae
1582 629 1823 720 [quasi]
1863 632 2189 716 quaesitae
2233 645 2549 700 venusta-
2654 628 2660 637 ’

473 745 600 813 tes,
652 754 735 798 ne
771 730 1094 796 elaborata
1136 726 1529 794 concinnitas
1566 738 1631 791 et
1674 726 1997 811 quoddam
2048 727 2391 814 aucupium
2428 729 2546 794 de·

473 825 828 895 lectationis
871 821 1212 888 manifesto
1261 820 1725 909 deprehensum
1770 831 2101 908 appareat3
2154 819 2441 906 itemque
2485 823 2545 889 si

473 943 638 1009 quae
663 920 999 989 verborum
1024 915 1387 982 iterationes
1416 915 1884 982 contentionem
1911 914 2188 999 aliquam
2214 926 2284 981 et
2299 916 2545 982 clamo-

469 1039 610 1084 rem
633 1014 975 1100 requirent,
993 1023 1178 1078 erunt
1205 1012 1285 1076 ab
1313 1011 1439 1076 hac
1464 1010 1909 1076 summissione
1938 1010 2237 1076 orationis
2268 1011 2538 1092 alienae,

473 1110 700 1178 ceteris
751 1107 1111 1197 promiscue
1162 1105 1400 1194 poterit
1440 1105 1563 1184 uti3
1616 1105 2155 1174 continuationem
2194 1107 2540 1174 verborum

472 1206 664 1272 modo
697 1203 944 1270 relaxet
988 1213 1052 1268 et
1087 1201 1330 1266 dividat
1372 1210 1708 1284 utaturque
1762 1200 1972 1266 verbis
2010 1223 2203 1285 quam
2253 1203 2541 1269 usitatis-

475 1298 687 1376 simis,
733 1295 1169 1362 tralationibus
1208 1316 1400 1379 quam
1443 1292 1863 1372 mollissimis,
1910 1295 2102 1360 etiam
2135 1293 2245 1360 illa
2282 1307 2542 1363 senten-

475 1395 704 1460 tiarum
737 1391 978 1457 lumina
1020 1390 1340 1468 adsumet,
1396 1411 1561 1474 quae
1595 1412 1725 1456 non
1769 1400 1955 1455 erunt
1995 1389 2409 1456 vehementer
2444 1391 2542 1458 in-

473 1487 726 1554 lustria:
761 1508 893 1552 non
926 1484 1120 1550 faciet
1142 1507 1280 1550 rem
1305 1483 1627 1570 publicam
1652 1483 2015 1567 loquentem
2040 1505 2161 1549 nec
2196 1484 2279 1549 ab
2312 1484 2536 1552 inferis

472 1591 758 1648 mortuos
801 1578 1103 1646 excitabit
1145 1599 1264 1644 nec
1317 1578 1661 1644 acervatim
1708 1578 1911 1642 multa
1952 1578 2365 1662 frequentans
2409 1603 2539 1646 una

475 1673 913 1763 complexione
967 1672 1310 1740 devinciet=
1374 1672 1794 1738 valentiorum
1845 1671 2005 1738 haec
2065 1671 2339 1738 laterum
2390 1687 2539 1740 sunt

472 1792 595 1837 nec
646 1771 729 1836 ab
789 1770 939 1849 hoc,
1004 1791 1195 1854 quem
1255 1767 1701 1846 informamus,
1766 1778 1876 1832 aut
1936 1769 2367 1853 exspectanda
2425 1781 2537 1834 aut

471 1864 856 1952 postulanda
865 1889 888 1943 3
940 1863 1060 1930 erit
1110 1861 1280 1927 enim
1321 1873 1396 1928 ut
1437 1883 1621 1938 voce,
1679 1861 1773 1926 sic
1815 1861 2005 1926 etiam
2057 1861 2335 1928 oratione
2380 1885 2535 1948 sup-

475 1960 774 2048 pressior.
885 1957 1000 2024 sed
1049 1957 1352 2044 pleraque
1407 1979 1488 2021 ex
1538 1956 1662 2022 illis
1716 1956 2093 2022 convenient
2145 1957 2326 2022 etiam
2374 1955 2531 2020 huic

475 2056 796 2135 tenuitati,
851 2075 1236 2139 quamquam
1270 2053 1478 2118 isdem
1510 2052 1897 2118 ornamentis
1940 2062 2151 2119 utetur
2178 2050 2527 2129 horridius3

474 2144 668 2216 talem
717 2149 888 2216 enim
938 2146 1317 2212 inducimus.
1414 2148 1674 2213 accedet
1726 2147 1888 2214 actio
1940 2170 2072 2213 non
2122 2145 2357 2234 tragica
2405 2168 2536 2212 nec

477 2265 726 2320 scenae,
763 2242 879 2309 sed
902 2241 1156 2309 modica
1181 2240 1520 2308 iactatione
1548 2242 1849 2330 corporis,
1887 2243 2063 2309 voltu
2090 2253 2303 2309 tamen
2329 2240 2535 2307 multa

474 2336 843 2415 conficiens3
897 2358 1027 2403 non
1080 2336 1230 2415 hoc,
1284 2357 1411 2422 quo
1464 2336 1759 2403 dicuntur
1810 2360 1883 2404 os
1930 2338 2189 2416 ducere,
2246 2336 2363 2402 sed
2402 2335 2536 2415 illo,

475 2453 601 2518 quo
648 2431 1010 2521 significant
1049 2432 1328 2520 ingenue
1373 2454 1501 2517 quo
1547 2455 1741 2499 sensu
1784 2432 2062 2517 quidque
2102 2432 2538 2519 pronuntient.

369 2524 440 2637 ἓξ
475 2526 624 2593 huic
657 2526 876 2615 generi
909 2526 1211 2594 orationis
1257 2536 1677 2615 aspergentur
1696 2526 1905 2594 etiam
1948 2527 2147 2605 sales,
2193 2528 2304 2611 qui
2337 2526 2407 2591 in
2441 2526 2540 2591 di-

377 3023 432 3063 88

474 2622 676 2689 cende
711 2621 977 2687 nimium
1008 2633 1316 2707 quantum
1349 2621 1592 2699 valent3
1628 2643 1896 2706 quorum
1932 2621 2059 2688 duo
2094 2644 2335 2709 genera
2366 2630 2539 2701 sunt,

472 2740 673 2783 unum
731 2717 1132 2796 facetiarum,
1197 2717 1466 2782 alterum
1518 2715 1900 2781 dicacitatisz
1962 2727 2175 2783 utetur
2234 2726 2537 2801 utroque;

475 2810 592 2876 sed
627 2810 824 2877 altero
858 2811 927 2876 in
961 2810 1278 2877 narrando
1313 2810 1554 2893 aliquid
1588 2820 1875 2888 venuste,
1914 2809 2111 2875 altero
2146 2809 2214 2874 in
2246 2809 2541 2875 iaciendo

472 2902 907 2988 mittendoque
941 2904 1238 2982 ridiculo,
1285 2904 1467 2971 cuius
1503 2902 1742 2991 gene'ra
1773 2904 1959 2991 plura
1993 2914 2143 2969 sunt
2150 2930 2169 2983 3
2216 2905 2333 2969 sed
2364 2924 2542 2968 nunc

475 2997 649 3064 aliud
682 2997 952 3085 agimus.
1039 2999 1199 3064 illud
1233 2997 1648 3065 admonemus
1684 3010 1919 3078 tamen,
1953 2998 2220 3064 ridiculo
2258 2998 2350 3063 sic
2382 3018 2543 3064 usu-

472 3114 615 3157 rum
657 3102 1002 3172 oratorem,
1054 3104 1129 3158 ut
1180 3113 1301 3158 nec
1351 3091 1541 3158 nimis
1592 3091 1934 3179 frequenti,
1988 3090 2087 3158 ne*
2126 3092 2386 3159 scurrile
2430 3091 2540 3169 sit,

472 3186 1022 3265 nee'subobsceno,
1050 3207 1132 3252 ne
1167 3186 1512 3266 mimicum,
1540 3209 1659 3254 nec
1682 3187 2012 3275 petulanti,
2041 3188 2125 3252 ne'
2150 3186 2537 3275 improbum,

470 3278 692 3346 necin
727 3278 1178 3359 calamitatem,
1231 3303 1314 3347 ne
1357 3280 1804 3361 inhumanum,
1856 3302 1977 3349 nec
2004 3282 2079 3349 in
2119 3281 2398 3359 facinus,
2450 3304 2543 3345 ne

472 3373 604 3439 odii
653 3373 866 3441 locum
917 3374 1084 3439 risus
1137 3386 1439 3462 occupet,
1498 3398 1707 3461 neque
1767 3386 1879 3441 aut
1930 3398 2051 3441 sua
2084 3377 2374 3463 'persona
2426 3386 2545 3441 aut

471 3467 752 3535 iudicum
787 3478 899 3535 aut
939 3479 1224 3556 tempore
1267 3470 1573 3550 alienum3
1628 3470 1789 3537 haec
1832 3470 2005 3537 enim
2040 3470 2124 3536 ad
2162 3469 2322 3535 illud
2353 3468 2543 3535 inde-

474 3583 694 3629 corum
725 3563 1104 3629 referuntur.
1169 3562 1398 3630 vitabit
1430 3566 1623 3633 etiam
1657 3564 1946 3651 quaesita
1978 3586 2098 3631 nec
2132 3586 2215 3631 ex
2249 3575 2541 3650 tempore

471 3655 650 3733 ficta,
713 3656 832 3723 sed
883 3658 1072 3725 domo
1125 3658 1364 3738 adlata,
1428 3681 1592 3744 quae
1642 3660 2018 3749 plerumque
2070 3670 2221 3725 sunt
2270 3658 2539 3744 frigida:

469 3761 688 3837 parcet
721 3761 789 3818 et
821 3751 1112 3819 amicitiis
1147 3764 1214 3818 et
1248 3753 1680 3840 dignitatibus,
1718 3753 1943 3820 vitabit
1974 3752 2344 3821 insanabilis
2381 3773 2543 3818 con-

470 3844 794 3924 tumelias,
849 3848 1286 3914 tantummodo
1341 3848 1740 3914 adversarios
1792 3850 1950 3936 figet
1988 3868 2111 3915 nec
2152 3870 2264 3914 eos
2317 3857 2539 3912 tamen

473 3958 725 4023 semper
765 3960 888 4006 nec
931 3940 1138 4007 omnis
1181 3964 1300 4007 nec
1345 3942 1519 4008 omni
1560 3943 1781 4009 modo:
1834 3942 2064 4027 quibus
2109 3942 2393 4029 exceptis
2438 3940 2539 4005 sic

469 4037 682 4093 utetur
717 4031 849 4097 sale
887 4043 950 4098 et
984 4033 1251 4113 facetiis,
1288 4045 1362 4099 ut
1397 4056 1519 4122 ego
1554 4058 1635 4101 ex
1669 4036 1811 4101 istis
1846 4036 2028 4102 novis
2065 4034 2301 4101 Atticis
2339 4034 2537 4100 talem
