2784 4575
182 0 911 79 'F—ro

525 227 651 292 124
1133 239 1210 292 Μ.
1247 234 1523 293 TULLII
1558 232 1964 292 CICERONIS

517 363 744 449 quibus
799 358 1314 448 consanguineis3
1369 368 1575 425 aetate
1627 379 1787 446 puer
1838 381 1921 424 ιιι
1973 356 2369 437 adulescens,
2424 371 2589 426 natu

515 455 813 543 grandior
830 479 912 520 an
930 477 1145 521 senex.
1199 465 1529 540 praeterea
1545 453 1881 519 commoda
1914 462 1979 518 et
1994 453 2397 520 incommoda
2427 475 2589 520 con-

517 550 871 616 siderantur
889 550 971 615 ab
997 561 1226 614 natura
1250 549 1401 614 data
1417 547 1628 613 animo
1655 558 1766 614 aut
1781 547 2048 635 corpori,
2068 547 2190 614 hoc
2206 549 2429 614 modo:
2467 572 2586 614 va-

519 648 651 708 lens,
683 668 763 708 im
788 643 1161 723 imbecillus,
1183 643 1414 731 longus
1444 668 1526 709 an
1542 643 1778 722 brevis,
1806 643 2121 710 formosus
2140 666 2223 708 an
2249 643 2581 726 deformis,

519 744 699 804 milax
731 763 811 804 an
838 739 1056 804 tardus
1085 738 1186 816 sit,
1224 749 1446 804 acutus
1477 761 1559 803 an
1593 737 1897 815 hebetior,
1933 760 2176 804 memor
2203 760 2286 803 ιιι
2311 736 2583 804 oblivio-

519 860 651 908 ωε,
703 833 898 900 nomia
939 830 1322 920 [officiosus]
1363 856 1447 897 an
1480 832 1814 909 infacetus,
1858 832 2105 918 pudens
2148 829 2453 920 [patiens]
2494 856 2581 898 an

519 948 759 1004 mnu-m
819 924 913 1013 [et
946 926 1232 1004 omnino,
1280 948 1443 1010 quae
1478 950 1519 991 a
1551 937 1780 992 natura
1812 927 2043 991 dantur
2090 927 2300 992 animo
2337 937 2402 992 et
2436 949 2580 992 cor-

517 1024 679 1108 puri,
731 1020 1325 1098 considerabuntur,
1371 1031 1438 1086 et
1480 1020 1640 1085 haec
1680 1020 1749 1085 in
1791 1031 2021 1085 natura
2062 1019 2574 1108 consideranda]

519 1143 659 1180 uam
703 1136 863 1200 quae
904 1113 1218 1180 industria
1261 1125 1735 1201 comparantur,
1783 1115 1866 1180 ad
1909 1113 2195 1179 habitum
2236 1115 2575 1201 pertinent,

451 1228 483 1276 εἴ,
523 1212 595 1272 [le.
655 1232 779 1292 quo
830 1207 1147 1295 posterius
1202 1220 1302 1274 est
1363 1208 1726 1273 dicendum.·
1822 1207 1892 1273 in
1943 1208 2115 1273 victu
2175 1207 2576 1273 considerare

515 1316 789 1388 quistet,
842 1302 1014 1388 apud
1056 1324 1244 1387 quem
1288 1314 1354 1368 et
1398 1324 1523 1386 quo
1566 1324 1742 1368 more
1794 1312 1860 1367 et
1903 1302 2081 1366 cuius
2134 1301 2439 1368 arbitratu
2493 1303 2579 1367 sit

517 1400 841 1475 emanatus,
879 1418 1040 1481 quos
1070 1397 1363 1463 habuerit
1388 1396 1619 1462 artium
1642 1397 1996 1462 liberalium
2020 1397 2381 1484 magistros,
2412 1418 2575 1482 quos

519 1492 770 1556 τὶτῡῃᾱὶ
811 1502 1284 1578 praeceptores,
1339 1491 1570 1576 quibus
1616 1490 1835 1558 amicis
1886 1501 2127 1569 utatur,
2183 1512 2308 1575 quo
2352 1491 2420 1556 in
2463 1514 2579 1556 ne-

519 1588 687 1672 garis
703 1636 719 1660 ,
773 1596 1074 1669 quaestu,
1129 1585 1392 1651 artificio
1447 1586 1532 1650 sit
1581 1595 1955 1671 occupatus,
2020 1607 2144 1670 qno
2196 1584 2386 1652 modo
2437 1607 2580 1650 rem

519 1680 891 1746 familiarem
935 1681 1361 1757 administret,
1415 1701 1542 1764 qua
1584 1679 2043 1744 consuetudine
2078 1677 2428 1744 domestica
2470 1679 2574 1744 sit.

519 1776 579 1836 in.
619 1776 872 1839 san-tuna
915 1774 1264 1859 quaeritur,
1321 1796 1545 1839 servus
1584 1772 1666 1838 sit
1708 1795 1791 1838 ιιι
1832 1772 2019 1850 liber,
2072 1773 2455 1859 pecuniosus
2492 1797 2576 1837 an

519 1872 751 1944 munis,
786 1867 1071 1953 privatus
1109 1890 1192 1931 an
1226 1888 1374 1931 cum
1406 1877 1751 1952 potestate3
1788 1867 1844 1932 si
1879 1889 2024 1931 cum
2058 1876 2402 1953 potestate,
2437 1867 2576 1932 iure

515 1988 595 2024 :m
635 1961 886 2039 iniuria,
923 1960 1108 2037 felix,
1143 1959 1353 2024 clarus
1391 1982 1475 2024 an
1510 1971 1758 2039 contra,
1803 1961 2007 2046 qualis
2042 1961 2275 2027 liberos
2311 1960 2573 2040 habeat3

519 2076 587 2116 m:
639 2056 691 2116 si
739 2054 818 2118 de
858 2075 990 2119 non
1033 2053 1183 2120 vivo
1229 2065 1592 2138 quaeretur,
1646 2055 1839 2120 etiam
1882 2054 2053 2139 quali
2094 2066 2297 2120 morte
2341 2055 2427 2119 sit
2461 2056 2578 2119 ad-

423 2179 471 2212 3¹}
519 2152 751 2224 smmis,
799 2147 918 2211 erit
951 2147 1502 2214 considerandum.
1590 2148 1877 2216 habitum
1920 2159 2132 2215 autem
2178 2149 2573 2237 appellamus

517 2244 707 2304 animi
755 2237 894 2328 [aut
934 2240 1246 2331 corporis]
1302 2252 1702 2309 constantem
1744 2254 1808 2309 et
1851 2242 2207 2309 absolutam
2252 2243 2464 2328 aliqua
2504 2243 2576 2308 in

519 2360 579 2400 re
623 2336 1098 2420 lun-sectionem,
1149 2348 1225 2401 ut
1264 2337 1515 2403 virtutis
1562 2348 1671 2403 aut
1715 2338 1867 2403 artis
1922 2338 2183 2403 alicuius
2219 2338 2576 2425 perceptio-

515 2456 659 2492 nem
693 2441 800 2496 aut
826 2430 1116 2515 quamvis
1146 2429 1477 2497 scientiam
1510 2442 1577 2497 et
1607 2431 1762 2498 item
1786 2431 2068 2518 corporis
2096 2431 2372 2515 aliquam
2400 2454 2577 2497 com-

515 2528 882 2590 moditatem
933 2547 1063 2591 non
1113 2536 1342 2590 natura
1404 2525 1645 2604 datam,
1710 2526 1827 2591 sed
1885 2525 2095 2591 studio
2148 2536 2214 2591 et
2261 2524 2576 2590 industria

515 2637 779 2705 partam.
868 2618 1142 2686 adfectio
1180 2630 1280 2685 est
1312 2619 1508 2685 animi
1552 2631 1662 2686 aut
1696 2620 1976 2706 corporis
2012 2642 2094 2685 ex
2138 2629 2422 2706 tempore
2456 2620 2573 2685 ali-

515 2741 639 2797 qua
675 2717 753 2781 ds
789 2735 984 2779 causa
1018 2714 1457 2792 commutatio,
1510 2724 1585 2779 ut
1624 2713 1890 2793 laetitia,
1946 2713 2287 2801 cupiditas,
2339 2724 2570 2791 metus,

515 2809 821 2886 molestia,
856 2808 1138 2886 morbus,
1177 2808 1470 2873 debilitas
1506 2819 1571 2875 et
1606 2808 1747 2885 alia,
1786 2828 1949 2891 quae
1982 2808 2051 2871 in
2085 2807 2309 2873 eodem
2337 2829 2573 2894 genere

511 2901 928 2985 reperiuntur.
1018 2901 1299 2967 studium
1334 2913 1436 2968 est
1470 2912 1683 2967 autem
1730 2901 1925 2965 animi
1969 2901 2237 2968 adsidua
2270 2911 2335 2965 et
2378 2900 2575 2966 vehe-

511 3017 691 3057 mfflffi
747 2994 828 3059 ad
880 2994 1156 3079 aliquam
1207 3018 1342 3061 rem
1394 2996 1712 3084 applicata
1761 3018 1998 3083 magna
2048 3017 2195 3061 cum
2246 2994 2574 3060 voluntate

515 3113 711 3173 smmi]
719 3089 841 3155 atio
853 3137 872 3168 ,
915 3100 988 3154 ut
1027 3090 1500 3179 philosophiae,
1544 3090 1860 3178 poeticae,
1907 3090 2358 3179 geometricae,
2402 3087 2575 3155 litte-

515 3209 739 3249 rarum.
830 3184 1164 3250 consilium
1215 3197 1316 3251 est
1358 3186 1599 3271 aliquid
1641 3185 1917 3252 faciendi
1962 3196 2071 3251 aut
2112 3208 2244 3251 non
2295 3183 2573 3252 faciendi

515 3277 870 3361 εεκιῑιιςςὶιιιι
919 3278 1100 3345 ratio.
1189 3280 1362 3346 facta
1413 3291 1625 3346 autem
1660 3291 1725 3345 et
1768 3302 1955 3346 casus
1991 3290 2058 3345 et
2098 3277 2413 3346 orationes
2461 3277 2574 3342 tri-

515 3374 627 3437 hus
687 3397 768 3437 ax
818 3374 1207 3461 temporibus
1263 3373 1857 3441 considerabuntur:
1919 3374 2072 3459 quid
2122 3372 2345 3439 fecerit
2397 3369 2569 3459 [aut]

515 3469 659 3549 quid
699 3467 822 3553 ipsi
856 3468 1154 3535 acciderit
1191 3466 1358 3556 [aut]
1400 3468 1552 3553 quid
1588 3468 1846 3547 dixerit;
1882 3479 1947 3533 et
1981 3467 2133 3553 quid
2167 3466 2380 3544 faeiat,
2417 3465 2575 3549 quid

511 3562 631 3645 isai
671 3561 940 3641 aecidat,
995 3562 1148 3647 quid
1183 3563 1380 3641 dicat3
1434 3574 1545 3627 aut
1580 3563 1730 3646 quid
1773 3563 2054 3628 facturus
2092 3562 2204 3640 sit,
2258 3559 2413 3645 quid
2444 3558 2573 3646 ipsi

515 3677 807 3721 casurum
843 3655 943 3735 sit,
981 3678 1108 3741 qua
1143 3656 1227 3722 sit
1257 3677 1491 3722 usurus
1521 3657 1821 3723 oratione.
1876 3678 1952 3723 ac
1984 3656 2275 3745 personis
2313 3654 2574 3740 quidem

515 3753 667 3813 ham?
707 3751 998 3817 videntur
1032 3772 1178 3817 esse
1214 3749 1537 3815 attributa.

631 3846 916 3933 Negotiis
954 3857 1168 3911 autem
1202 3866 1364 3928 quae
1402 3856 1552 3909 sunt
1587 3844 1915 3925 attributa,
1965 3844 2197 3933 partim
2234 3854 2384 3911 sunt
2418 3863 2574 3908 con-

516 3941 774 4005 tinentia
832 3962 978 4006 cum
1028 3940 1171 4027 ipso
1232 3939 1519 4026 negotio,
1578 3940 1811 4027 partim
1858 3940 1926 4006 in
1979 3940 2268 4027 gestione
2327 3938 2575 4025 negotii

515 4037 1020 4115 musidsrantur,
1063 4034 1296 4132 partim
1341 4034 1640 4100 adiuncta
1672 4036 1930 4123 negotio
1968 4044 2143 4114 sunt,
2187 4034 2421 4123 partim
2456 4055 2577 4119 ge-

415 1228 459 1276 m

407 3841 475 3893 5215

419 3913 464 3949 ιι
