2784 4575
535 282 663 349 174
1147 293 1226 345 Μ.
1265 289 1540 348 TULLII
1576 288 1981 347 CICERONIS

527 440 668 485 mos
703 426 878 483 esset
913 413 1156 493 Graiis,
1213 435 1360 479 cum
1391 413 1557 479 inter
1594 436 1663 479 se
1698 412 1938 479 bellum
1972 412 2357 500 gessissent,
2410 426 2485 480 ut
2519 414 2596 495 ei,

527 513 639 603 qui
699 510 1030 587 vicissent,
1092 520 1433 620 ‘tropaeum
1496 508 1753 592 aliquod
1812 508 1880 573 in
1937 508 2173 573 finibus
2246 519 2595 577 statuerent

527 606 828 673 victoriae
863 604 1108 671 modo
1089 628 1158 669 m
1189 603 1619 691 praesentiam
1655 602 2073 669 declarandae
2108 624 2323 683 causa,
2362 626 2493 671 non
2526 618 2594 672 ut

524 701 594 767 in
625 711 1006 789 perpetuum
1037 698 1190 765 belli
1223 698 1533 765 memoria
1563 709 1878 776 maneret,
1924 702 2193 763 aeneum
2238 709 2593 767 statuerunt

527 808 886 883 tropaeum:
943 803 1320 861 accusantur
1353 792 1527 880 apud
1559 792 2099 879 Amphictyonas,
2144 792 2214 857 id
2247 804 2376 872 est,
2424 796 2593 882 apud

433 917 486 957 το
527 912 862 957 commune
907 887 1218 955 Graeciae
1263 886 1618 955 consilium.
1706 886 1969 953 intentio
2014 898 2143 952 est:
2196 892 2354 954 ‘non
2406 912 2592 977 opor-

525 986 684 1052 tuit?
723 982 1014 1071 depuisio
1051 996 1179 1048 est:
1235 982 1583 1069 ‘oportuit'
1640 980 1927 1067 quaestio
1962 992 2089 1048 est:
2126 984 2592 1071 oportueritne?

523 1080 684 1147 ratio
719 1092 848 1147 estz·
905 1084 1078 1144 ‘eam
1113 1078 1283 1143 enim
1317 1100 1401 1143 ex
1433 1076 1603 1143 bello
1638 1078 1907 1165 gloriam
1940 1077 2173 1144 virtute
2206 1079 2589 1167 peperimus,

525 1184 598 1239 ut
631 1175 768 1241 eius
805 1184 1066 1239 aeterna
1096 1170 1377 1259 insignia
1416 1172 1691 1259 posteris
1726 1171 1961 1239 nostris
2005 1172 2360 1259 relinquere
2396 1174 2593 1240 velle-

527 1268 714 1333 mus?
801 1266 1140 1333 infirmatio
1193 1276 1320 1332 est:
1385 1272 1405 1303 ‘
1418 1276 1697 1331 attamen
1749 1276 2075 1333 aeternum
2124 1267 2593 1333 inimicitiarum

524 1372 1004 1429 monumentum
1057 1360 1290 1429 Graios
1353 1361 1437 1427 de
1490 1360 1704 1427 Graiis
1768 1372 2047 1428 statuere
2110 1384 2240 1429 non
2298 1364 2590 1450 oportet.'

524 1456 824 1523 iudicatio
859 1466 987 1523 est:
1024 1478 1171 1523 cum
1205 1478 1493 1523 summae
1526 1456 1779 1521 virtutis
1822 1456 2361 1523 concelebrandae
2396 1479 2593 1525 causa

527 1550 708 1620 Graii
771 1550 852 1616 de
913 1549 1127 1618 Graiis
1189 1561 1519 1617 aeternum
1578 1549 2055 1621 inimicitiarum
2108 1565 2590 1619 monumentum

526 1655 908 1723 statuerunt,
960 1656 1216 1713 rectene
1259 1669 1343 1711 an
1385 1655 1607 1712 contra
1646 1642 1951 1711 fecerint?
2002 1644 2169 1711 hanc
2208 1644 2353 1713 ideo
2396 1647 2591 1713 ratio-

523 1764 672 1807 nem
721 1740 1138 1819 subiecimus,
1191 1750 1265 1805 ut
1313 1740 1438 1807 hoc
1491 1760 1723 1806 causae
1774 1761 1979 1826 genus
2030 1739 2270 1825 ipsum,
2328 1739 2409 1806 de
2462 1762 2587 1825 quo

525 1837 803 1923 agimus,
841 1845 1354 1922 cognosceretur,
1389 1858 1542 1899 nam
1576 1834 1633 1899 si
1667 1856 1810 1899 eam
1844 1832 2425 1921 supposuissemus,
2462 1857 2589 1921 qua

524 1932 798 1997 fortasse
839 1930 944 1995 usi
989 1940 1164 1995 sunt:
1218 1936 1377 1994 ‘non
1418 1929 1591 1995 enim
1644 1931 1809 1995 iuste
1850 1951 1973 1996 nec
2012 1930 2117 2017 pie
2159 1930 2398 1997 bellum
2440 1955 2586 2019 ges-

525 2026 757 2103 sistis;’
809 2025 879 2089 in
909 2024 1282 2090 relationem
1305 2022 1597 2093 ,criminis
1642 2025 2107 2105 delaberemur,
2163 2026 2243 2095 de
2278 2048 2407 2112 qua
2437 2040 2586 2115 post

521 2118 872 2201 loquemur.
958 2128 1296 2202 utrumque
1339 2128 1555 2185 autem
1598 2142 1831 2185 causae
1875 2142 2079 2207 genus
2115 2121 2183 2186 in
2226 2120 2393 2187 hanc
2436 2144 2585 2187 cau-

524 2234 662 2276 sam
705 2211 982 2277 incidere
1007 2211 1434 2300 perspicuum
1478 2224 1597 2279 est.
1684 2213 1751 2279 in
1795 2214 1961 2279 hanc
2004 2216 2583 2302 argumentationes

522 2330 604 2371 ex
653 2306 896 2373 eisdem
945 2307 1101 2373 locis
1148 2307 1494 2380 sumendae
1556 2319 1707 2376 sunt
1742 2319 1931 2394 atque
1963 2309 2031 2374 in
2084 2331 2344 2376 causam
2384 2333 2585 2399 nego—

425 2426 478 2466 ’τι
522 2399 763 2479 tialem,
804 2422 935 2486 qua
969 2401 1050 2468 de
1087 2413 1232 2468 ante
1269 2402 1511 2468 dictum
1552 2415 1673 2470 est.
1758 2403 1934 2470 locos
1972 2413 2183 2470 autem
2228 2406 2581 2472 communis

521 2507 584 2562 et
627 2517 710 2562 ex
761 2517 958 2564 causa
1005 2497 1176 2585 ipsa,
1233 2498 1290 2564 si
1333 2499 1488 2584 quid
1536 2498 1725 2566 inerit
1773 2498 2225 2587 indignationis
2280 2512 2391 2567 aut
2432 2522 2587 2568 con-

519 2591 896 2676 questionis,
931 2602 997 2657 et
1031 2614 1114 2657 ex
1145 2591 1300 2658 iuris
1337 2593 1605 2660 utilitate
1642 2603 1708 2660 et
1736 2603 1967 2660 natura
1997 2595 2231 2661 multos
2268 2606 2333 2661 et
2367 2595 2581 2684 gravis

519 2708 766 2752 sumere
801 2685 1017 2752 licebit
1055 2684 1152 2774 [et
1183 2687 1527 2776 oportebit]
1540 2738 1559 2768 ,
1596 2689 1653 2754 si
1688 2709 1917 2754 causae
1952 2689 2229 2776 dignitas
2265 2689 2584 2756 videbitur

415 2793 486 2846 24
519 2782 862 2868 postulare.
968 2803 1140 2847 nunc
1191 2783 1662 2871 adsumptivam
1710 2795 1959 2869 partem
2009 2783 2377 2850 iuridicialis
2432 2805 2583 2851 con-

519 2874 889 2942 sideramus.

634 2967 1070 3057 Adsumptiva
1127 2970 1322 3058 igitur
1381 2981 1519 3036 tum
1580 2971 1833 3052 dicitur,
1894 2992 2040 3037 cum
2100 2971 2313 3058 ipsum
2374 2995 2457 3038 ex
2511 2995 2583 3039 se

515 3060 756 3126 factum
797 3064 1058 3151 probari
1099 3087 1230 3130 non
1271 3075 1512 3152 potest,
1568 3064 1778 3150 aliquo
1822 3075 2037 3132 autem
2080 3066 2235 3131 foris
2280 3064 2583 3134 adiuncto

515 3167 890 3242 argumento
937 3157 1316 3225 defenditur.
1406 3160 1541 3226 eius
1575 3170 1791 3246 partes
1836 3171 1985 3226 sunt
2028 3171 2347 3245 quattuor:
2402 3179 2585 3226 com-

512 3251 785 3335 paratio,
855 3252 1078 3319 relatio
1141 3253 1449 3333 criminis,
1516 3253 1785 3322 remotio
1846 3254 2124 3320 criminis
2138 3305 2156 3334 ,
2226 3253 2580 3320 concessiO.

418 3367 470 3408 τι
515 3347 902 3432 comparatio
935 3360 1062 3428 est,
1111 3371 1257 3416 cum
1291 3349 1550 3436 aliquod
1583 3351 1850 3428 factum,
1896 3350 2069 3435 quod
2100 3373 2217 3439 per
2252 3372 2323 3418 se
2364 3349 2581 3437 ipsum

511 3462 642 3505 non
687 3440 769 3506 sit
820 3443 1246 3530 probandum,
1300 3467 1382 3511 ex
1426 3467 1531 3524 eo,
1587 3445 1765 3510 cuius
1808 3445 1879 3510 id
1926 3465 2121 3511 causa
2172 3443 2416 3512 factum
2460 3455 2579 3522 est,

511 3535 890 3603 defenditur.
979 3561 1058 3604 ea
1090 3549 1190 3605 est
1223 3538 1413 3605 huius
1448 3539 1649 3606 modi:
1708 3539 1967 3625 quidam
2002 3540 2374 3627 imperator,
2430 3559 2581 3604 cum

511 3631 592 3695 ab
647 3631 940 3698 hostibus
993 3634 1558 3702 circumsederetur
1608 3656 1817 3720 neque
1868 3635 2153 3724 effugere
2202 3633 2335 3700 ullo
2386 3633 2583 3700 modo

507 3736 755 3810 posset,
820 3727 1122 3815 depactus
1175 3740 1276 3795 est
1327 3749 1473 3794 cum
1534 3728 1657 3806 eis,
1710 3739 1784 3794 ut
1834 3740 1901 3795 et
1960 3753 2137 3794 arma
2184 3740 2251 3794 et
2309 3727 2585 3815 impedi-

507 3831 724 3886 menta
762 3821 1173 3906 relinqueret,
1225 3823 1459 3889 milites
1504 3824 1804 3890 educeret
1811 3850 1829 3904 3
1882 3824 2096 3908 itaque
2149 3823 2328 3902 fecit3
2384 3822 2583 3888 armis

509 3925 574 3979 et
605 3915 1072 4002 impedimentis
1109 3917 1360 3984 amissis
1396 3928 1647 4006 praeter
1674 3940 1855 4005 spem
1878 3918 2110 3984 milites
2140 3916 2582 3984 conservavit:

511 4020 842 4075 accusatur
901 4009 1272 4078 maiestatis.
1394 4012 1659 4078 incurrit
1716 4013 1842 4078 huc
1902 4011 2214 4090 definitio,
2279 4011 2397 4076 sed
2457 4033 2585 4076 nos

317 4121 324 4128 ·
417 4127 470 4171 ἰι
512 4101 680 4166 hunc
715 4103 946 4182 locum,
983 4105 1064 4170 de
1101 4126 1224 4189 quo
1261 4106 1531 4194 agimus,
1570 4107 2064 4174 consideremus.
2142 4103 2410 4172 intentio
2448 4115 2585 4171 est:
