2784 4575
847 295 953 350 DE
992 290 1355 349 ORATORE
1388 292 1464 347 ΙΙ.
1503 292 1678 345 111-
1689 292 1804 345 121.
2273 277 2358 344 85

302 431 499 498 creta,
536 440 871 505 responsa,
916 416 1186 499 reliqua,
1226 415 1281 479 si
1316 435 1477 498 quae
1516 424 1690 491 sunt,
1737 434 1899 497 quae
1933 437 2062 479 non
2098 415 2177 480 ab
2215 438 2356 479 orae-

301 524 436 580 tore
479 513 833 599 pariuntur,
890 510 1004 575 sed
1048 510 1130 573 ad
1183 517 1497 575 oratorem
1534 504 1603 593 [a
1647 528 1839 572 causa
1893 506 2108 594 atque]
2149 530 2188 571 a
2229 508 2354 573 reis

302 610 695 685 deferuntur3
752 606 950 671 altera
1002 614 1127 682 est,
1182 626 1345 687 quae
1398 612 1532 670 tota
1580 602 1648 667 in
1702 600 2126 688 disputatione
2179 610 2244 666 et
2289 600 2358 666 in

303 700 844 791 argumentatione
890 698 1157 765 oratoris
1211 698 1540 763 conlocata
1581 706 1706 775 est3
1793 696 1884 761 ita
1923 696 1992 760 in
2036 694 2357 804 superiore

302 817 533 883 genere
571 796 649 859 de
686 793 1029 859 tractandis
1068 790 1484 879 argumentis,
1540 790 1607 853 in
1641 790 1764 855 hoc
1808 798 2020 854 autem
2053 788 2242 854 etiam
2281 790 2360 854 de

299 888 694 955 inveniendis
741 887 1147 975 cogitandum
1194 896 1311 950 est.
1402 894 1589 969 atque
1623 884 1731 949 isti
1766 884 2048 968 quidem,
2103 884 2212 968 qui
2247 884 2360 949 do-

304 994 473 1061 cent,
540 1004 688 1047 cum
738 1004 965 1046 causas
1016 980 1083 1044 in
1134 980 1318 1065 plura
1378 1002 1616 1066 genera
1668 988 2029 1057 secuerunt,
2093 976 2360 1063 singulis

303 1076 641 1163 generibus
680 1084 1192 1161 argumentorum
1226 1072 1476 1159 copiam
1503 1082 1880 1159 suggerunt3
1918 1072 2089 1156 quod
2115 1070 2360 1136 etiamsi

307 1170 389 1233 ad
430 1168 851 1233 instituendos
898 1166 1406 1231 adulescentulos
1451 1165 1658 1253 magis
1703 1176 1920 1251 aptum
1955 1174 2080 1244 est,
2132 1173 2230 1243 ut,
2277 1164 2364 1229 εἰέ-

308 1261 516 1327 mulac
556 1260 769 1348 posita
820 1282 1014 1326 causa
1066 1260 1173 1337 sit,
1228 1260 1506 1326 habeant
1550 1280 1674 1343 quo
1721 1282 1790 1324 se
1833 1257 2140 1336 referant,
2192 1258 2364 1322 unde

308 1358 522 1423 statim
555 1355 852 1442 expedita
882 1354 1133 1441 possint
1176 1363 1550 1439 argumenta
1594 1353 1993 1439 depromere,
2048 1364 2261 1427 tamen
2297 1359 2364 1415 et

306 1450 470 1514 tardi
520 1449 761 1535 ingenii
813 1460 913 1513 est
972 1446 1211 1513 rivulos
1274 1446 1652 1525 consectari,
1714 1446 1908 1511 fontis
1970 1468 2182 1511 rerum
2233 1466 2364 1509 non

308 1543 553 1620 videre,
608 1552 673 1607 et
704 1542 833 1607 iam
886 1541 1109 1606 aetatis
1154 1551 1254 1605 est
1304 1562 1587 1624 ususque
1639 1540 1840 1605 nostri
1877 1564 1916 1604 a
1951 1539 2156 1625 capite
2193 1539 2362 1622 quod

308 1634 577 1703 velimus
616 1656 934 1700 arcessere
969 1644 1033 1701 et
1064 1634 1235 1699 unde
1271 1634 1482 1699 omnia
1525 1643 1784 1698 manent
1816 1632 2050 1697 videre.
2140 1642 2204 1697 et
2237 1632 2368 1718 pri-.

310 1752 485 1793 mum
520 1752 723 1815 genus
758 1727 917 1793 illud
951 1750 1169 1793 earum
1216 1750 1456 1805 rerum,
1513 1750 1672 1811 quae
1709 1728 1793 1792 ad
1835 1737 2147 1792 oratorem
2191 1726 2366 1791 defe-

307 1835 557 1901 runtur,
610 1822 983 1888 meditatum
1016 1822 1201 1888 nobis
1236 1824 1304 1886 in
1344 1833 1722 1908 perpetuum
1766 1822 1849 1885 ad
1881 1842 2134 1886 omnem
2179 1843 2367 1885 usum

313 1916 611 1981 similium
644 1938 855 1981 rerum
891 1937 1034 1982 esse
1081 1915 1363 1993 debebit3
1409 1938 1558 1979 nam
1594 1925 1659 1979 et
1689 1937 1806 2000 pro
1850 1913 2080 1979 tabulis
2119 1922 2184 1979 et
2217 1934 2368 1979 con-

311 2021 409 2075 tra
452 2011 699 2076 tabulas
737 2019 803 2076 et
840 2032 959 2096 pro
1006 2009 1273 2075 testibus
1320 2019 1384 2073 et
1427 2020 1649 2073 contra
1700 2007 1880 2072 testis
1918 2017 1981 2071 ct
2023 2029 2140 2093 pro
2177 2028 2368 2091 quae·-

312 2104 623 2171 stionibus
661 2114 725 2169 et
776 2116 997 2169 contra
1048 2102 1450 2188 quaestiones
1497 2113 1563 2167 et
1593 2101 1748 2167 item
1782 2102 1862 2167 de
1897 2102 2122 2167 ceteris
2173 2100 2365 2167 rebus

308 2198 597 2266 eiusdem
632 2197 883 2285 generis
920 2196 1024 2263 vel
1062 2196 1403 2283 separatim
1447 2196 1655 2261 dicere
1701 2194 1978 2261 solemus
2015 2194 2094 2259 de
2131 2215 2364 2280 genere

307 2291 606 2356 universo
649 2292 753 2356 vel
788 2291 1043 2358 definite
1080 2293 1160 2357 de
1195 2290 1463 2377 singulis
1508 2290 1928 2376 temporibus,
1983 2287 2364 2365 hominibus,

312 2384 551 2462 causis3
607 2406 763 2467 quos
812 2386 1066 2468 quidem
1116 2386 1291 2452 locos
1325 2419 1416 2432 —
1449 2384 1630 2450 vobis
1677 2384 1827 2460 hoc,
1888 2381 2082 2448 Cotta
2117 2391 2182 2446 et
2219 2379 2366 2446 Sul-

310 2478 468 2564 pici,
533 2476 675 2541 dico
724 2513 814 2527 —-
862 2479 1063 2545 multa
1122 2477 1648 2543 commentatione
1711 2486 1898 2560 atque
1959 2475 2366 2540 meditatione

309 2581 565 2658 paratos
598 2579 785 2654 atque
822 2571 1149 2657 expeditos
1186 2571 1422 2636 habere
1459 2569 1732 2646 debetis3
1767 2570 2031 2654 longum
2067 2578 2166 2632 est
2200 2566 2368 2632 enim

311 2685 483 2728 nunc
516 2685 619 2728 me
657 2662 1001 2748 explicare,
1058 2686 1184 2747 qua
1216 2663 1460 2727 ratione
1497 2672 1605 2726 aut
1649 2661 2020 2726 confirmare
2057 2669 2166 2724 aut
2197 2659 2369 2724 infir-

312 2779 487 2822 mare
522 2756 723 2834 testis,
760 2756 1030 2833 tabulas,
1067 2756 1469 2839 quaestiones
1507 2763 1820 2840 oporteat:
1858 2755 2018 2818 haec
2054 2763 2201 2818 sunt
2236 2775 2370 2818 om·-

314 2849 422 2915 nia
452 2849 692 2938 ingenii
726 2849 829 2914 vel
862 2849 1227 2927 mediocris,
1274 2847 1740 2914 exercitationis
1777 2857 1990 2912 autem
2024 2845 2337 2911 maximae
2347 2871 2366 2924 3

317 2956 516 3010 artem
552 2943 807 3028 quidem
842 2955 907 3009 et
938 2955 1277 3030 praecepta
1313 2943 1642 3008 dumtaxat
1683 2942 1988 3008 hactenus
2023 2940 2368 3025 requirunt,

312 3051 387 3105 ut
420 3039 605 3104 certis
643 3039 892 3104 dicendi
925 3037 1269 3104 luminibus
1307 3047 1626 3105 ornentur.
1713 3036 1989 3121 itemque
2023 3036 2160 3114 illa,
2207 3056 2368 3118 quae

317 3143 467 3198 sunt
500 3132 756 3198 alterius
793 3133 1065 3220 generis,
1104 3154 1264 3216 quae
1300 3141 1436 3197 tota
1471 3131 1551 3196 ab
1587 3139 1835 3196 oratore
1868 3128 2224 3216 pariuntur,
2262 3150 2372 3193 ex-

316 3225 762 3312 cogitationem
795 3249 925 3292 non
958 3226 1197 3291 habent
1231 3225 1582 3303 difficilem,
1638 3223 2120 3310 explicationem
2163 3221 2370 3310 magis

317 3319 647 3409 inlustrem
680 3320 1181 3406 perpolitamque
1218 3319 1580 3384 desiderant
1588 3343 1606 3396 3
1641 3318 1855 3402 itaque
1881 3339 2026 3382 cum
2059 3316 2218 3382 haec
2246 3317 2371 3380 duo

317 3410 503 3475 nobis
540 3413 899 3493 quaerenda
934 3413 1061 3478 sint
1095 3413 1163 3476 in
1198 3413 1429 3490 causis,
1463 3412 1739 3498 primum
1773 3411 1944 3497 quid,
1983 3410 2208 3476 deinde
2245 3431 2371 3492 quo

318 3501 511 3572 modo
547 3503 859 3583 dicamus,
915 3506 1211 3584 alterum,
1264 3505 1438 3589 quod
1481 3515 1686 3570 totum
1718 3516 1850 3570 arte
1896 3504 2161 3570 tinctum
2195 3501 2372 3566 vide-

318 3608 449 3675 tur,
504 3597 756 3661 tametsi
790 3608 989 3662 artem
1021 3599 1311 3683 requirit,
1367 3608 1580 3663 tamen
1619 3597 1992 3686 prudentiae
2036 3607 2136 3662 est
2167 3617 2370 3682 paene

318 3691 657 3758 mediocris
671 3691 845 3802 ‘quid
880 3692 1217 3758 dicendum
1253 3693 1335 3758 sit
1368 3692 1614 3771 videre3
1663 3693 1928 3762 alterum
1965 3701 2090 3769 est,
2143 3689 2212 3754 in
2247 3711 2370 3773 quo

321 3786 589 3852 oratoris
626 3785 724 3852 vis
768 3785 879 3850 illa
922 3786 1137 3852 divina
1186 3785 1511 3872 virtusque
1565 3787 1866 3863 cernitur,
1921 3809 2025 3863 ea,
2079 3806 2242 3869 quae
2279 3781 2373 3846 di-

324 3881 525 3946 cenda
578 3891 753 3959 sunt,
817 3890 1065 3961 ornate,
1129 3881 1382 3968 copiose
1435 3881 1732 3964 varieque
1795 3881 2020 3946 dicere.
2127 3900 2253 3963 qua
2301 3898 2371 3941 re

321 3972 496 4037 illam
538 3985 784 4060 partem
829 3974 1243 4061 superiorem,
1298 3975 1596 4060 quoniam
1641 3975 1836 4040 semel
1879 3975 1969 4039 ita
2009 3973 2191 4040 vobis
2235 3972 2372 4059 pla-

325 4065 481 4145 cuit,
545 4091 674 4132 non
725 4071 1035 4136 recusabo
1086 4092 1213 4153 quo
1264 4071 1472 4134 minus
1525 4067 1873 4156 perpoliam
1937 4081 2124 4154 atque
2177 4067 2373 4134 confi-

2392 724 2469 767 nv

2401 1660 2478 1700 118

2401 2578 2479 2634 11⁷9

2405 3059 2484 3100 120

2405 3874 2484 3986 {⁸1
