2784 4575
822 270 929 325 DE
968 267 1332 327 ORATORE
1367 269 1444 323 H.
1481 269 1725 323 76—84.
2221 256 2302 321 7⁷

247 396 549 461 mandare
560 442 579 472 ,
633 404 769 459 tum
804 393 887 458 ad
930 403 1283 457 extremum
1334 414 1524 477 agere
1562 411 1637 455 ac
1678 390 2114 478 pronuntiare3
2165 414 2302 457 rem

250 512 405 555 sane
454 510 584 555 non
632 486 1021 553 reconditam
1030 512 1049 565 3
1116 486 1256 571 quis
1319 485 1491 550 enim
1541 484 1663 550 hoc
1715 508 1845 549 non
1899 506 2016 549 sua
2077 494 2304 569 sponte

248 582 502 661 viderit,
558 581 876 647 neminem
926 602 1118 666 posse
1172 580 1409 657 dicere,
1464 578 1588 644 nisi
1640 588 1705 643 et
1756 578 1910 663 quid
1962 576 2200 642 diceret
2242 587 2308 643 et

248 677 479 761 quibus
514 676 725 741 verbis
762 686 827 740 et
861 696 985 758 quo
1032 674 1251 740 ordine
1298 674 1536 739 diceret
1577 671 1842 738 haberet
1876 682 1942 737 et
1975 694 2052 736 ea
2085 671 2308 737 memi-

247 770 483 835 nisset?
536 780 724 853 atque
759 767 919 833 haec
954 790 1078 855 ego
1111 791 1241 834 non
1275 766 1700 854 reprehendo,
1756 765 1872 831 sed
1907 774 2052 830 ante
2089 764 2306 831 oculos

246 862 457 949 posita
500 884 645 928 esse
698 862 869 939 dien,
920 874 993 927 ut
1026 884 1137 927 eas
1180 862 1337 926 item
1371 870 1694 946 quattuor,
1748 860 2057 943 quinque,
2111 880 2307 924 sexve

246 957 445 1041 partis
482 955 586 1021 vel
622 956 815 1021 etiam
851 968 1122 1041 septem,
1169 954 1471 1040 quoniam
1505 954 1684 1019 aliter
1721 953 1801 1018 ab
1837 952 1976 1017 aliis
2013 952 2309 1038 digerun-

246 1066 379 1127 tur,
432 1049 501 1113 in
544 1070 703 1132 quas
750 1059 851 1113 est
894 1049 975 1114 ab
1021 1049 1121 1115 his
1168 1048 1372 1114 omnis
1428 1048 1628 1114 oratio
1673 1045 2036 1111 distributae
2089 1046 2310 1111 iubent

248 1143 421 1208 enim
455 1142 730 1209 exordiri
761 1143 880 1220 ita,
934 1154 1008 1207 ut
1042 1166 1216 1221 eum,
1271 1144 1381 1228 qui
1417 1142 1658 1219 audiat,
1713 1141 2093 1207 benevolum
2125 1140 2309 1206 nobis

250 1237 559 1303 faciamus
596 1248 662 1302 et
696 1237 967 1305 docilem
1000 1248 1067 1302 et
1100 1248 1439 1315 attentum3
1477 1237 1708 1301 deinde
1739 1258 1878 1301 rem
1909 1258 2164 1301 narrare
2199 1235 2308 1312 ita,

247 1341 320 1396 ut
352 1329 488 1396 veri
522 1331 745 1397 similis
779 1332 1055 1397 narratio
1094 1333 1204 1408 sit,
1240 1343 1315 1396 ut
1348 1340 1597 1417 aperta,
1633 1340 1705 1395 ut
1736 1329 1979 1408 brevis3
2014 1340 2164 1416 post
2198 1351 2311 1394 au-

247 1438 379 1489 tem
428 1424 709 1490 dividere
766 1447 1027 1491 causam
1080 1436 1191 1490 aut
1231 1446 1588 1511 proponere
1597 1449 1616 1502 ;
1670 1433 1888 1489 nostra
1939 1424 2309 1489 confirmare

250 1518 641 1603 argumentis
678 1539 754 1583 ac
787 1519 1137 1585 rationibus
1148 1545 1167 1598 3
1214 1519 1443 1585 deinde
1479 1518 1794 1584 contraria
1824 1518 2129 1595 refutare3
2175 1528 2312 1583 tum

248 1622 461 1675 autem
504 1610 612 1674 alii
660 1612 1134 1677 conclusionem
1176 1610 1479 1677 orationis
1515 1624 1581 1676 et
1623 1611 1806 1695 quasi
1847 1609 2312 1698 perorationem

246 1703 608 1782 conlocant,
662 1704 769 1769 alii
800 1706 1049 1783 iubent,
1104 1716 1450 1790 antequam
1488 1716 1843 1792 peroretur,
1899 1704 2170 1770 ornandi
2203 1714 2313 1769 aut

246 1798 524 1885 augendi
576 1820 770 1865 causa
822 1800 1097 1886 digredi,
1153 1800 1381 1866 deinde
1437 1800 1812 1865 concludere
1867 1819 1943 1865 ac
1994 1820 2310 1884 perorare.

246 1915 329 1957 ne
365 1893 525 1958 haec
558 1893 818 1976 quidem
868 1895 1293 1981 reprehend03
1351 1904 1502 1959 sunt
1536 1894 1705 1959 enim
1757 1892 2066 1959 concinne
2101 1891 2313 1956 distri-

246 1986 429 2064 buta,
496 1988 612 2052 sed
660 1998 903 2066 tamen,
966 1989 1035 2053 id
1084 1989 1258 2072 quod
1317 2009 1582 2053 necesse
1633 1986 1755 2053 fuit
1809 1987 1890 2051 ab
1952 1985 2312 2052 hominibus

244 2080 613 2167 expertibus
678 2082 991 2161 veritatis,
1053 2107 1184 2149 non
1242 2083 1476 2171 perite:
1540 2104 1702 2167 quae
1757 2083 1926 2147 enim
1974 2091 2316 2168 praecepta

244 2174 697 2261 principiorum
742 2187 809 2243 et
852 2178 1288 2243 narrationum
1338 2200 1484 2243 esse
1528 2177 1892 2255 voluerunt,
1949 2198 2027 2241 ea,
2059 2176 2127 2240 in
2162 2175 2312 2241 totis

245 2267 635 2335 orationibus
674 2282 822 2336 sunt
856 2272 1321 2352 conservanda3
1376 2296 1527 2339 nam
1563 2295 1684 2359 ego
1720 2270 1878 2336 mihi
1928 2270 2312 2338 benevolum

246 2360 523 2425 iudicem
567 2361 815 2429 facilius
861 2365 1073 2432 facere
1125 2389 1420 2452 possum,
1479 2387 1626 2431 cum
1662 2389 1806 2430 sum
1845 2366 1914 2430 in
1950 2385 2140 2430 cursu
2173 2387 2316 2430 ora-

248 2453 467 2533 tionis,
521 2477 713 2539 quam
767 2478 913 2523 cum
962 2461 1178 2526 omnia
1220 2471 1369 2524 sunt
1418 2459 1732 2538 inaudita3
1787 2458 2056 2525 docilem
2102 2468 2315 2522 autem

248 2570 379 2614 non
414 2570 559 2614 cum
608 2549 913 2635 polliceor
963 2575 1069 2616 me
1114 2553 1722 2630 demonstraturum,
1778 2553 1894 2617 sed
1947 2562 2112 2629 tum,
2169 2571 2317 2614 cum

248 2641 449 2708 doceo
503 2653 566 2706 et
627 2642 929 2728 explan03
1000 2656 1311 2709 attentum
1373 2668 1525 2712 vero
1589 2646 1810 2709 crebro
1875 2647 2008 2710 tota
2067 2643 2314 2709 actione

252 2732 633 2822 [excitandis
668 2737 990 2802 mentibus
1042 2737 1350 2825 iudicum]
1366 2786 1384 2815 ,
1441 2761 1571 2804 non
1603 2738 1818 2824 prima·
1843 2736 2314 2802 denuntiatione

252 2829 537 2914 [efficere
586 2831 991 2919 possumus];
1045 2833 1175 2898 iam
1218 2854 1369 2898 vero
1413 2832 1839 2898 narrationem
1882 2831 2053 2914 quod
2092 2831 2315 2896 iubent

252 2922 385 2988 veri
428 2924 699 2990 similem
741 2948 885 2991 esse
930 2938 996 2992 et
1048 2937 1333 3013 apertam
1376 2938 1443 2993 et
1485 2928 1774 3004 brevem,
1826 2935 1999 2991 recte
2034 2948 2152 2991 nos
2201 2924 2315 2990 ad·-

248 3030 539 3084 monent:
596 3020 767 3104 quod
817 3019 977 3086 haec
1027 3020 1408 3087 narrationis
1459 3020 1666 3108 magis
1710 3030 1939 3106 putant
1979 3041 2124 3086 esse
2167 3041 2315 3106 pro-

247 3111 389 3198 pria
434 3134 626 3197 quam
672 3113 865 3180 totius
918 3114 1253 3193 orationis,
1306 3115 1496 3182 valde
1537 3113 1696 3178 mihi
1739 3114 2031 3179 videntur
2074 3133 2313 3190 errare3

248 3207 631 3292 omninoque
663 3206 732 3272 in
766 3207 890 3274 hoc
924 3208 1130 3275 omnis
1168 3220 1269 3276 est
1300 3232 1503 3288 error,
1560 3209 1733 3292 quod
1767 3207 2131 3274 existimant
2165 3206 2317 3272 arti-

247 3300 463 3364 ficium
498 3323 645 3366 esse
678 3301 802 3367 hoc
836 3304 1157 3387 quoddam
1189 3325 1318 3369 non
1354 3301 1663 3369 dissimile
1699 3313 2078 3381 ceterorum,
2133 3301 2312 3366 cuius

248 3393 424 3458 modi
469 3393 611 3458 de
590 3417 611 3457 1
614 3417 733 3478 pso
776 3397 913 3462 iure
966 3398 1137 3463 civili
1185 3397 1486 3465 hesterno
1540 3397 1642 3464 die
1689 3396 1965 3464 Crassus
2019 3396 2316 3482 componi

250 3507 447 3571 posse
482 3486 762 3552 dicebat·
798 3500 870 3553 ut
902 3511 1141 3576 genera
1172 3513 1385 3556 rerum
1417 3491 1693 3578 primum
1729 3500 2212 3598 exponerentur,
2246 3488 2316 3553 in

250 3601 380 3664 quo
433 3579 657 3645 vitium
708 3590 837 3659 est,
892 3583 950 3648 si
992 3606 1196 3670 genus
1240 3585 1444 3650 ullum
1487 3582 2030 3672 praetermittitur,
2085 3581 2314 3647 deinde

252 3673 653 3760 singulorum
702 3686 917 3761 partes
969 3700 1305 3764 generum,
1358 3678 1427 3744 in
1471 3701 1597 3764 quo
1642 3691 1710 3745 et
1757 3679 1985 3744 deesse
2037 3676 2316 3761 aliquam

250 3780 500 3854 partem
543 3781 607 3835 et
652 3791 984 3857 superare.
1004 3773 1382 3840 mendosum
1437 3785 1563 3854 est3
1619 3784 1756 3840 tum
1797 3774 2136 3840 verborum
2179 3793 2316 3838 om-

250 3861 430 3928 nium
466 3863 892 3944 definitiones,
947 3865 1015 3931 in
1050 3867 1279 3952 quibus
1314 3890 1524 3978 neque
1569 3867 1798 3939 abesse
1833 3867 2170 3952 quicquam
2205 3865 2316 3932 de-

2351 1076 2404 1117 80

2355 1918 2408 1959 81

251 3965 358 4020 cet
390 3978 596 4041 neque
630 3959 1013 4039 redundare,
1070 3961 1186 4026 sed
1230 3961 1355 4028 hoc
1392 3963 1448 4028 si
1481 3962 1549 4027 in
1591 3961 1728 4026 iure
1769 3960 1968 4040 civili,
2024 3958 2080 4026 si
2120 3959 2314 4025 etiam
2346 3954 2417 4066 ᾗ)

250 4049 321 4118 in
358 4051 567 4136 parvis
615 4065 725 4118 aut
775 4054 1197 4122 mediocribus
1250 4056 1444 4122 rebus
1491 4055 1802 4123 doctiores
1857 4052 2122 4143 adsequi
2162 4076 2314 4142 pos-
