2784 4575
537 264 666 329 206
1155 272 1232 328 M.
1270 272 1545 330 TULLII
1582 270 1987 329 CICERONIS

539 399 728 465 ficere
763 408 977 485 potest
1009 395 1499 463 necessitudinis
1536 396 1933 463 distributio?
1966 418 2165 483 prope
2202 395 2431 476 dicam,
2464 397 2622 485 plu·
2737 407 2738 414 ’

534 503 784 580 rimum,
823 523 968 566 cum
993 501 1172 567 locus
1198 500 1685 566 necessitudinis
1722 500 2037 565 videbitur
2070 499 2421 567 incurrere:
2456 524 2615 567 nam

543 626 684 671 cum
728 605 1000 692 simplex
1041 604 1160 670 erit
1201 604 1635 682 necessitudo,
1689 604 1847 669 nihil
1892 604 2011 669 erit
2053 605 2226 688 quod
2271 604 2475 670 multa
2511 606 2611 669 di-

443 731 511 767 152
543 732 788 789 camus,
827 731 973 775 cum
1007 731 1151 774 eam
1184 709 1362 774 nulla
1392 709 1638 775 ratione
1671 708 1869 774 lenire
1904 710 2256 796 possimus3
2310 732 2457 775 cum
2492 734 2611 776 au-

547 835 672 879 tem
705 814 798 878 ita
828 833 1094 877 necesse
1130 811 1278 889 erit,
1317 811 1373 877 si
1410 811 1648 896 aliquid
1683 811 1966 899 effugere
2002 823 2113 878 aut
2148 813 2413 900 adipisci
2446 814 2609 879 veli-

539 939 708 995 mus,
781 926 918 980 tum
985 914 1302 980 adiunctio
1365 915 1477 979 illa
1538 914 1691 999 quid
1750 916 1986 981 habeat
2052 916 2337 981 utilitatis
2404 927 2608 1001 atque

539 1018 918 1096 honestatis,
975 1018 1094 1083 erit
1146 1018 1707 1097 considerandum3
1760 1042 1911 1083 nam
1954 1019 2011 1083 si
2045 1018 2205 1083 velis
2254 1020 2605 1099 attendere,

539 1123 628 1183 ita
661 1132 904 1198 tamen,
957 1131 1031 1186 ut
1062 1121 1132 1185 id
1165 1141 1466 1204 quaeras,
1520 1122 1693 1206 quod
1737 1121 2071 1187 conveniat
2106 1123 2190 1187 ad
2221 1146 2412 1188 usum
2445 1124 2605 1189 civi·

543 1222 716 1301 tatis,
750 1223 1032 1309 reperias
1067 1223 1308 1288 nullam
1344 1246 1489 1289 esse
1522 1246 1685 1302 rem,
1723 1245 1914 1309 quam
1948 1225 2159 1291 facere
2193 1246 2459 1291 necesse
2493 1227 2598 1304 sit,

543 1328 662 1391 uisi
696 1337 956 1415 propter
992 1328 1269 1413 aliquam
1313 1349 1602 1406 causam,
1656 1350 1849 1413 quam
1893 1328 2362 1395 adiunctionem
2395 1330 2602 1396 nomi-

539 1451 763 1495 namus
774 1454 793 1508 ;
845 1430 1080 1516 pariter
1125 1442 1338 1496 autem
1383 1452 1527 1497 esse
1569 1432 1804 1497 multas
1838 1454 1943 1497 res
2001 1429 2479 1519 [necessitatis],
2520 1434 2604 1497 ad

543 1554 697 1615 quas
753 1530 976 1597 similis
1041 1532 1360 1598 adiunctio
1413 1556 1544 1599 non
1605 1533 1878 1613 accedit3
1940 1534 2111 1617 quod
2169 1556 2403 1620 genus,
2470 1532 2598 1622 [ut]

543 1633 745 1701 omnis
778 1635 1062 1701 mortalis
1097 1657 1364 1701 necesse
1399 1646 1501 1701 est
1539 1635 1794 1701 interire
1807 1685 1825 1715 ,
1889 1636 2025 1702 sine
2062 1636 2491 1715 adiunctione3
2530 1648 2606 1701 ut

543 1739 682 1805 cibo
715 1749 1001 1818 utantur,
1055 1762 1186 1805 non
1228 1761 1495 1806 necesse
1548 1750 1674 1816 est,
1726 1739 1852 1804 nisi
1895 1761 2041 1804 cum
2083 1740 2194 1805 illa
2228 1739 2600 1827 exceptione

443 1875 511 1911 m
547 1852 752 1907 *iextra
787 1864 996 1926 quam,
1037 1842 1094 1906 si
1127 1841 1332 1907 nolint
1365 1842 1536 1907 fame
1569 1842 1817 1928 perire!
1908 1865 2081 1929 ergo,
2117 1853 2189 1907 ut
2225 1842 2386 1921 dico,
2421 1842 2599 1921 illud,

543 1944 711 2027 quod
745 1943 1129 2029 adiungitur,
1169 1965 1441 2029 semper,
1480 1942 1658 2008 cuius
1694 1944 1867 2010 modi
1904 1944 2003 2023 sit,
2041 1945 2161 2011 erit
2196 1944 2599 2010 consideran-

539 2047 718 2123 dum,
778 2042 957 2130 [nam
1000 2044 1174 2111 omni
1218 2055 1503 2131 tempore
1536 2046 1605 2114 id
1646 2047 1986 2132 pertinebit
1991 2045 2041 2134 ,]
2097 2057 2171 2113 ut
2215 2057 2325 2112 aut
2370 2047 2452 2112 ad
2484 2047 2601 2113 ho-

543 2157 851 2215 nestatem
893 2147 1016 2215 hoc
1056 2148 1248 2215 modo
1302 2150 1681 2235 exponenda
1732 2150 2134 2217 necessitudo
2182 2150 2263 2217 sit
2309 2156 2599 2217 ‘necesse

543 2263 666 2330 cst,
721 2251 776 2317 si
823 2250 1090 2318 honeste
1137 2252 1431 2319 volumus
1477 2254 1692 2320 vivere
1703 2254 1749 2332 ;’
1805 2264 1913 2319 aut
1957 2256 2041 2320 ad
2082 2254 2597 2334 incolumitatem,

543 2355 661 2419 hoc
693 2354 884 2420 modo
922 2361 1214 2420 ‘necesse
1249 2367 1375 2434 est,
1424 2357 1481 2422 si
1514 2357 1861 2423 incolumes
1906 2359 2198 2424 volumus
2235 2358 2435 2436 esse3’
2490 2368 2600 2422 aut

543 2459 623 2519 ad
666 2457 1206 2537 commoditatem,
1261 2460 1386 2525 hoc
1436 2460 1629 2526 modo
1684 2466 1977 2526 ‘necesse
2032 2471 2158 2539 est,
2214 2461 2270 2526 si
2322 2461 2459 2526 sine
2501 2460 2603 2524 in-

435 2575 503 2628 523
539 2561 869 2626 commodo
895 2561 1186 2627 volumus
1215 2562 1489 2641 vivere;’
1529 2584 1604 2627 ac
1639 2585 1887 2646 summa
1912 2562 2168 2646 quidem
2192 2563 2600 2628 necessitudo

543 2664 788 2730 videtur
823 2686 968 2730 esse
1002 2664 1383 2744 honestatis;
1422 2665 1570 2730 huic
1604 2665 1920 2752 proxima,
1957 2665 2405 2731 incolumitatis
2417 2689 2436 2742 ;
2470 2676 2603 2730 ter-

539 2768 623 2832 tia
659 2788 734 2832 ac
767 2766 1119 2846 levissima,
1177 2768 1672 2846 commoditatis3
1728 2788 1891 2851 quae
1928 2789 2073 2832 cum
2106 2767 2205 2833 his
2249 2789 2603 2852 numquam

439 2899 510 2936 ni
539 2868 770 2952 poterit
820 2870 1067 2935 duabus
1123 2872 1531 2948 contendere,
1585 2870 1781 2935 hasce
1833 2881 2044 2935 autem
2087 2870 2251 2934 inter
2287 2891 2357 2935 se
2404 2892 2602 2956 saepe

539 2993 798 3036 necesse
834 2983 935 3037 est
979 2973 1359 3058 comparari,
1407 2983 1505 3050 ut,
1553 2982 1935 3058 quamquam
1977 2959 2260 3059 praestet
2292 2972 2601 3039 honestas

539 3072 979 3152 incolumitati,
1044 3086 1287 3152 tamen,
1349 3074 1475 3139 utri
1526 3074 1931 3162 potissimum
1983 3074 2438 3142 consulendum
2492 3075 2602 3154 sit,

539 3174 942 3254 zleliberetur3
981 3176 1161 3242 cuius
1195 3177 1290 3241 rei
1316 3187 1559 3242 certum
1588 3178 1909 3262 quoddam
1933 3178 2391 3265 praescriptum
2418 3177 2603 3243 vide-

539 3295 636 3340 tur
669 3277 737 3342 in
769 3290 1148 3365 perpetuum
1183 3279 1320 3343 dari
1353 3297 1575 3366 posse:
1611 3303 1781 3359 nam,
1819 3304 1945 3366 qua
1976 3281 2045 3345 in
2076 3303 2147 3346 re
2180 3280 2319 3346 fieri
2342 3280 2599 3366 poterit,

535 3404 575 3444 u
583 3392 632 3456 t,
670 3401 816 3444 cum
851 3380 1268 3446 incolumitati
1303 3383 1836 3462 consuluerimus,
1874 3385 2044 3468 quod
2079 3383 2163 3448 sit
2193 3383 2261 3448 in
2294 3404 2603 3469 praesen-

539 3484 623 3548 tia
658 3485 737 3550 de
772 3484 1106 3550 honestate
1143 3484 1508 3566 delibatum,
1546 3488 1778 3554 virtute
1814 3488 2151 3572 aliquando
2188 3498 2253 3553 et
2285 3485 2602 3552 industria

537 3598 968 3674 recuperetur,
1021 3588 1469 3656 incolumitatis
1512 3591 1674 3656 ratio
1710 3591 2029 3657 videbitur
2071 3590 2393 3668 habenda3
2448 3611 2602 3654 cum

539 3701 747 3756 nutem
780 3690 848 3756 id
880 3713 1010 3756 non
1042 3692 1335 3778 potuerit,
1372 3693 1723 3759 honestatis
1735 3719 1753 3772 ;
1790 3693 1881 3759 ita
1912 3694 1981 3758 in
2013 3692 2198 3759 huius
2226 3692 2401 3758 modi
2438 3715 2603 3777 quo-

539 3815 658 3876 que
691 3816 781 3872 re,
821 3815 966 3865 cum
1000 3795 1416 3861 incolumitati
1450 3797 1807 3860 videbimur
1842 3795 2191 3874 consulere,
2228 3817 2377 3860 vere
2412 3805 2603 3880 pote-

535 3896 728 3960 rimus
784 3896 992 3962 dicere
1044 3920 1162 3962 nos
1209 3897 1559 3963 honestatis
1612 3900 1923 3965 rationem
1966 3898 2202 3964 habere
2216 3947 2234 3975 ,
2290 3896 2603 3980 quoniam

539 3996 672 4060 sine
707 3997 1137 4064 incolumitate
1183 4022 1326 4065 eam
1366 4001 1544 4067 nullo
1580 4011 1865 4090 tempore
1906 4015 2248 4089 possumus
2294 3998 2586 4087 adipisci3
