2784 4575
793 286 1423 345 DE-INVENTIONE
1461 290 1507 342 Ι.
1549 289 1788 344 13-15,
2202 279 2323 344 111

261 403 586 481 definitiva
619 437 762 480 esse
800 423 864 477 et
899 410 1296 488 translativa3
1343 411 1697 478 etomnino
1743 414 1917 478 nulla
1960 403 2325 481 constitutio

260 531 381 575 nec
429 531 580 595 pars
627 505 1092 572 constitutionis
1137 515 1351 592 potest
1397 506 1585 570 simul
1640 518 1704 572 et
1758 532 1940 574 suam
1982 508 2217 575 habere
2263 521 2327 574 et

261 604 520 668 alterius
557 602 625 665 in
661 624 728 667 se
765 602 898 666 vim
931 599 1282 678 continere3
1335 599 1481 668 idco
1528 602 1701 684 quod
1742 625 1873 668 una
1925 625 2209 688 quaeque
2247 626 2325 668 ex

261 721 332 764 se
369 709 435 762 et
476 719 560 762 ex
607 719 723 761 sua
765 708 992 759 natura
1045 694 1443 780 simpliciter
1466 695 1927 774 consideratum
1985 697 2183 762 altera
2216 697 2327 761 ad-

261 802 516 878 sumpta
551 813 852 855 numerus
891 789 1412 854 constitutionum
1447 789 1832 875 duplicatur,
1877 813 2007 856 non
2043 791 2141 856 vis
2179 812 2329 856 con-

179 895 182 898 ’
261 885 607 950 stitutionis
643 895 940 970 augetur:
989 893 1055 947 at
1089 881 1501 948 deliberativa
1536 904 1731 950 causa
1766 885 1955 950 simul
1990 909 2073 950 ex
2106 886 2329 954 eadem

260 990 439 1066 parte
478 978 704 1043 eodem
737 979 805 1042 in
841 999 1074 1064 genere
1120 988 1185 1042 et
1229 975 1717 1044 coniecturalem
1764 989 1828 1043 et
1869 980 2233 1066 generalem
2266 990 2331 1043 et

263 1071 655 1138 definitivam
707 1083 770 1136 et
822 1071 1259 1136 translativam
1313 1072 1479 1136 solet
1528 1073 1763 1139 habere
1818 1074 2331 1139 constitutionem

261 1177 328 1230 et
363 1189 556 1230 unam
601 1165 878 1250 aliquam
913 1176 977 1230 et
1008 1165 1208 1252 pluris
1245 1188 1375 1230 non
1417 1189 1792 1249 numquam3
1849 1191 2002 1254 ergo
2044 1167 2188 1254 ipsa
2220 1189 2332 1232 ne-

185 1281 194 1290 ·
263 1283 388 1344 que
426 1259 788 1341 constitutio
833 1271 934 1324 est
975 1280 1094 1323 nec
1135 1283 1286 1346 pars
1333 1259 1819 1326 constitutionis.
1908 1263 2077 1342 idem
2110 1262 2179 1326 in
2222 1262 2336 1325 de-
2420 1291 2427 1296 ·

260 1354 718 1419 monstratione
775 1354 938 1419 solet
988 1375 1111 1416 usu
1164 1353 1401 1417 venire.
1490 1375 1726 1438 genera
1776 1355 1998 1440 igitur,
2061 1366 2133 1419 ut
2186 1366 2331 1420 ante

263 1446 570 1524 diximus,
625 1447 783 1511 haec
834 1468 1169 1510 causarum
1212 1447 1501 1532 putanda
1546 1459 1720 1524 sunt,
1774 1471 1906 1514 non
1954 1460 2171 1534 partes
2220 1449 2331 1514 ali-

265 1539 445 1603 cuius
483 1539 972 1604 constitutionis.
1063 1538 1221 1602 haec
1256 1561 1410 1625 ergo
1460 1541 1851 1620 constitutio,
1908 1564 2099 1625 quam
2132 1565 2331 1628 gene—
2368 1557 2433 1610 11

261 1633 464 1698 ralem
525 1632 956 1708 nominamus,
1025 1632 1223 1717 partis
1287 1633 1538 1697 videtur
1606 1635 1789 1699 nobis
1855 1636 2012 1702 duas
2076 1634 2330 1714 habere,

262 1724 678 1790 iuridicialem
713 1735 778 1789 et
811 1725 1213 1811 negotialem.
1303 1723 1669 1791 iuridicialis
1708 1738 1833 1806 est,
1879 1727 1947 1791 in
1980 1749 2111 1814 qua
2148 1729 2334 1812 aequi

225 1831 331 1884 'et
381 1819 540 1884 recti
591 1829 820 1883 natura
873 1832 983 1883 aut
1034 1819 1300 1904 praemii
1353 1832 1419 1884 et
1467 1843 1713 1906 poenae
1764 1821 1927 1886 ratio
1981 1821 2304 1906 quaeritur
2312 1848 2330 1900 3

263 1913 632 2002 negotialis,
677 1913 743 1977 in
779 1935 937 1997 qua,
993 1913 1148 1996 quid
1179 1913 1336 1978 iuris
1373 1937 1457 1978 ex
1490 1915 1661 1979 civili
1702 1938 1879 1981 more
1915 1926 1979 1980 et
2016 1916 2333 2000 aequitate

265 2009 368 2085 sit,
389 2008 851 2086 consideratur3
873 2007 978 2072 cui
998 2007 1361 2094 diligentiae
1377 2031 1679 2095 praeesse
1702 2011 1873 2096 apud
1888 2034 2005 2077 nos
2025 2011 2162 2076 iure
2184 2033 2335 2076 con-

265 2102 417 2168 sulti
453 2101 914 2169 existimantur.
987 2124 1062 2166 ac
1096 2103 1466 2169 iuridicialis
1502 2105 1760 2189 quidem
1796 2115 1861 2170 et
1892 2105 2037 2192 ipsa
2069 2105 2137 2168 in
2171 2106 2331 2170 duas
2380 2132 2428 2173 15

266 2197 561 2262 tribuitur
622 2197 820 2283 partis
834 2245 851 2276 ,
916 2197 1274 2264 absolutam
1328 2209 1394 2262 et
1448 2199 1935 2285 adsumptivam.
2046 2200 2334 2265 absoluta

267 2303 397 2369 est,
453 2313 614 2375 quae
656 2292 800 2379 ipsa
843 2291 911 2356 in
963 2315 1032 2357 se
1079 2294 1357 2357 continet
1402 2294 1555 2359 iuris
1602 2295 1973 2359 et-iniuriae
2017 2294 2335 2380 quaestio-

267 2409 444 2465 nem3
511 2386 940 2475 adsumptiva,
1007 2410 1166 2470 quae
1218 2387 1361 2474 ipsa
1414 2412 1495 2453 ex
1548 2412 1617 2454 se
1668 2390 1825 2453 nihil
1877 2390 1987 2455 dat
2012 2390 2201 2453 -firmi
2255 2392 2337 2454 ad

267 2482 759 2559 recusationem,
825 2482 980 2547 foris
1037 2491 1248 2546 autem
1303 2481 1543 2565 aliquid
1594 2484 1981 2548 defensionis
2039 2483 2331 2547 adsumit.

267 2576 406 2641 eius
449 2588 664 2662 partes
722 2586 870 2640 sunt
922 2585 1247 2657 quattuor,
1301 2575 1661 2654 concessiO,
1714 2577 1981 2641 remotio
2034 2576 2331 2651 criminis,

267 2670 490 2734 relatio
545 2669 854 2745 criminis,
911 2669 1318 2753 comparatio.
1426 2670 1753 2733 concessio
1807 2679 1935 2746 est,
1991 2689 2136 2732 cum
2185 2691 2333 2733 reus

267 2787 400 2831 non
451 2764 546 2840 id,
602 2763 772 2846 quod
823 2762 1063 2826 factum
1109 2774 1234 2840 est,
1290 2762 1601 2841 defendit,
1660 2764 1775 2828 sed
1824 2775 1897 2827 ut
1947 2763 2333 2848 ignoscatur,

269 2858 568 2947 postulat.
675 2855 832 2921 haec
884 2856 952 2919 in
1012 2856 1170 2921 duas
1235 2856 1433 2941 partis
1504 2856 1829 2935 dividitur,
1894 2856 2335 2943 purgationem

269 2965 338 3019 et
371 2951 908 3039 deprecationem:
963 2951 1258 3037 purgatio
1304 2962 1430 3028 est,
1486 2972 1631 3015 cum
1673 2952 1915 3018 factum
1950 2951 2333 3029 conceditur,

270 3048 460 3134 culpa
500 3056 888 3114 removetur:
947 3045 1106 3111 haec
1148 3046 1346 3133 partis
1393 3045 1589 3111 habet
1633 3046 1773 3125 tris,
1826 3046 2333 3133 imprudentiam,

269 3164 518 3220 casum,
573 3142 1038 3207 necessitatem.
1131 3141 1493 3227 deprecatio
1549 3152 1675 3219 est,
1730 3162 1874 3205 cum
1920 3152 1985 3205 et
2033 3162 2335 3227 peccasse

269 3249 337 3305 et
389 3238 676 3305 consulto
740 3259 1043 3324 peccasse
1103 3259 1252 3301 reus
1309 3258 1378 3301 se
1444 3236 1777 3303 confitetur
1838 3248 1901 3301 et
1964 3247 2205 3314 tamen,
2261 3250 2339 3325 pt

269 3332 664 3417 ignoscatur,
727 3332 1036 3417 postulat3
1100 3331 1273 3414 quod
1323 3354 1529 3417 genus
1582 3354 1839 3417 perraro
1901 3342 2115 3418 potest
2174 3330 2338 3395 acci-

273 3426 443 3489 dere.
531 3426 797 3490 remotio
835 3425 1111 3491 criminis
1149 3437 1276 3502 est,
1333 3447 1479 3490 cum
1513 3426 1582 3490 id
1618 3427 1883 3505 crimen,
1941 3426 2111 3509 quod
2143 3424 2338 3488 infer-

275 3531 398 3596 tur,
436 3518 518 3583 ab
557 3540 627 3583 se
662 3529 728 3582 et
762 3519 842 3583 ab
879 3541 996 3584 sua
1024 3519 1212 3605 culpa
1250 3516 1344 3605 [vi
1379 3531 1445 3585 et
1478 3519 1821 3608 potestate]
1860 3520 1926 3585 in
1963 3520 2157 3585 alium
2187 3540 2333 3583 reus

271 3634 601 3678 removere
639 3622 928 3677 conatur:
974 3613 1042 3675 id
1076 3612 1411 3699 dupliciter
1428 3614 1583 3679 fieri
1614 3615 1873 3700 poterit,
1912 3612 1969 3678 si
2002 3622 2111 3675 aut
2145 3632 2339 3675 causa

275 3721 386 3775 aut
420 3709 659 3774 factum
693 3707 761 3771 in
795 3708 990 3773 alium
1025 3709 1468 3774 transferetur:
1525 3732 1717 3775 causa
1752 3707 2155 3782 transfertur,
2194 3724 2337 3768 cum

275 3804 484 3870 aliena
518 3802 746 3869 dicitur
782 3803 845 3867 vi
881 3814 945 3867 et
979 3814 1296 3888 potestate
1331 3803 1597 3882 factum3
1642 3806 1880 3868 factum
1916 3810 2155 3876 autem,
2192 3818 2337 3863 cum

277 3898 438 3963 alius
493 3909 602 3962 aut
653 3897 954 3963 debuisse
1011 3907 1120 3961 aut
1170 3897 1457 3982 potuisse
1510 3897 1719 3962 facere
1775 3895 2018 3960 dicitur.
2113 3891 2337 3959 relatio
2433 3943 2441 3951 .

279 3990 556 4055 criminis
595 4002 721 4069 est,
777 4014 924 4055 cum
957 3990 1103 4055 ideo
1137 3990 1272 4057 iure
1308 3993 1549 4056 factum
1595 3990 1847 4065 dicitur,
1904 3986 2074 4071 quod
2110 3984 2335 4070 aliquis

274 4095 424 4149 ante
469 4084 694 4151 iniuria
737 4084 1106 4151 lacessierit.
1197 4085 1583 4172 comparatio
1628 4093 1752 4161 est,
1809 4104 1955 4147 cum
2009 4082 2179 4155 aliud
2224 4076 2337 4145 ali-
