2784 4575
351 793 431 834 350

355 1059 428 1114 86

351 1537 431 1578 ³51

350 2187 432 2228 352

351 2935 434 2975 353

356 3880 436 3921 ³54

467 260 588 326 138
1073 271 1149 326 M.
1187 271 1459 329 TULLII
1496 270 1893 328 CICERONIS

459 393 705 460 laudari
741 393 876 458 sine
912 394 1216 459 virtutum
1264 415 1384 459 nec
1419 394 1774 480 improbum
1817 392 2023 458 notari
2058 413 2134 456 ac
2168 391 2531 478 vituperari

461 489 598 554 sine
659 489 954 555 vitiorum
1021 489 1380 576 cognitione
1454 489 1607 556 satis
1676 488 1974 576 insignite
2036 500 2223 572 atque
2286 509 2525 574 aspere

459 605 672 669 posse.
761 592 950 668 atque
985 583 1084 648 his
1135 583 1292 649 locis
1337 594 1405 648 et
1435 583 1735 649 laudandi
1770 593 1834 649 et
1867 581 2263 668 vituperandi
2316 601 2523 667 saepe

461 676 646 743 nobis
681 687 782 742 est
811 678 1118 742 utendum
1151 676 1219 742 in
1253 677 1425 742 omni
1460 699 1691 763 genere
1726 698 2079 741 causarum.

583 770 857 836 Habetis
913 771 992 836 de
1051 771 1448 836 inveniendis
1508 770 1700 835 rebus
1764 770 2297 857 disponendisque
2360 767 2527 852 quid

467 862 732 927 sentiam
743 888 762 940 ς
818 863 1159 950 adiungam
1209 865 1402 929 etiam
1436 865 1516 928 de
1559 863 1888 941 memoria,
1941 872 2013 927 ut
2062 863 2277 934 labore
2314 859 2523 928 Cras-

465 977 608 1020 sum
640 955 847 1021 levem
897 979 1102 1042 neque
1155 958 1213 1023 ei
1265 958 1601 1042 quicquam
1652 956 1851 1034 aliud,
1906 957 1986 1021 de
2039 978 2164 1040 quo
2218 953 2518 1032 disserat,

461 1049 811 1133 relinquam
845 1049 969 1116 nisi
1003 1074 1098 1128 ea,
1133 1051 1362 1135 quibus
1398 1051 1557 1116 haec
1582 1048 2001 1116 exornentur?
2066 1055 2289 1135 ‘perge
2314 1049 2516 1126 ver0,’

463 1141 668 1225 inquit
703 1141 978 1210 Crassus
1013 1145 1330 1210 '‘libenter
1371 1144 1541 1209 enim
1575 1153 1637 1208 te
1674 1143 1996 1228 cognitum
2028 1141 2157 1206 iam
2209 1141 2517 1207 artificem

467 1233 927 1320 aliquandoque
965 1237 1290 1303 evolutum
1340 1237 1465 1302 illis
1499 1236 1947 1322 integumentis
1992 1235 2515 1300 dissimulationis

465 1338 610 1394 tuae
661 1330 1090 1415 nudatumque
1141 1331 1483 1418 perspici03
1539 1341 1604 1394 et
1638 1330 1809 1414 quod
1840 1329 1995 1393 mihi
2047 1329 2203 1393 nihil
2238 1339 2350 1392 aut
2381 1351 2515 1394 non

463 1422 732 1488 multum
788 1424 1120 1508 relinquis,
1178 1425 1623 1512 percommode
1675 1423 1833 1488 facis
1886 1431 2107 1506 estque
2157 1421 2314 1486 mihi
2364 1445 2515 1508 gra—

467 1515 640 1582 tum?
729 1518 884 1583 ‘iam
931 1518 1098 1582 istuc
1149 1530 1457 1602 quantum
1508 1516 1623 1583 tibi
1672 1538 1794 1604 ego
1845 1515 2204 1599 reliquerim
2214 1515 2252 1594 ,’
2306 1515 2516 1599 inquit

465 1611 786 1676 Antonius
836 1611 984 1676 ‘erit
1015 1611 1082 1676 in
1125 1623 1236 1676 tua
1284 1622 1625 1698 potestate3
1680 1609 1737 1675 si
1771 1609 1940 1673 enim
1973 1630 2121 1673 vere
2174 1629 2363 1694 agere
2399 1631 2517 1674 vo-

463 1705 683 1784 lueris,
740 1706 951 1771 omnia
983 1705 1099 1770 tibi
1130 1705 1447 1790 relinqu03
1503 1705 1601 1768 sin
1636 1701 2062 1780 dissimulare,
2099 1713 2169 1766 tu
2202 1723 2392 1786 quem
2424 1702 2515 1767 ad
2610 1713 2615 1716 '

465 1799 723 1865 modum
759 1799 858 1864 his
895 1800 1048 1864 satis
1085 1799 1303 1876 facias,
1338 1799 1593 1864 videris.
1674 1797 1808 1875 sed,
1842 1806 1916 1860 ut
1951 1797 2034 1860 ad
2064 1819 2199 1861 rem
2230 1796 2511 1874 redeam,

465 1913 594 1956 non
639 1914 782 1957 sum
825 1903 1000 1956 tanto
1046 1891 1194 1977 ego’
1249 1891 1453 1975 inquit
1504 1891 1817 1976 ‘ingenio‚
1872 1899 2106 1974 quanto
2149 1889 2513 1954 Themisto-

467 1985 595 2050 cles
648 1984 795 2061 fuit,
857 1995 930 2048 ut
981 1984 1312 2049 oblivionis
1365 1995 1567 2048 artem
1618 2005 1809 2067 quam
1869 1982 2203 2049 memoriae
2258 1981 2508 2060 malim3

466 2079 858 2164 gratiamque
894 2078 1098 2143 habeo
1127 2074 1441 2144 Simonidi
1474 2079 1567 2142 illi
1596 2077 1753 2156 Ceo,
1790 2101 1978 2162 quem
2002 2078 2273 2164 primum
2296 2077 2514 2144 ferunt

469 2181 668 2235 artem
708 2171 1048 2236 memoriae
1099 2171 1461 2257 protulisse.
1550 2171 1768 2236 dicunt
1811 2173 2007 2250 enim,
2060 2192 2207 2236 cum
2258 2180 2512 2236 cenaret

467 2263 805 2331 Crannone
855 2263 924 2330 in
974 2263 1311 2331 Thessalia
1355 2263 1717 2332 Simonides
1770 2265 1939 2352 apud
1984 2262 2263 2350 Scopam
2311 2265 2511 2330 fortu-

464 2367 682 2423 natum
743 2358 1062 2423 hominem
1097 2374 1186 2433 ,et
1246 2360 1524 2425 nobilem
1594 2359 2049 2441 cecinissetque
2109 2358 2176 2422 id
2238 2380 2507 2435 carmen,

466 2452 635 2535 quod
686 2451 754 2515 in
807 2474 952 2517 eum
1005 2452 1391 2539 scripsisset,
1453 2453 1521 2517 in
1574 2474 1698 2537 quo
1748 2450 1951 2516 multa
2003 2450 2267 2516 ornandi
2319 2472 2513 2515 causa

463 2551 792 2633 poetarum
823 2568 1000 2611 more
1033 2547 1100 2611 in
1129 2544 1463 2613 Castorem
1498 2546 1730 2631 scripta
1763 2556 1827 2610 et
1858 2544 2187 2610 Pollucem
2220 2544 2509 2622 fuissent,

465 2639 654 2704 nimis
707 2640 885 2705 illum
937 2641 1189 2706 sordide
1227 2638 1539 2706 Simonidi
1590 2640 1827 2704 dixisse
1881 2660 1951 2705 se
1997 2638 2323 2703 dimidium
2374 2637 2510 2702 eius

467 2732 556 2811 ei,
613 2734 783 2817 quod
825 2744 1050 2821 pactus
1106 2745 1304 2813 esset,
1356 2756 1473 2821 pro
1515 2734 1625 2799 illo
1669 2732 1945 2797 carmine
1998 2732 2315 2809 daturum3
2366 2731 2515 2797 reli·-

469 2846 664 2907 quum
699 2850 738 2890 a
774 2827 904 2892 suis
941 2826 1352 2912 Tyndaridis,
1406 2849 1566 2911 quos
1605 2848 1803 2910 aeque
1846 2824 2196 2903 laudasset,
2248 2834 2509 2911 peteret,

472 2918 526 2982 si
561 2918 620 2983 ei
655 2920 991 2985 videretur.
1077 2919 1269 3005 paulo
1303 2931 1453 3006 post
1486 2942 1629 2985 esse
1666 2920 1879 2985 ferunt
1911 2919 2267 2984 nuntiatum
2306 2916 2516 2983 Simo·-

468 3010 630 3090 nidi,
667 3024 738 3077 ut
769 3012 1052 3099 prodiret
1060 3038 1078 3090 3
1113 3012 1362 3077 iuvenis
1414 3024 1582 3079 stare
1618 3013 1701 3077 ad
1734 3012 1987 3077 ianuam
2022 3011 2147 3076 duo
2180 3011 2512 3093 quosdam,

471 3104 578 3186 qui
613 3128 759 3170 eum
791 3128 1025 3191 magno
1061 3124 1252 3191 opere
1297 3116 1663 3182 evocarent3
1718 3104 2067 3169 surrexisse
2108 3102 2313 3181 illum,
2367 3126 2517 3189 pro.

467 3197 658 3275 disse,
693 3197 929 3263 vidisse
963 3198 1277 3264 neminem
1287 3224 1307 3279 3
1342 3198 1467 3265 hoc
1496 3197 1746 3263 interim
1771 3196 1976 3282 spatio
2002 3196 2299 3261 conclave
2334 3195 2512 3274 illud,

463 3291 576 3356 ubi
628 3292 983 3379 epularetur
1021 3289 1295 3379 Scopas,
1348 3291 1696 3357 concidisse
1707 3314 1725 3369 3
1781 3312 1857 3355 ea
1890 3289 2073 3354 ruina
2122 3289 2334 3376 ipsum
2370 3311 2512 3355 cum

462 3385 754 3471 cognatis
813 3381 1004 3471 [suis]
1052 3407 1427 3472 oppressum
1477 3383 1795 3449 interisse:
1850 3405 2010 3469 quos
2058 3404 2201 3449 cum
2252 3383 2511 3447 humare

467 3478 702 3544 vellent
737 3478 835 3543 sui
867 3500 1072 3561 neque
1098 3489 1362 3565 possent
1387 3479 1651 3545 obtritos
1686 3477 2113 3543 internoscere
2147 3477 2275 3542 ullo
2300 3476 2509 3553 modo,

472 3571 834 3637 Simonides
887 3571 1114 3637 dicitur
1166 3595 1250 3639 ex
1301 3596 1405 3651 eo,
1462 3573 1632 3657 quod
1681 3570 2077 3639 meminisset
2118 3592 2243 3654 quo
2296 3590 2511 3635 eorum

468 3666 608 3733 loco
635 3666 900 3749 quisque
928 3666 1269 3743 cubuisset,
1301 3667 1763 3732 demonstrator
1786 3666 1974 3731 unius
2004 3665 2305 3748 cuiusque
2332 3684 2513 3749 sepe-

467 3759 662 3826 liendi
695 3759 922 3837 fuisse3
975 3760 1097 3824 hac
1132 3770 1266 3824 tum
1299 3782 1368 3825 re
1415 3760 1771 3825 admonitus
1822 3759 2145 3823 invenisse
2178 3758 2377 3823 fertur
2412 3779 2511 3821 or-

471 3854 682 3919 dinem
717 3875 860 3918 esse
893 3853 1195 3929 maxime,
1250 3852 1360 3936 qui
1391 3854 1733 3918 memoriae
1767 3853 1980 3917 lumen
2015 3852 2309 3921 adferret.
2394 3848 2511 3913 ita-

471 3968 592 4027 que
627 3946 750 4022 eis,
805 3946 913 4029 qui
947 3946 1112 4011 hanc
1145 3957 1392 4032 partem
1426 3946 1664 4032 ingenii
1716 3953 2105 4021 exercerent,
2157 3944 2333 4009 locos
2370 3962 2508 4007 esse

473 4037 810 4119 capiendos
849 4049 912 4101 et
945 4060 1040 4117 ea,
1077 4060 1239 4122 quae
1273 4040 1579 4104 memoria
1612 4050 1824 4105 tenere
1860 4038 2111 4115 vellent,
2150 4036 2513 4121 effingenda
