2784 4575
457 339 463 344 .
537 275 666 341 172
1157 285 1234 340 M.
1273 280 1546 341 TULLII
1584 279 1989 338 CICERONIS

539 411 697 478 sime
743 409 1058 475 dicturum
1099 429 1244 473 esse
1293 406 1624 494 profitetur
1632 429 1651 484 3
1706 405 1889 488 isque
1932 404 2228 492 princeps
2274 426 2357 468 ex
2404 403 2628 469 omni-

535 507 658 572 bus
711 527 904 571 ausus
959 512 1058 568 est
1108 503 1176 566 in
1229 511 1545 567 conventu
1596 520 1862 586 poscere
1917 519 2043 581 qua
2086 497 2165 564 de
2214 519 2286 562 re
2334 498 2625 582 quisque

535 599 732 666 vellet
781 596 998 662 audire
1007 621 1028 674 3
1082 595 1185 660 cui
1237 605 1450 660 tantus
1504 594 1709 658 honos
1764 591 2018 657 habitus
2058 601 2173 657 est
2222 615 2265 658 a
2306 591 2625 669 Graecia,

540 692 661 760 soli
709 703 786 756 ut
835 713 918 756 ex
969 688 1260 754 omnibus
1312 686 1589 774 Delphis
1643 709 1773 751 non
1832 685 2123 750 inaurata
2182 694 2427 765 statua,
2500 687 2625 750 sed

425 817 505 860 ιω
541 807 733 852 aurea
767 793 1164 849 statueretur.
1229 782 1344 846 sed
1377 781 1463 858 hi,
1501 801 1661 864 quos
1697 779 2037 857 nominavi,
2074 777 2385 864 multique
2420 800 2623 866 prae-

538 893 712 947 terea
747 877 978 943 summi
1034 875 1283 941 dicendi
1337 875 1628 941 doctores
1671 895 1801 940 uno
1846 885 2129 960 tempore
2174 873 2469 952 fuerunt3
2530 897 2619 938 ex

538 973 768 1057 quibus
801 969 1086 1057 intellegi
1119 979 1333 1055 potest
1365 968 1459 1032 ita
1493 990 1563 1032 se
1594 989 1733 1032 rem
1768 967 2029 1044 habere,
2085 975 2157 1032 ut
2190 979 2289 1044 tu,
2338 964 2616 1043 Crasse,

539 1067 718 1145 dicis,
755 1064 1146 1148 oratorisque
1181 1085 1414 1130 nomen
1444 1062 1614 1150 apud
1644 1061 1935 1146 antiquos
1966 1060 2035 1124 in
2064 1059 2341 1127 Graecia
2362 1061 2617 1126 maiore
2735 1085 2736 1120 l

426 1191 503 1233 181
539 1163 814 1247 quadam
849 1160 952 1226 vel
989 1158 1171 1246 copia
1205 1158 1308 1223 vel
1343 1158 1549 1244 gloria
1581 1157 1898 1236 floruisse3
1936 1178 2061 1241 quo
2099 1155 2357 1241 quidem
2390 1157 2613 1244 magis

539 1255 756 1321 dubito
803 1254 999 1320 tibine
1050 1253 1196 1341 plus
1239 1251 1447 1318 laudis
1494 1276 1575 1318 an
1624 1249 1891 1317 Graecis
1942 1250 2423 1336 vituperationis
2476 1264 2611 1316 sta-

537 1361 712 1414 tuam
747 1369 891 1414 esse
927 1345 1356 1412 tribuendum.
1406 1367 1551 1410 cum
1585 1355 1655 1410 tu
1688 1345 1755 1410 in
1792 1344 1917 1410 alia
1950 1345 2169 1430 lingua
2204 1367 2279 1410 ac
2312 1344 2607 1410 moribus

536 1454 724 1509 natus
779 1440 1268 1528 occupatissima
1308 1440 1376 1504 in
1430 1440 1682 1504 civitate
1734 1439 1841 1504 vel
1891 1439 2281 1525 privatorum
2320 1438 2606 1526 negotiis

537 1558 757 1647 paene·
795 1536 1088 1602 omnibus
1141 1535 1245 1600 vel
1287 1534 1461 1600 orbis
1505 1543 1709 1600 terrae
1758 1533 2203 1620 procuratione
2246 1555 2323 1598 ac
2366 1535 2606 1598 summi

536 1629 786 1718 imperii
819 1628 1275 1716 gubernatione
1312 1627 1631 1694 districtus
1689 1637 1930 1692 tantam
1964 1628 2097 1692 vim
2128 1649 2342 1693 rerum
2378 1628 2606 1736 cogni-

537 1725 899 1807 tionemque
963 1720 1513 1808 comprehenderis
1586 1741 1852 1806 eamque
1913 1741 2165 1786 omnem
2230 1743 2377 1786 cum
2438 1721 2603 1800 eius,

539 1819 648 1904 qui
683 1817 946 1883 consilio
983 1827 1048 1881 ct
1081 1815 1364 1881 oratione
1410 1814 1479 1879 in
1513 1814 1765 1880 civitate
1806 1813 2043 1893 valeat,
2100 1813 2364 1880 scientia
2406 1827 2604 1900 atque
2720 1902 2731 1917 ,

539 1910 985 1978 exercitatione
1023 1908 1312 1986 sociaris3
1365 1908 1458 1972 illi
1492 1909 1627 1973 nati
1659 1907 1729 1973 in
1762 1908 1985 1974 litteris
2038 1907 2459 1993 ardentesque
2494 1909 2599 1973 his

541 2005 786 2082 studiis,
823 2003 952 2069 otio
987 1995 1139 2067 vero
1176 2001 1557 2080 diffluentes,
1595 2025 1724 2068 non
1758 2002 1947 2068 modo
1982 2003 2140 2067 nihil
2170 2000 2601 2088 acquisierint,

543 2098 658 2162 sed
700 2121 784 2162 ne
825 2095 1116 2160 relictum
1168 2094 1427 2178 quidem
1470 2106 1535 2159 et
1576 2096 1878 2162 traditum
1912 2107 1977 2162 et
2020 2119 2208 2162 suum
2258 2119 2602 2162 conserva-

433 2191 503 2244 33
537 2189 783 2256 verint?
873 2199 1008 2254 tum
1043 2185 1322 2254 Crassus
1371 2195 1530 2253 ‘non
1564 2189 1631 2252 in
1667 2189 1816 2255 hac'
1861 2191 2067 2274 inquit
2100 2197 2282 2270 ‘una,
2336 2189 2599 2269 Catule,

423 2262 502 2303 ¹³²
533 2306 634 2363 re,
689 2281 805 2348 sed
837 2281 905 2347 in
941 2281 1079 2347 aliis
1122 2281 1316 2348 etiam
1360 2283 1790 2370 compluribus
1836 2284 2275 2352 distributione
2319 2284 2593 2372 partium

537 2400 614 2443 ac
659 2376 1054 2464 separatione
1103 2376 1577 2463 magnitudines
1614 2389 1763 2443 sunt
1806 2379 2034 2444 artium
2087 2380 2457 2443 diminutae:
2508 2402 2590 2443 an

535 2485 606 2538 tu
661 2470 1016 2549 existimas,
1071 2492 1214 2536 cum
1268 2481 1441 2537 esset
1492 2473 1920 2559 Hippocrates
1972 2474 2077 2539 ille
2134 2472 2338 2552 Cous,
2392 2474 2591 2538 fuisse

535 2579 672 2633 tum
723 2566 880 2631 alios
934 2566 1242 2643 medicos,
1307 2566 1417 2650 qui
1468 2567 1736 2645 morbis,
1790 2568 1979 2647 alios,
2045 2568 2155 2652 qui
2206 2568 2586 2645 volneribus,

536 2660 722 2739 alios,
779 2660 887 2744 qui
930 2660 1130 2725 oculis
1173 2661 1613 2726 mederentur?
1663 2684 1819 2726 num
1872 2662 2284 2749 geometriam
2323 2660 2588 2727 Euclide

536 2766 647 2821 aut
674 2754 1097 2833 Archimede,
1151 2776 1306 2819 num
1347 2755 1658 2821 musicam
1692 2756 1993 2823 Damone
2037 2768 2148 2823 aut
2178 2757 2587 2835 Aristoxeno,

533 2872 690 2915 num
721 2850 899 2937 ipsas
936 2849 1177 2915 litteras
1213 2849 1649 2936 Aristophane
1696 2861 1807 2915 aut
1842 2850 2237 2917 Callimacho
2278 2860 2584 2915 tractante

459 2995 461 2997 .
535 2954 667 3007 tam
711 2943 1060 3029 discerptas
1106 2942 1335 3021 fuisse,
1389 2955 1463 3008 ut
1510 2966 1699 3009 nemo
1752 2965 1955 3031 genus
2000 2944 2367 3010 universum
2422 2966 2587 3009 com-

533 3037 916 3124 plecteretur
968 3047 1158 3121 atque
1191 3048 1266 3102 ut
1299 3037 1463 3103 alius
1500 3037 1689 3103 aliam
1724 3038 1845 3103 sibi
1896 3048 2143 3124 partem
2184 3038 2254 3101 in
2300 3060 2429 3121 qna
2462 3038 2585 3103 ela-

423 3158 517 3199 13³-
537 3133 792 3197 boraret
843 3132 1218 3217 seponeret?
1269 3131 1565 3215 equidem
1620 3152 1811 3217 saepe
1864 3130 1987 3194 hoc
2027 3128 2242 3194 audivi
2285 3130 2367 3193 de
2410 3142 2585 3216 pat-rc

533 3234 599 3289 et
632 3225 712 3291 de
749 3246 968 3291 socero
1003 3246 1166 3302 mec,
1203 3236 1457 3291 nostros
1500 3244 1751 3307 quoque
1786 3223 2097 3301 homineS,
2134 3223 2244 3307 qui
2278 3224 2585 3291 excellere

533 3318 886 3405 sapientiae
917 3318 1120 3404 gloria
1153 3319 1419 3397 vellent,
1464 3317 1701 3395 omnia,
1759 3337 1923 3409 quae
1968 3317 2225 3403 quidem
2260 3328 2395 3383 tum
2430 3318 2583 3383 haec

533 3412 755 3478 civitas
807 3423 1052 3491 nosset,
1109 3413 1328 3479 solitos
1381 3434 1527 3478 esse
1580 3412 1931 3500 complecti.
2032 3413 2449 3479 meminerant
2492 3412 2581 3475 illi

535 3506 689 3573 Sex.
723 3507 1010 3585 Aelium3
1063 3508 1186 3573 Μ’;
1237 3530 1389 3575 vero
1432 3508 1775 3573 Manilium
1826 3533 1945 3576 nos
2000 3509 2189 3575 etiam
2226 3520 2580 3573 transverso

532 3599 806 3667 vidimus
861 3601 1287 3667 ambulantem
1337 3604 1509 3681 foro3
1566 3603 1737 3687 quod
1780 3615 1917 3669 erat
1956 3604 2209 3689 insigne
2254 3624 2423 3679 eum,
2474 3601 2577 3684 qui

531 3694 600 3759 id
625 3694 882 3775 faceret,
909 3696 1120 3761 facere
1147 3695 1390 3761 civibus
1421 3697 1554 3761 suis
1584 3697 1877 3763 omnibus
1906 3697 2151 3764 consilii
2181 3695 2279 3761 sui
2306 3695 2574 3781 copiam3

533 3789 617 3854 ad
651 3810 812 3873 quos
849 3790 999 3855 olim
1035 3799 1098 3853 et
1129 3789 1222 3853 ita
1253 3789 1636 3855 ambulantis
1674 3800 1739 3855 et
1770 3790 1836 3855 in
1876 3791 2035 3858 solio
2082 3791 2361 3857 sedentis
2410 3788 2573 3854 domi

533 3883 626 3947 sic
662 3884 980 3961 adibatur,
1033 3904 1164 3949 non
1201 3882 1405 3948 solum
1440 3893 1514 3948 ut
1548 3884 1627 3949 de
1660 3884 1797 3951 iure
1840 3885 2009 3951 civili
2044 3885 2127 3949 ad
2170 3906 2311 3963 eos,
2366 3903 2573 3949 verum

533 3975 725 4039 etiam
771 3976 856 4041 de
907 3977 1038 4041 filia
1089 3975 1503 4055 conlocanda,
1558 3978 1639 4042 de
1672 3978 1871 4043 fundo
1924 3978 2221 4056 emendO,
2282 3974 2390 4063 [de
2426 3998 2571 4062 agro

529 4065 798 4133 colendo
808 4066 856 4151 ,]
911 4070 994 4133 de
1047 4069 1219 4133 omni
1275 4068 1547 4153 denique
1602 4080 1713 4135 aut
1762 4072 1973 4137 officio
2026 4082 2136 4136 aut
2185 4071 2441 4156 negotio
2477 4090 2571 4133 re-
