2784 4575
945 267 1256 328 BRUTUS
1292 269 1603 325 152-161.
2166 258 2291 324 231

245 395 476 461 vellem
509 413 922 480 cognoscere,
976 403 1042 457 et
1071 411 1243 456 nunc
1274 414 1490 457 meum
1520 390 1825 457 iudicium
1856 383 2055 459 multo
2089 395 2297 478 magis

247 489 549 555 confirmo
569 573 576 576 -
600 485 961 552 testimonio
1003 497 1071 551 et
1110 485 1342 554 iudicio
1386 497 1526 565 tuo;
1581 484 1771 551 simul
1818 484 1979 550 illud
2027 486 2297 572 gaudeo,

245 583 418 668 quod
458 593 523 649 et
575 579 922 665 aequalitas
973 589 1188 645 vestra
1238 589 1305 646 et
1352 601 1542 666 pares
1594 578 1905 646 honorum
1956 578 2193 666 gradus
2236 591 2303 646 et

245 675 474 740 artium
509 674 984 757 studiorumque
1019 673 1202 758 quasi
1233 673 1501 738 finitima
1526 671 1815 738 vicinitas
1850 683 2097 738 tantum
2122 673 2303 738 abest

247 769 330 832 ab
364 767 817 834 obtrectatione
853 777 920 833 et
949 766 1208 846 invidia,
1247 789 1411 852 quac
1446 766 1611 833 solet
1642 766 1920 832 lacerare
1942 765 2299 854 plerosque,

243 861 338 926 uti
380 883 460 928 ea
497 883 630 928 non
670 861 862 928 modo
904 883 1036 928 non
1089 860 1453 928 exulcerare
1504 871 1784 927 vestram
1833 860 2131 949 gratiam,
2186 861 2304 928 sed

246 955 439 1022 etiam
473 955 808 1022 conciliare
851 955 1140 1020 videatur
1147 979 1167 1034 3
1225 955 1398 1040 quali
1441 954 1611 1020 enim
1652 965 1716 1021 te
1750 975 1907 1042 erga
1946 954 2126 1020 illum
2157 975 2302 1042 per-

245 1049 474 1136 spicio,
520 1049 632 1115 tali
663 1049 844 1114 illum
875 1049 946 1116 in
979 1060 1042 1115 te
1076 1048 1403 1116 voluntate
1437 1046 1795 1134 iudicioque
1831 1048 2102 1136 cognovi
2109 1073 2128 1128 ς
2182 1047 2301 1114 ita·
2338 1074 2425 1116 m

245 1164 368 1228 que
413 1142 596 1209 doleo
633 1152 700 1208 et
729 1141 900 1208 illius
953 1141 1217 1209 consilio
1259 1152 1328 1207 et
1367 1152 1480 1208 tua
1519 1161 1677 1209 voce
1726 1142 2033 1229 populum
2062 1141 2303 1209 Roma-

241 1257 397 1301 num
430 1256 644 1301 carere
678 1246 809 1302 tam
844 1235 980 1302 diu:
1017 1234 1188 1319 quod
1221 1257 1368 1300 cum
1399 1257 1516 1324 per
1550 1257 1621 1302 se
1655 1235 1999 1301 dolendum
2032 1247 2132 1301 est
2164 1245 2302 1301 tum

241 1327 442 1397 multo
468 1328 674 1415 magis
711 1328 1154 1407 consideranti,
1191 1329 1275 1394 ad
1307 1350 1470 1414 quos
1503 1328 1631 1395 ista
1662 1350 1791 1395 non
1817 1328 2123 1395 translata
2154 1328 2298 1407 sint,

245 1422 362 1488 sed
409 1423 628 1489 nescio
679 1444 806 1507 quo
857 1435 1046 1511 pacto
1098 1421 1484 1489 devenerint.
1500 1422 1518 1452 ’
1622 1421 1727 1487 hic
1774 1423 2031 1489 Atticus
2094 1423 2301 1490 ‘dixe-

242 1515 406 1582 ram'
468 1515 672 1600 inquit
737 1522 806 1582 ‘a
854 1517 1191 1605 principio,
1254 1518 1460 1583 dere
1508 1516 1765 1604 publica
1814 1529 1887 1582 ut
1938 1517 2296 1583 sileremusz

241 1610 454 1694 itaque
489 1611 829 1690 faciamus3
879 1635 1032 1677 nam
1067 1611 1125 1678 si
1157 1611 1280 1678 isto
1314 1612 1508 1679 modo
1542 1612 1835 1678 volumus
1872 1611 2160 1698 singulas⁴
2191 1633 2295 1677 res

241 1704 629 1783 desiderare,
683 1726 812 1770 non
847 1706 1038 1772 modo
1083 1706 1418 1790 querendi,
1474 1706 1590 1772 sed
1631 1728 1712 1772 ne
1747 1705 2008 1792 lugendi
2042 1704 2298 1788 quidem

235 1799 432 1864 finem
473 1797 902 1885 reperiemus.’
1009 1807 1378 1887 ‘pergamus
1434 1799 1615 1886 ergo’
1666 1799 1929 1884 inquam
1990 1805 2009 1835 ‘
2022 1799 2105 1864 ad
2153 1796 2297 1864 reli·
2331 1795 2411 1908 ἓξ

241 1914 368 1976 qua
402 1902 468 1957 et
499 1891 858 1958 institutum
911 1893 1197 1960 ordinem
1247 1915 1724 1979 persequamur.
1811 1902 2071 1980 paratus
2104 1891 2298 1980 igitur

238 1985 535 2052 veniebat
579 1983 856 2052 Crassus
869 2035 889 2066 ,
947 1983 1467 2074 [exspectabatur
1474 2036 1495 2067 ,
1550 1986 1921 2052 audiebatur
1930 1985 1980 2074 ,]
2037 2009 2078 2052 a
2125 1985 2299 2073 prin-

239 2079 406 2166 cipio
459 2080 701 2159 statim,
763 2080 936 2164 quod
987 2091 1123 2146 erat
1174 2080 1347 2168 apud
1397 2103 1545 2148 eum
1597 2101 1848 2166 semper
1908 2079 2297 2156 adom-atum,

239 2174 736 2260 exspectatione·
757 2174 988 2262 dignus
1034 2174 1368 2240 videbatur
1375 2200 1394 2254 3
1449 2197 1579 2240 non
1621 2175 1823 2240 multa
1862 2172 2117 2240 iactatio
2161 2193 2298 2238 cor-

237 2268 441 2353 poris,
492 2292 623 2334 non
664 2267 987 2337 inclinatio
1015 2268 1235 2349 vocis,
1287 2269 1465 2335 nulla
1505 2266 1945 2347 inambulatio,
1996 2290 2127 2334 non
2164 2287 2299 2333 cre-

237 2361 354 2426 bra
389 2360 715 2447 supplosio
748 2363 929 2448 pedis
939 2389 961 2442 3
997 2363 1342 2429 vehemens
1379 2373 1447 2428 et
1476 2362 1792 2428 interdum
1815 2362 1978 2428 irata
2011 2372 2077 2427 et
2106 2361 2299 2448 plena

237 2452 391 2518 iusti
441 2452 677 2518 doloris
730 2455 958 2533 oratio,
1015 2455 1253 2522 multae
1305 2466 1371 2521 et
1423 2476 1569 2519 cum
1626 2454 1937 2540 gravitate
1999 2454 2295 2529 facetiae3

241 2547 538 2632 quodque
591 2546 848 2613 difficile
903 2558 1029 2627 est,
1081 2549 1253 2614 idem
1306 2557 1370 2613 et
1422 2558 1796 2633 perornatus
1841 2558 1907 2613 et
1946 2544 2294 2632 perbrevis.

237 2642 369 2706 iam
401 2640 468 2705 in
504 2640 866 2707 altercando
917 2640 1159 2707 invenit
1207 2662 1430 2727 parem
1471 2640 1819 2718 neminem3
1872 2648 2163 2707 versatus
2200 2646 2299 2702 est
2334 2662 2408 2703 ιω

239 2734 307 2799 in
341 2734 515 2801 omni
548 2734 682 2799 fere
717 2756 950 2820 genere
995 2755 1359 2812 causarum3
1412 2742 1659 2799 mature
1692 2732 1763 2797 in
1803 2732 2017 2798 locum
2066 2730 2299 2818 princi-

237 2850 394 2917 pum
426 2838 747 2894 oratorum
780 2827 973 2895 venit.
1045 2827 1366 2894 accusavit
1403 2824 1481 2893 C.
1520 2823 1883 2892 Carbonem
1916 2824 2299 2910 eloquentis-

241 2921 472 2987 simum
506 2922 827 2989 hominem
870 2923 1213 2989 admodum
1257 2923 1661 2989 adulescens:
1716 2944 2028 2988 summam
2060 2921 2299 3008 ingenii

237 3038 368 3083 non
401 3017 656 3082 laudem
691 3017 910 3096 modo,
966 3018 1082 3083 sed
1115 3016 1306 3083 etiam
1342 3015 1821 3084 admirationem
1864 3026 1965 3081 est
1998 3036 2299 3081 consecu-

239 3122 366 3177 tus.
430 3111 714 3177 defendit
745 3123 971 3199 postea
994 3110 1313 3177 Liciniam
1346 3111 1680 3198 virginem,
1718 3132 1864 3175 cum
1898 3131 2097 3175 annos
2136 3131 2299 3174 xxvn
2335 3130 2411 3171 160

239 3216 428 3271 natus
483 3216 681 3271 esset:
733 3206 801 3270 in
844 3228 922 3271 ea
960 3206 1107 3293 ipsa
1149 3228 1346 3272 causa
1385 3205 1509 3271 fuit
1560 3203 2113 3289 eloquentissimus
2159 3225 2299 3267 ora-

239 3298 555 3382 tionisque
607 3298 744 3364 eius
799 3300 1068 3386 scriptas
1123 3300 1434 3385 quasdam
1483 3300 1681 3387 partis
1734 3296 2005 3383 reliquit.
2100 3296 2301 3363 voluit

243 3391 616 3456 adulescens
668 3391 736 3455 in
789 3391 1036 3457 colonia
1075 3393 1479 3460 Narbonensi
1531 3414 1761 3460 causae
1812 3390 2133 3479 popularis
2188 3389 2301 3453 ali-
2394 3422 2399 3431 ·

242 3483 396 3568 quid
430 3482 740 3570 attingere
775 3506 1041 3569 eamque
1076 3485 1417 3564 coloniam,
1453 3496 1526 3551 ut
1559 3487 1738 3563 fecit,
1780 3485 1921 3572 ipse
1957 3484 2297 3560 deducere3

241 3587 453 3643 exstat
509 3575 577 3641 in
631 3600 776 3643 eam
824 3577 1035 3664 legem
1087 3579 1326 3658 senior,
1385 3590 1467 3645 ut·
1506 3580 1599 3646 ita
1650 3579 1884 3656 dicam,
1949 3600 2140 3662 quam
2190 3575 2301 3641 illa

187 3714 192 3719 -
243 3681 418 3738 aetas
471 3671 745 3750 ferebat,
808 3672 1027 3739 oratio.
1131 3673 1368 3740 multae
1432 3672 1659 3739 deinde
1721 3694 1979 3750 causac3
2044 3671 2159 3737 sed
2209 3669 2300 3734 ita

242 3765 470 3831 tacitus
525 3765 912 3845 tribunatus,
963 3777 1062 3845 ut,
1116 3766 1239 3833 nisi
1281 3767 1349 3832 in
1392 3789 1469 3834 eo
1514 3766 1891 3853 magistratu
1942 3764 2299 3831 cenavisset

245 3860 414 3944 apud
473 3882 853 3947 praeconem
907 3858 1218 3928 Granium
1266 3861 1459 3946 idque
1509 3861 1694 3927 nobis
1748 3860 1847 3925 bis
1910 3857 2298 3924 narravisset

243 3952 561 4033 Lucilius,
608 3955 930 4021 tribunum
972 3956 1176 4042 plebis
1212 3957 1601 4022 nesciremus
1636 3954 1877 4021 fuisse!
1968 3954 2085 4019 ‘ita
2116 3975 2295 4040 pror·
2330 3976 2405 4018 161

244 4068 354 4111 sus
363 4045 404 4125 ,'
455 4046 658 4131 inquit
691 4049 929 4115 Brutus
937 4075 962 4129 ς
1013 4050 1160 4117 ‘sed
1191 4072 1272 4117 ne
1310 4051 1387 4116 de
1427 4046 1773 4117 Scaevolae
1810 4049 2063 4136 quidem
2099 4046 2295 4113 tribu-
