2784 4575
799 267 804 275 ι
889 238 1208 297 ORATOR
1242 236 1551 295 137-144„
2118 228 2249 297 309

181 370 318 449 eis,
355 389 518 453 quae
555 362 921 451 sequuntur,
956 360 1372 451 perturbabar
1404 363 1643 451 magis:
1650 361 2051 431 occurrebat
2082 368 2251 435 enim

181 486 390 551 posse
439 459 702 548 reperiri
753 480 882 524 non
933 456 1184 525 invidos
1237 457 1475 537 solum,
1538 457 1777 541 quibus
1818 456 2054 525 referta
2105 473 2252 527 sunt

183 559 427 637 omnia,
466 557 584 623 sed
617 556 899 621 fautores
935 553 1128 620 etiam
1159 574 1447 619 mearum
1480 553 1760 632 laudum,
1800 554 1907 638 qui
1940 576 2071 619 non
2104 573 2253 621 cen-

193 662 408 719 serent
432 652 580 717 eius
617 648 736 716 viri
769 670 944 727 esse,
998 648 1078 714 de
1123 647 1302 713 cuius
1354 646 1597 713 meritis
1642 656 1819 713 tanta
1862 659 2120 715 senatus
2155 650 2253 714 iu*—

187 746 360 812 dicia
418 746 680 811 fecisset
729 743 1180 830 comprobante
1228 741 1466 829 populo
1516 741 1830 820 Romano,
1884 754 2122 826 quanta
2172 744 2251 809 de

178 840 400 919 nullo,
463 840 544 905 de
597 837 860 904 artificio
913 836 1165 901 dicendi
1214 836 1439 901 litteris
1492 846 1624 901 tam
1666 836 1869 901 multa
1916 838 2217 904 mandare
2229 864 2250 917 3

187 934 424 1019 quibus
461 932 516 997 si
549 932 706 997 nihil
738 929 916 996 aliud
963 929 1417 1016 responderem
1464 929 1590 994 nisi
1631 952 1735 994 me
1768 928 1867 995 M.
1902 931 2105 997 Bruto
2140 954 2253 997 ne·-

186 1050 346 1114 ,gare
380 1026 633 1113 roganti
667 1024 979 1103 noluisse,
1016 1024 1186 1090 iusta
1218 1034 1391 1091 esset
1426 1025 1781 1104 excusatio,
1818 1046 1963 1091 cum
1996 1022 2063 1093 et
2094 1027 2253 1093 ami·-

191 1121 452 1187 cissimo
498 1130 564 1185 et
605 1118 1156 1207 praestantissimo
1199 1119 1338 1185 viro
1387 1130 1454 1185 et
1494 1131 1669 1185 recta
1712 1130 1777 1185 et
1818 1118 2087 1187 honesta·
2136 1144 2251 1211 pe-

177 1214 350 1279 -tenti
379 1214 536 1279 satis
560 1213 770 1279 facere
796 1212 1160 1280 voluissem.
1233 1213 1349 1279 sed
1373 1214 1432 1279 si
1458 1215 1776 1300 profitear,
1811 1216 1984 1300 quod
2009 1216 2263 1281 utinam·
2286 1246 2359 1287 ιιι

187 1308 477 1395 posseml
519 1309 636 1374 'me
688 1308 988 1375 studiosis
1043 1308 1294 1374 dicendi
1346 1321 1689 1397 praecepta
1738 1321 1803 1376 et
1854 1312 2039 1396 quasi
2091 1313 2247 1391 vias,

191 1426 356 1487 quae
391 1404 477 1468 ad
512 1402 934 1487 eloquentiam
975 1404 1210 1481 ferant,
1255 1404 1660 1483 traditurum,
1706 1406 1847 1490 quis
1892 1407 2150 1473 tandem
2182 1408 2251 1474 id

181 1500 397 1564 iustus
442 1498 663 1563 karum
705 1521 920 1563 rerum
969 1498 1362 1565 existimator
1402 1499 1859 1608 reprehendet?
1909 1524 2061 1566 nam
2105 1502 2247 1587 quis

180 1614 496 1677 nmquam
534 1592 844 1657 dubita-vit
887 1592 1040 1677 quin
1073 1592 1141 1657 in
1171 1614 1243 1659 re
1278 1593 1535 1681 publica
1576 1605 1796 1659 nostra
1842 1595 2081 1683 primas
2118 1596 2249 1661 elo-

179 1685 451 1771 quentia
503 1686 777 1751 tenuerit
830 1708 1082 1773 semper
1129 1687 1389 1753 urbanis
1442 1688 1811 1773 pacatisque
1861 1690 2083 1767 rebus,
2148 1710 2249 1754 se·-
2301 1745 2303 1747 ,

179 1780 433 1845 cundas
495 1779 653 1845 iuris
715 1779 1017 1847 scientia?
1077 1801 1224 1846 cum
1273 1781 1342 1860 in
1396 1781 1593 1847 altera
1652 1783 1923 1869 gratiae,
1988 1783 2245 1869 gloriae,

176 1874 491 1962 praesidii
523 1874 866 1961 plurimum
900 1885 1101 1953 esset,
1155 1874 1225 1940 in
1259 1875 1459 1940 altera
1498 1876 2065 1985 praescriptionum
2100 1897 2249 1942 cau-

183 1968 560 2053 tionumque
609 1969 1002 2067 praeceptio,
1065 1991 1229 2053 quae
1289 1970 1549 2053 quidem
1607 1969 1751 2056 ipsa
1810 1970 2117 2036 auxilium
2166 1971 2247 2036 ab

179 2062 553 2172 eloquentia
598 2085 792 2149 saepe
842 2073 1118 2150 peteret,
1171 2086 1248 2128 ea
1289 2086 1443 2129 vero
1495 2074 1891 2175 repugnante
1944 2066 2053 2130 vix
2097 2058 2278 2131 suas'

181 2158 483 2243 regiones
536 2158 811 2242 finisque
863 2158 1251 2224 defenderet.
1341 2180 1452 2223 cur
1494 2158 1689 2245 igitur
1748 2158 1847 2224 ius
1895 2159 2079 2225 civile
2135 2161 2247 2227 do-
2281 2188 2356 2227 ιω.

178 2272 332 2318 cere
369 2274 621 2338 semper
653 2253 943 2338 pulcrum
967 2252 1089 2318 fuit
1113 2251 1565 2338 hominumque
1592 2254 2085 2321 clarissimorum
2121 2254 2249 2320 dis-

181 2343 416 2432 cipulis
449 2345 796 2412 floruerunt
830 2347 1086 2412 domus:
1143 2349 1224 2413 ad
1268 2348 1607 2415 dicendum
1642 2348 1699 2413 si
1734 2349 1874 2432 quis
1922 2359 2107 2414 acuat
2140 2359 2251 2414 aut

182 2438 448 2504 adiuvet
479 2439 548 2504 in
582 2460 660 2504 eo
703 2438 1122 2518 iuventutem,
1177 2441 1605 2527 vituperetur?
1656 2463 1807 2506 nam
1850 2443 1907 2506 si
1950 2442 2250 2508 vitiosum

179 2543 290 2600 est
325 2532 534 2598 dicere
578 2543 826 2610 ornate,
875 2531 1149 2618 pellatur
1192 2533 1447 2598 omnino
1484 2556 1521 2598 e
1565 2532 1817 2601 civitate
1858 2535 2247 2618 eloquentia3

109 2628 112 2709 j
183 2628 292 2693 sin
327 2649 405 2692 ea
438 2648 568 2692 non
600 2626 792 2692 modo
837 2647 949 2692 eos
1003 2636 1213 2705 ornat,
1264 2649 1464 2713 penes
1511 2648 1671 2711 quos
1716 2639 1843 2705 est,
1898 2629 2015 2692 sed
2055 2628 2250 2692 etiam

107 2724 114 2797 ζ
185 2721 554 2786 universam
613 2742 751 2786 rem
807 2720 1158 2807 publicam,
1223 2742 1334 2786 cur
1396 2731 1505 2786 aut
1576 2719 1820 2787 discere
1883 2731 2067 2808 turpe
2127 2731 2247 2799 est,

107 2813 120 2901 J
184 2814 363 2900 quod
397 2814 560 2880 scire
595 2811 936 2880 honestum
971 2824 1097 2893 θείς
1144 2825 1281 2892 aut,
1327 2812 1499 2899 quod
1532 2837 1725 2881 nosse
1759 2814 2250 2902 pulcherrimum

107 2916 118 2991 ᾗ
187 2919 318 2987 est,
354 2909 423 2974 id
456 2933 587 2975 non
619 2908 968 2996 gloriosum
1003 2922 1102 2976 est
1137 2910 1403 2976 docere?
1458 2915 1557 2975 ‘at
1590 2909 1858 2975 alterum
1893 2911 2247 2975 factitatum
2282 2906 2361 3018 {2³3

107 3011 124 3090 ζ
182 3014 317 3082 est,
371 3003 639 3070 alterum
689 3003 967 3070 novum?
1059 3003 1320 3071 ‘fateor.
1375 3003 1493 3070 sed
1544 3003 1869 3088 utriusque
1909 3004 2004 3069 rei
2056 3024 2250 3068 causa

179 3109 317 3164 est:
363 3098 596 3165 alteros
632 3097 800 3164 enim
835 3098 1277 3184 respondentis
1315 3099 1533 3164 audire
1570 3107 1670 3164 sat
1704 3107 1865 3176 era-t,
1902 3108 1975 3163 ut
2008 3097 2094 3176 ei,
2140 3097 2249 3181 qui

109 3198 131 3280 ζ,
184 3195 517 3270 docerent,
570 3193 816 3258 nullum
861 3193 984 3258 sibi
1027 3193 1111 3258 ad
1143 3215 1286 3258 eam
1328 3216 1467 3258 rem
1510 3203 1761 3280 tempus
1804 3191 1932 3278 ipsi
1982 3213 2251 3278 sepone,-

107 3275 129 3374 ἶ
183 3296 359 3363 rent,
425 3287 540 3352 sed
592 3287 818 3352 eodem
861 3297 1143 3372 tempore
1191 3284 1262 3353 ⁴et
1311 3286 1701 3353 discentibus
1754 3287 1909 3352 satis
1970 3287 2253 3352 facerent

107 3384 134 3468 ξ’
187 3390 257 3445 et
317 3379 823 3457 consulentibus;
899 3379 1107 3458 alteri,
1178 3395 1327 3446 cum
1385 3380 1803 3446 domesticum
1871 3390 2121 3466 tempus
2184 3379 2253 3444 in

107 3475 125 3503 ²⁴
183 3473 653 3559 cognoscendis
691 3474 1272 3559 componendisque
1306 3474 1536 3552 causis,
1573 3475 1827 3541 forense
1858 3474 1929 3538 in
1962 3474 2248 3562 agendis,

119 3559 136 3654 s
182 3566 504 3651 reliquum
535 3567 606 3632 in
641 3590 712 3632 se
745 3567 904 3654 ipsis
938 3567 1294 3634 reficiendis
1329 3591 1517 3634 omne
1553 3581 2024 3648 consumerent,
2062 3591 2252 3654 quem

107 3656 136 3706 [Εἴ
186 3662 514 3729 habebant
543 3661 915 3727 instituendi
951 3673 1062 3730 aut
1096 3662 1364 3729 docendi
1399 3663 1649 3728 locum?
1684 3674 1873 3748 atque
1910 3663 2083 3729 haud
2116 3665 2250 3730 scio

120 3835 136 3849 κ
187 3781 276 3824 an
325 3756 612 3842 plerique
663 3767 1024 3823 nostrorum
1075 3767 1393 3822 oratorum
1443 3757 1701 3844 ingenio
1751 3759 1896 3844 plus
1942 3759 2253 3824 valuerint

189 3873 386 3935 quam
421 3850 732 3918 doctrina:
768 3852 981 3936 itaque
1015 3851 1108 3917 illi
1142 3852 1350 3918 dicere
1375 3851 1603 3918 melius
1642 3875 1831 3938 quam
1864 3854 2249 3940 praecipere,

112 3940 140 4029 ³]
187 3968 310 4012 nos
365 3955 584 4010 contra
634 3946 907 4012 fortasse
957 3947 1339 4033 possumus.'
1448 3954 1546 4013 ‘at
1597 3948 1969 4035 dignitatem
2023 3949 2247 4015 docere
2300 3967 2377 4010 ιιι

107 4031 137 4079 ’³³'
187 4061 324 4106 non
366 4037 598 4104 habet?
692 4045 918 4124 ‘cei-te„
975 4041 1032 4107 si
1075 4042 1257 4126 quasi
1299 4041 1367 4107 in
1409 4041 1560 4110 ludo
1568 4067 1589 4122 3
1646 4043 1761 4110 sed
1806 4043 1861 4110 si
1910 4043 2246 4121 monendO,
