2784 4575
887 307 992 363 DE
1031 304 1401 363 ORATORE
1436 308 1483 363 Ι.
1518 306 1727 361 5-14,
2297 298 2341 363 3

276 432 398 497 bus
451 428 834 495 doctissimis
879 429 1178 509 iudicari3
1229 430 1298 495 in
1350 450 1479 515 qua
1524 428 1781 495 difficile
1826 440 1925 495 est
1968 452 2340 499 enumerare

280 536 436 611 quot
484 524 604 591 viri
656 536 894 610 quanta
935 526 1202 593 scientia
1251 537 1616 611 quantaque
1657 525 1725 589 in
1770 525 1901 592 suis
1956 525 2181 592 studiis
2226 551 2339 593 va·-

277 620 502 686 rietate
537 630 602 685 et
635 620 820 707 copia
851 620 1115 699 fuerint,
1159 620 1269 705 qui
1301 642 1433 686 non
1466 642 1597 685 una
1630 618 1843 704 aliqua
1875 620 1941 685 in
1974 642 2045 685 re
2083 643 2341 707 separa-

279 713 396 779 tim
445 713 855 793 elaborarint,
919 716 1035 781 sed
1085 714 1328 792 omnia,
1391 734 1827 799 quaecumque
1877 725 2175 801 possent,
2236 714 2340 781 vel

281 806 580 874 scientiae
630 808 1168 896 pervestigatione
1209 808 1317 876 vel
1369 808 1722 874 disserendi
1772 808 2017 875 ratione
2052 829 2343 895 compre-

275 900 628 968 henderint.
717 903 860 988 quis
901 903 1183 991 ignorat,
1237 902 1325 982 ei,
1379 903 1490 987 qui
1530 903 1964 969 mathematici
2009 914 2336 983 vocantur,
2364 920 2417 962 ιο

275 1006 514 1079 quanta
545 995 614 1061 in
648 995 1034 1063 obscuritate
1065 1019 1279 1063 rerum
1311 1007 1379 1063 et
1414 1018 1607 1081 quam
1636 995 1968 1063 recondita
1999 996 2069 1060 in
2104 1006 2241 1063 arte
2276 1008 2342 1064 et

274 1088 608 1175 multiplici
652 1090 996 1174 subtilique
1039 1092 1412 1157 versentur?
1454 1114 1579 1176 quo
1624 1102 1840 1159 tamen
1872 1091 1941 1155 in
1983 1113 2219 1178 genere
2252 1090 2345 1156 ita

275 1182 457 1247 multi
479 1182 748 1269 perfecti
774 1182 1062 1251 homines
1099 1184 1496 1264 exstiterunt,
1532 1195 1606 1250 ut
1637 1207 1825 1251 nemo
1860 1185 1996 1251 fere
2024 1184 2343 1251 studuisse

276 1276 334 1341 ei
361 1276 662 1343 scientiae
687 1271 1124 1345 vehementius
1151 1278 1460 1359 videatur,
1498 1280 1653 1364 quin
1687 1280 1859 1364 quod
1891 1278 2175 1370 voluerit!
2194 1301 2345 1346 con-

279 1381 532 1437 secutus
581 1372 682 1437 sit.
772 1372 914 1457 quis
964 1372 1258 1452 musicis,
1313 1374 1456 1457 quis
1510 1372 1659 1438 huie
1711 1374 1919 1441 studio
1972 1374 2342 1453 litterarum,

277 1464 452 1547 quod
482 1465 857 1551 profitentur
891 1466 979 1544 ei,
1025 1466 1134 1551 qui
1167 1466 1565 1552 grammatici
1600 1479 1934 1547 vocantur,
1977 1468 2233 1555 penitus
2269 1488 2341 1533 se

280 1556 482 1634 dedit,
538 1558 690 1643 quin
725 1580 980 1625 omnem
1029 1558 1284 1625 illarum
1335 1560 1567 1625 artium
1608 1582 1811 1646 paene
1852 1561 2164 1627 infinitam
2206 1561 2339 1627 vim

277 1661 342 1716 et
375 1651 706 1717 materiem
741 1651 1008 1718 scientia
1041 1662 1107 1719 et
1141 1652 1501 1741 cognitione
1544 1654 2130 1741 comprehenderit?
2189 1677 2338 1721 vere
2368 1687 2421 1727 ιι

275 1744 432 1810 mihi
477 1744 603 1811 hoc
652 1745 875 1813 videor
918 1768 1062 1813 esse
1115 1746 1429 1825 dicturus,
1483 1770 1567 1813 ex
1609 1748 1902 1814 omnibus
1947 1749 2070 1827 eis,
2124 1749 2234 1833 qui
2274 1747 2343 1813 in

277 1840 504 1906 harum
539 1841 770 1906 artium
800 1840 1262 1909 liberalissimis
1299 1841 1527 1910 studiis
1564 1844 1695 1909 sint
1737 1842 2166 1929 doctrinisque
2202 1866 2345 1909 ver—

279 1935 427 2013 sati,
482 1935 812 2001 minimam
863 1936 1114 2023 copiam
1155 1941 1490 2024 poetarum
1534 1936 1937 2025 egregiorum
1988 1936 2340 2003 exstitisse:

277 2039 466 2115 atque
505 2026 631 2117 [in]
669 2028 795 2095 hoc
825 2030 970 2117 ipso
1003 2052 1299 2110 numero,
1341 2030 1413 2097 in
1449 2053 1575 2117 quo
1607 2053 1867 2121 perraro
1912 2032 2194 2099 exoritur
2228 2030 2343 2096 ali-

277 2122 416 2207 quis
445 2122 782 2202 excellens,
823 2123 878 2189 si
903 2123 1238 2213 diligenter
1263 2135 1328 2191 et
1355 2147 1437 2191 ex
1460 2134 1823 2193 nostrorum
1857 2137 1922 2192 et
1954 2148 2037 2193 ex
2066 2124 2347 2195 Graeco-

275 2238 418 2281 rum
451 2216 636 2304 copia
671 2239 1040 2306 comparare
1075 2218 1284 2300 voles,
1329 2218 1533 2287 multo
1580 2229 1795 2286 tamen
1826 2220 2163 2311 pauciores
2200 2243 2341 2287 ora-

277 2318 450 2375 tores
505 2308 727 2396 [quam
777 2312 1034 2402 poe'tae]
1084 2315 1236 2381 boni
1283 2315 1677 2402 reperientur
1683 2339 1704 2395 3
1757 2314 1931 2400 quod
1980 2315 2105 2382 hoc
2154 2315 2345 2381 etiam
2371 2342 2421 2383 12

277 2401 626 2468 mirabilius
663 2405 854 2472 debet
884 2407 1106 2486 videri,
1145 2407 1292 2493 quia
1326 2419 1681 2474 ceterarum
1706 2408 1937 2474 artium
1964 2409 2177 2474 studia
2209 2409 2343 2475 fere

276 2495 620 2562 reconditis
659 2508 849 2582 atque
893 2500 1124 2566 abditis
1160 2501 1446 2568 fontibus
1490 2501 1892 2580 hauriuntur,
1946 2501 2197 2567 dicendi
2232 2524 2347 2567 au-

278 2603 408 2656 tem
443 2592 649 2657 omnis
675 2593 836 2658 ratio
870 2593 939 2658 in
971 2594 1182 2661 medio
1215 2595 1427 2682 posita
1453 2594 1772 2661 communi
1806 2595 2084 2681 quodam
2117 2595 2187 2659 in
2218 2617 2345 2661 usu

280 2695 470 2768 atque
502 2684 573 2749 in
605 2685 935 2751 hominum
974 2709 1154 2754 more
1188 2698 1254 2754 et
1289 2710 1581 2754 sermone
1615 2699 1933 2765 versatur,
1968 2697 2043 2753 ut
2074 2687 2143 2752 in
2178 2697 2345 2752 cete-

276 2779 366 2846 ris
401 2776 470 2843 id
501 2778 778 2844 maxime
814 2779 1112 2860 excellat,
1167 2781 1340 2866 quod
1379 2780 1754 2868 longissime
1789 2780 1873 2846 sit
1907 2781 1989 2846 ab
2022 2781 2347 2867 imperito-

276 2896 420 2938 rum
453 2871 888 2959 intellegentia
921 2893 1240 2958 sensuque
1277 2873 1689 2952 disiunctum,
1724 2873 1793 2939 in
1827 2873 2095 2941 dicendo
2132 2883 2344 2940 autem

277 2968 501 3033 vitium
535 2967 639 3032 vel
672 2966 1022 3040 maximum
1061 2967 1148 3033 sit
1179 2991 1220 3034 a
1252 2966 1501 3054 volgari
1533 2989 1770 3054 genere
1814 2967 2115 3035 orationis
2152 2978 2343 3053 atque

277 3085 318 3128 a
350 3061 807 3129 consuetudine
847 3062 1201 3128 communis
1239 3085 1467 3128 sensus
1514 3062 1873 3130 abhorrere.
1963 3083 2037 3128 ac
2069 3086 2153 3128 ne
2186 3063 2342 3130 illud
2376 3051 2415 3106 4

277 3158 532 3242 quidem
567 3179 718 3223 vere
772 3157 898 3222 dici
949 3167 1165 3244 potest
1217 3166 1328 3223 aut
1357 3155 1559 3245 pluris
1605 3157 1831 3224 ceteris
1884 3156 2191 3224 inservire
2236 3167 2345 3224 aut
2370 3126 2423 3165 ¹³

275 3243 514 3310 maiore
551 3242 968 3310 delectatione
1003 3254 1114 3309 aut
1149 3265 1264 3332 spe
1290 3243 1583 3309 uberiore
1612 3254 1724 3309 aut
1746 3243 2047 3330 praemiis
2084 3244 2169 3309 ad
2200 3265 2345 3331 per-

279 3336 650 3401 discendum
703 3337 1112 3424 amplioribus
1166 3337 1581 3405 commoveri:
1639 3335 1888 3426 [atque]
1934 3350 2007 3404 ut
2059 3339 2345 3404 omittam

283 3426 648 3508 Graeciam,
685 3451 847 3514 quae
886 3454 1138 3520 semper
1173 3432 1573 3518 eloquentiae
1607 3433 1904 3520 princeps
1942 3452 2085 3498 esse
2121 3433 2343 3510 voluit,

281 3531 470 3606 atque
501 3522 646 3588 illas
681 3523 964 3590 omnium
1009 3525 1441 3592 doctrinarum
1479 3526 1865 3593 inventrices
1898 3525 2223 3602 Athenas,
2276 3525 2345 3589 in

280 3616 510 3701 quibus
549 3639 799 3682 summa
841 3617 1091 3684 dicendi
1137 3618 1236 3684 vis
1281 3630 1348 3686 et
1378 3618 1641 3686 inventa
1683 3631 1784 3685 est
1816 3629 1882 3684 et
1913 3618 2223 3706 perfecta,
2275 3617 2345 3682 in

277 3711 400 3777 hac
449 3711 594 3799 ipsa
649 3709 903 3777 civitate
965 3712 1254 3799 profecto
1304 3713 1483 3778 nulla
1542 3735 1844 3798 umquam
1906 3709 2341 3778 vehementius

277 3827 471 3890 quam
507 3805 904 3891 eloquentiae
941 3803 1152 3872 studia
1183 3805 1525 3896 viguerunt
1531 3833 1551 3886 3
1586 3831 1737 3872 nam
1770 3816 2190 3893 posteaquam
2224 3804 2342 3870 im-
2368 3835 2421 3875 14

276 3901 455 3987 perio
492 3902 775 3968 omnium
810 3901 1096 3989 gentium
1141 3903 1485 3968 constituto
1523 3901 1897 3967 diuturnitas
1932 3897 2109 3986 pacis
2145 3899 2344 3965 otium

279 3994 700 4076 confirmavit,
759 4017 948 4062 nemo
1003 3995 1138 4062 fere
1193 3995 1402 4062 laudis
1458 3995 1725 4083 cupidus
1789 3992 2161 4060 adulescens
2212 4015 2343 4060 non

276 4088 400 4154 sibi
453 4089 536 4154 ad
598 4090 935 4157 dicendum
999 4090 1207 4158 studio
1269 4089 1443 4158 omni
1504 4088 1867 4156 enitendum
1927 4087 2175 4180 putavit
2180 4113 2200 4170 3
2266 4108 2340 4154 ac

1928 4193 1994 4246 10
