2784 4575
740 225 848 281 AD
887 225 946 281 O.
980 226 1448 285 HERENNIUM
1482 227 1617 282 1111.
1652 227 1899 284 48—50.
2266 217 2347 282 87

287 350 521 419 rammi
545 349 779 415 diutius
810 359 872 414 et
899 349 1064 415 alitis
1097 349 1179 414 ad
1209 349 1304 414 rei
1330 349 1623 435 publicae
1650 349 2012 436 perniciem,
2045 353 2349 431 1611116118,

294 445 507 530 quoad
536 443 826 531 potestis,
861 444 929 506 in
965 443 1280 508 civitate?’
1330 443 1466 507 eius
1502 445 1677 508 modi
1709 444 1963 510 licentia
2000 446 2055 510 si
2086 447 2351 512 nimium
2384 444 2452 499 3⁷

292 539 606 606 videbitur
641 535 1022 602 acrimoniae
1057 537 1322 614 habere,
1367 537 1583 602 multis
1620 536 2119 624 mitigationibus
2154 540 2350 604 lenie-
2391 516 2446 556 ⁴⁹

291 645 422 698 tur:
456 655 606 697 nam
641 631 938 697 continuo
977 628 1215 714 aliquid
1239 628 1429 694 huius
1466 631 1641 696 modi
1673 631 1889 697 licebit
1921 631 2183 697 inferre:
2223 633 2353 698 ‘hic

290 750 413 814 ego
451 726 752 790 virtutem
786 734 1068 790 vestram
1105 745 1367 808 quaero,
1417 724 1791 810 sapientiam
1826 724 2143 804 desidero,
2180 736 2353 790 vete-

285 844 428 886 rem
489 819 1013 885 consuetudinem
1062 819 1316 902 requiro
1326 819 1376 896 3'
1439 829 1512 882 ut
1563 819 1735 903 quod
1795 820 1912 884 erit
1970 831 2353 885 commotum

285 913 572 992 licentia,
613 912 682 977 id
717 912 1135 978 constituatur
1176 912 1364 977 laude
1402 923 1465 977 et
1502 913 1699 978 altera
1730 936 1833 980 res
1870 914 1951 978 ab
1992 913 2356 998 iracundiae

285 1005 583 1073 molestia
623 1016 978 1084 removeat,
1028 1007 1226 1071 altera
1257 1029 1361 1070 res
1399 1006 1481 1070 ab
1528 1017 1734 1072 errato
1779 1008 2107 1072 deterreat.
2196 1009 2355 1074 haec

289 1121 428 1177 res,
467 1099 548 1176 si,
580 1109 656 1164 ut
687 1099 756 1163 in
793 1098 1094 1176 amicitia,
1130 1098 1284 1163 item
1317 1099 1386 1162 in
1424 1098 1692 1164 dicendo
1726 1100 1826 1178 fit,
1872 1101 2144 1166 maxime
2181 1102 2351 1178 facit,

289 1203 364 1257 ut
399 1203 463 1258 61
493 1191 613 1270 1111,
661 1192 772 1278 qui
808 1193 1094 1270 audient,
1142 1215 1181 1256 a
1215 1193 1405 1278 culpa
1448 1192 1686 1271 absint,
1742 1205 1807 1258 et
1839 1217 1987 1273 nos,
2052 1194 2159 1278 qui
2203 1195 2355 1259 dici-

287 1309 462 1365 mus,
515 1296 648 1352 tam
689 1286 974 1372 ipsorum
1019 1309 1210 1370 quam
1261 1286 1546 1352 veritatis
1594 1288 1778 1352 amici
1821 1311 1962 1354 esse
2004 1290 2350 1355 videamur.

287 1391 390 1446 est
441 1391 658 1446 autem
709 1381 1032 1465 quoddam
1093 1402 1296 1466 genus
1351 1380 1419 1444 in
1475 1377 1740 1446 dicendo
1804 1381 2120 1460 licentiae,
2183 1383 2355 1468 quod

248 1529 255 1536 .
289 1473 592 1539 astutiore
643 1473 889 1539 13110116
943 1484 1372 1560 comparatur,
1439 1495 1585 1538 cum
1637 1484 1745 1538 aut
1804 1475 1894 1539 ita
1944 1476 2351 1562 Obiurgamus

287 1591 399 1634 608
411 1617 430 1646 ,
485 1568 598 1652 qui
651 1568 943 1646 audiunt,
998 1590 1122 1651 quo
1169 1569 1358 1632 modo
1412 1568 1537 1653 ipsi
1592 1590 1661 1632 se
1707 1570 1969 1654 cupiunt
2013 1570 2351 1656 obiurgari,

287 1672 399 1727 aut
433 1661 529 1740 id,
577 1661 751 1746 quod
786 1661 1020 1727 scimus
1057 1661 1244 1726 facile
1281 1661 1486 1726 omnis
1527 1660 1878 1741 audituros,
1935 1662 2199 1728 dicimus
2234 1686 2352 1729 nos

288 1754 537 1834 timere,
587 1778 711 1839 quo
746 1756 936 1820 modo
974 1755 1285 1840 accipiant
1295 1779 1314 1832 3
1374 1755 1490 1819 sed
1525 1764 1738 1819 tamen
1780 1755 2041 1820 veritate
2077 1777 2356 1822 commo-

289 1849 451 1927 veri,
504 1860 576 1913 ut
609 1848 806 1914 nihilo
861 1849 1055 1914 setius
1101 1849 1407 1914 dicamus.
1515 1849 1743 1914 horum
1788 1851 2115 1915 amborum
2160 1874 2355 1936 gene-

287 1966 434 2007 rum
467 1943 758 2029 exempla
793 1943 1206 2020 subiciemus3
1257 1943 1515 2030 prioris,
1562 1943 1749 2008 huius
1785 1944 1983 2010 modi:
2042 1950 2061 1980 ‘
2068 1944 2353 2024 nimium,

291 2035 606 2116 Quirites,
663 2036 888 2101 animis
926 2037 1078 2102 estis
1127 2037 1523 2123 simplicibus
1562 2049 1626 2102 et
1658 2039 2007 2104 mansuetis
2016 2064 2035 2116 3
2088 2038 2349 2106 nimium

293 2130 546 2194 creditis
581 2131 694 2194 uni
731 2130 987 2215 cuique:
1041 2131 1417 2196 existimatis
1464 2154 1665 2196 unum
1699 2154 2011 2217 quemque
2046 2133 2225 2212 eniti,
2279 2143 2351 2196 ut

291 2223 602 2311 perficiat,
661 2245 820 2309 quae
873 2223 1054 2290 vobis
1108 2225 1428 2312 pollicitus
1486 2226 1593 2291 sit:
1648 2225 1869 2292 erratis
1922 2238 1987 2293 et
2030 2227 2196 2293 falsa
2240 2248 2352 2313 spe

293 2316 531 2381 frustra
562 2316 690 2380 iam
723 2318 832 2381 diu
877 2317 1240 2382 detinemini
1295 2320 1561 2385 stultitia
1602 2332 1841 2400 vestra,
1897 2322 2006 2406 qui
2038 2322 2131 2401 id,
2183 2322 2352 2406 quod

294 2419 430 2473 erat
460 2407 530 2473 in
564 2420 777 2475 vestra
808 2420 1144 2497 potestate,
1182 2413 1264 2477 ab
1302 2413 1441 2477 aliis
1476 2425 1693 2499 petere
1722 2436 1913 2497 quam
1945 2415 2070 2499 ipsi
2106 2436 2353 2479 sumere

289 2502 644 2569 maluistis?
688 2503 1056 2589 posterioris
1080 2502 1429 2592 [licentiae]
1450 2507 1572 2572 hoc
1600 2507 1719 2572 erit
1744 2508 2132 2593 exemplum:
2172 2508 2355 2571 ‘mihi

291 2618 439 2661 cum
470 2596 624 2675 1810,
678 2596 951 2677 111(11668,
1006 2597 1128 2662 fuit
1163 2598 1466 2678 amicitia,
1522 2600 1638 2665 sed
1669 2599 1795 2664 ista
1837 2610 2049 2663 tamen
2084 2598 2355 2663 amicitia

289 2726 380 2738 —
411 2690 668 2755 tametsi
709 2714 964 2769 vereor,
1021 2713 1145 2776 quo
1189 2692 1379 2757 modo
1429 2692 1749 2779 accepturi
1794 2692 1959 2769 sitis,
2014 2702 2225 2755 tamen
2262 2691 2355 2755 di-

291 2806 672 2849 cam—vos
708 2808 810 2850 1116
843 2785 1165 2872 privastis.
1256 2785 1410 2869 quid
1442 2785 1567 2850 ita?
1612 2785 1786 2870 quia,
1821 2795 1894 2849 ut
1928 2784 2109 2849 vobis
2146 2806 2355 2849 essem

285 2879 627 2966 probatus,
689 2902 862 2959 eum,
931 2879 1041 2964 qui
1103 2903 1220 2946 vos
1283 2880 1719 2967 oppugnabat,
1784 2877 2107 2943 inimicum
2166 2900 2355 2963 quam

293 2972 567 3037 amicum
597 2973 834 3039 habere
869 2973 1082 3039 malui.
1086 2973 1104 3003 '
1197 2970 1378 3059 [ergo
1414 2974 1572 3039 haec
1610 2972 1963 3051 exornatio,
2018 2970 2122 3035 cui
2161 2971 2355 3038 licen·
2396 2997 2449 3038 50

296 3066 419 3131 tiae
463 3088 696 3131 nomen
749 3077 877 3145 est,
934 3067 1121 3132 sicuti
1173 3068 1773 3145 demonstravimus,
1828 3065 2063 3153 duplici
2111 3066 2354 3132 13110116

293 3159 692 3226 tractabitur.
730 3160 1094 3241 acrimonia,
1132 3184 1294 3247 quae
1323 3162 1378 3227 si
1403 3162 1669 3227 nimium
1694 3161 1886 3226 fuerit
1910 3184 2155 3248 aspera,
2190 3160 2355 3226 miti-

295 3252 475 3339 gabit
507 3254 678 3332 laus,
733 3265 798 3319 et
833 3255 1344 3335 adsimulatione,
1399 3256 1479 3321 de
1524 3279 1650 3340 qua
1689 3254 2006 3341 posterius
2060 3254 2354 3332 (1131111118,

298 3369 460 3431 quae
513 3369 645 3412 non
696 3346 941 3435 indiget
984 3348 1392 3435 mitigationis
1405 3398 1423 3428 ,
1476 3360 1813 3436 propterea
1865 3349 2037 3434 quod
2078 3348 2355 3413 imitatur

293 3438 616 3505 licentiam
651 3451 716 3506 et
749 3464 868 3507 sua
903 3453 1128 3529 sponte
1173 3454 1272 3508 est
1306 3443 1389 3507 ad
1431 3442 1711 3508 animum
1754 3441 2057 3507 auditoris
2102 3442 2356 3507 adcom-

296 3532 606 3619 modata.]

417 3626 792 3695 Deminutio
829 3639 946 3709 est,
984 3651 1130 3695 cum
1165 3629 1402 3715 aliquid
1428 3629 1639 3696 inesse
1673 3630 1744 3695 in
1774 3627 1959 3694 nobis
1996 3636 2106 3691 aut
2137 3625 2205 3690 in
2240 3624 2352 3703 618,
2388 3639 2457 3695 38

300 3741 460 3803 quos
507 3722 908 3793 defendimus
916 3771 937 3801 ,
993 3734 1104 3788 aut
1152 3734 1379 3789 natura
1431 3735 1541 3788 aut
1582 3724 1837 3788 fortuna
1887 3730 1997 3784 aut
2045 3718 2356 3782 industria

301 3812 568 3881 dicimus
625 3817 986 3904 egregium,
1041 3818 1242 3901 quod,
1293 3840 1375 3882 ne
1420 3839 1547 3902 qua
1600 3816 1985 3903 significetur
2037 3812 2352 3898 adrogans

305 3911 667 3991 ostentatio,
711 3912 1094 3978 deminuitur
1128 3923 1193 3978 et
1227 3922 1587 3977 attenuatur
1622 3909 1931 3986 oratione,
1978 3907 2101 3974 1106
2134 3906 2351 3972 modo=

305 4006 483 4068 ‘nam
515 4005 636 4071 hoc
667 4030 786 4093 pro
819 4029 964 4072 meo
999 4005 1163 4087 iure,
1215 4006 1487 4085 iudices,
1532 4003 1700 4082 (1160,
1752 4024 1856 4067 1116
1899 4000 2115 4069 labore
2160 4012 2225 4068 et
2256 4000 2357 4067 in-
