2784 4575
445 245 578 312 204
1060 255 1138 310 Μ.
1176 254 1449 312 TULLII
1486 252 1885 308 CICERONIS

449 381 553 447 cui
601 379 760 444 nihil
819 377 1162 444 admodum
1215 376 1380 442 desit
1408 375 1936 442 .Demosthenem
1994 374 2184 440 facile
2238 375 2504 440 dixerisz

445 473 604 540 nihil
658 483 841 538 acute
892 470 1162 537 inveniri
1212 469 1419 557 potuit
1468 469 1537 534 in
1590 469 1681 534 eis
1726 469 1965 546 causis,
2018 490 2177 553 quas
2232 469 2505 556 scripsit,

446 567 632 644 nihil,
667 576 739 630 ut
771 564 864 630 ita
896 565 1132 643 dicam,
1180 563 1473 637 subdole,
1506 562 1666 626 nihil
1700 573 1983 640 versute,
2029 561 2201 646 quod
2233 561 2340 626 ille
2376 585 2508 628 non

447 660 703 739 viderit3
748 658 906 723 nihil
943 658 1254 723 subtiliter
1289 656 1444 735 dici,
1489 656 1646 720 nihil
1678 679 1928 743 presse,
1964 655 2121 720 nihil
2156 655 2507 736 enucleate,

451 777 576 841 quo
625 753 766 819 fieri
815 752 1023 840 possit
1074 750 1312 836 aliquid
1370 749 1681 829 limatius,
1744 749 1901 814 nihil
1962 759 2182 814 contra
2240 750 2506 838 grande,

447 848 606 913 nihil
656 847 1013 924 incitatum,
1073 844 1234 910 nihil
1287 855 1579 910 ornatum
1630 843 1735 909 vel
1797 843 2135 910 verborum
2194 843 2508 929 gravitate

355 972 410 1012 ss
451 942 555 1008 vel
590 941 1076 1018 sententiarum,
1121 961 1247 1025 quo
1284 939 1621 1024 quicquam
1657 961 1801 1004 esse
1846 939 2091 1004 elatius.
2180 938 2328 1004 huic
2363 940 2511 1024 Hy-

446 1035 698 1123 perides
722 1035 1049 1121 proximus
1086 1045 1150 1100 et
1174 1032 1535 1100 Aeschines
1572 1033 1695 1098 fuit
1719 1044 1785 1098 et
1812 1033 2157 1120 Lycurgus
2183 1045 2249 1098 et
2269 1031 2510 1097 Dinar-

450 1129 608 1194 chus
645 1141 711 1194 et
742 1129 830 1206 is,
876 1127 1055 1194 cuius
1091 1127 1285 1192 nulla·
1310 1135 1565 1193 exstant
1607 1125 1870 1213 scripta,
1913 1127 2241 1192 Demades
2278 1125 2511 1210 aliique

445 1224 686 1311 plures.
792 1222 952 1288 haec
1003 1222 1174 1287 enim
1227 1232 1403 1287 aetas
1458 1220 1683 1286 effudit
1733 1221 1899 1285 hanc
1950 1220 2229 1307 copiam3
2290 1231 2379 1298 et,
2433 1233 2512 1284 ut

447 1316 663 1402 opinio
697 1339 843 1382 mea
875 1317 1029 1394 fert,
1085 1338 1278 1382 sucus
1313 1315 1421 1381 ille
1457 1327 1522 1380 et
1556 1315 1816 1402 sanguis
1859 1315 2259 1400 incorruptus
2298 1335 2510 1398 usque

449 1410 535 1476 ad
568 1411 734 1475 hanc
769 1421 1043 1476 aetatem
1089 1421 1412 1477 oratorum
1444 1409 1592 1488 fuit,
1636 1407 1705 1473 in
1740 1430 1866 1493 qua
1907 1407 2213 1472 naturalis
2247 1407 2507 1485 inesset,

355 1531 408 1574 ετ
451 1526 581 1570 non
614 1504 867 1569 fucatus
903 1505 1088 1570 nitor.
1175 1503 1526 1568 Phalereus
1563 1500 1733 1568 enim
1776 1501 2083 1567 successit
2116 1500 2209 1566 eis
2248 1500 2507 1566 senibus

451 1597 826 1664 adulescens
863 1597 1325 1663 eruditissimus
1360 1597 1469 1662 ille
1506 1596 1759 1681 quidem
1794 1595 2021 1662 horum
2055 1595 2357 1674 omnium,
2394 1595 2508 1660 sed

451 1716 582 1759 non
616 1703 746 1758 tam
783 1692 973 1757 armis
1009 1691 1335 1757 institutus
1371 1713 1563 1775 quam
1595 1691 1941 1777 palaestra3
1984 1689 2197 1772 itaque
2234 1687 2509 1753 delecta-

449 1787 562 1852 bat
617 1786 823 1874 magis
879 1786 1297 1852 Atheniensis
1361 1806 1553 1869 quam
1601 1783 2059 1860 inflammabat3
2112 1791 2509 1869 processerat

453 1880 622 1946 enim
673 1881 741 1946 in
793 1879 992 1946 solem
1057 1889 1122 1944 et
1161 1879 1493 1966 pulverem
1544 1901 1674 1944 non
1724 1888 1797 1941 ut
1847 1899 1883 1942 e
1928 1875 2183 1940 militari
2218 1877 2510 1940 tabernae-

453 1974 627 2052 cu10,
684 1973 799 2039 sed
851 1983 922 2037 ut
973 1993 1009 2036 e
1061 1970 1493 2057 Theophrasti
1546 1970 1894 2036 doctissimi
1945 1969 2217 2035 hominis
2250 1969 2511 2034 umbra-

354 2095 408 2134 ss
457 2067 636 2131 culis.
750 2065 854 2129 hic
912 2064 1154 2152 primus
1214 2063 1460 2129 inflexit
1521 2065 1869 2130 orationem
1929 2075 1993 2128 et
2050 2085 2194 2128 eam
2251 2061 2511 2128 mollem

451 2171 862 2241 teneramque
904 2155 1179 2222 reddidit
1222 2167 1287 2222 et
1338 2157 1584 2237 suavis,
1638 2157 1803 2222 sicut
1844 2157 1990 2235 fuit,
2046 2156 2247 2222 videri
2288 2155 2510 2221 maluit

453 2273 644 2336 quam
677 2251 921 2339 gravis3
978 2251 1092 2317 sed
1128 2250 1440 2317 suavitate
1476 2274 1581 2331 ea,
1628 2273 1755 2336 qua
1797 2250 2206 2339 perfunderet
2240 2250 2506 2329 animos,

449 2369 581 2413 non
618 2368 743 2432 qua
774 2346 1223 2434 perfringeret:
1277 2358 1525 2412 tantum
1558 2357 1630 2413 ut
1662 2347 2034 2413 memoriam
2068 2346 2507 2412 concinnitatis

453 2462 635 2520 suae,
680 2463 837 2520 non,
886 2463 1076 2526 quem
1112 2441 1195 2507 ad
1237 2442 1498 2507 modum
1534 2442 1612 2507 de
1645 2441 1893 2507 Pericle
1930 2440 2183 2527 scripsit
2214 2440 2508 2527 Eupolis,

453 2558 598 2601 cum
633 2536 1048 2604 delectatione
1094 2537 1346 2604 aculeos
1384 2536 1575 2602 etiam
1620 2537 2004 2621 relinqueret
2038 2536 2105 2600 in
2140 2535 2365 2601 animis
2402 2558 2511 2601 eo-

349 2626 420 2738 }32)
451 2653 622 2709 rum,
677 2655 716 2696 a
759 2631 987 2716 quibus
1043 2644 1215 2698 esset
1259 2632 1532 2698 auditus.
1620 2631 1883 2697 videsne
1924 2630 2119 2717 igitur
2161 2630 2265 2696 vel
2314 2630 2381 2694 in
2434 2652 2511 2695 ea

451 2726 594 2815 ipsa
626 2725 812 2802 urbe,
857 2724 924 2790 in
959 2748 1085 2811 qua
1119 2736 1184 2791 et
1217 2736 1369 2791 nata
1404 2736 1469 2791 et
1504 2726 1631 2791 alta
1666 2725 1747 2790 sit
1783 2724 2171 2809 eloquentia,
2208 2746 2401 2808 quam
2432 2746 2511 2789 ea

343 2824 348 2830 '
453 2841 596 2884 sero
646 2819 953 2906 prodierit
997 2820 1066 2885 in
1099 2819 1344 2885 lucem?
1398 2819 1710 2903 siquidem
1762 2827 1907 2884 ante
1946 2816 2201 2883 Solonis
2238 2828 2510 2884 aetatem

452 2922 516 2975 et
548 2910 872 2977 Pisistrati
924 2912 1005 2977 de
1049 2913 1223 2978 nullo
1257 2924 1329 2977 ut
1363 2912 1601 2979 diserto
1652 2911 1991 2978 memoriae
2036 2912 2355 2997 proditum
2390 2921 2511 2977 est.

453 3014 520 3069 at
567 3003 634 3067 hi
688 3006 974 3089 quidem,
1036 3018 1110 3071 ut
1161 3005 1380 3094 populi
1434 3006 1710 3071 Romani
1761 3016 1934 3071 aetas
1990 3018 2115 3083 est,
2171 3028 2385 3084 seneS,
2440 3015 2510 3069 ut

449 3097 943 3164 Atheniensium
1006 3100 1217 3165 saecla
1275 3110 1713 3178 numerantur,
1776 3099 2213 3165 adulescentes
2277 3098 2513 3163 debent

452 3190 652 3256 videri
659 3218 679 3270 3
715 3215 864 3257 nam
900 3192 1022 3257 etsi
1059 3190 1283 3258 Servio
1311 3192 1526 3258 Tullio
1559 3205 1867 3280 regnante
1901 3194 2259 3280 viguerunt,
2298 3202 2513 3257 tamen

451 3284 650 3351 multo
703 3284 936 3350 diutius
989 3285 1288 3351 Athenae
1339 3286 1470 3351 iam
1522 3297 1727 3365 erant,
1783 3309 1973 3371 quam
2026 3297 2125 3352 est
2173 3286 2385 3352 Roma
2426 3285 2512 3350 ad

451 3377 826 3445 hodiernum
869 3377 1066 3443 diem:
1117 3401 1239 3444 nec
1289 3390 1503 3445 tamen
1561 3379 1779 3447 dubito
1833 3381 1987 3464 quin
2037 3377 2328 3445 habuerit
2378 3379 2511 3444 vim

355 3496 410 3538 ιο
452 3494 754 3559 magnam
789 3494 1042 3558 semper
1073 3473 1301 3551 orati03
1355 3494 1564 3557 neque
1600 3473 1767 3538 enim
1800 3473 1928 3539 iam
1964 3472 2211 3539 Troicis
2266 3483 2513 3558 tempo-

449 3564 626 3629 ribus
680 3576 927 3630 tantum
977 3565 1182 3631 laudi·
1238 3566 1305 3630 in
1349 3566 1618 3633 dicendo
1662 3566 1844 3633 Ulixi
1891 3565 2214 3632 tribuisset
2264 3568 2513 3631 Home-

449 3681 560 3723 rus
597 3670 662 3723 et
691 3657 977 3739 Nestori,
1032 3682 1300 3744 quorum
1336 3660 1601 3725 alterum
1638 3661 1767 3725 vim
1803 3660 2036 3727 habere
2070 3660 2299 3737 voluit,
2354 3660 2509 3723 alte-

450 3776 593 3819 rum
637 3753 1047 3831 suavitatem,
1100 3752 1224 3817 nisi
1257 3752 1386 3818 iam
1421 3764 1557 3818 tum
1601 3765 1774 3819 esset
1825 3754 2027 3820 honos
2082 3752 2508 3838 eloquentiae;

451 3868 660 3930 neque
700 3849 842 3938 ipse
884 3853 1078 3934 poeta
1119 3847 1225 3911 hic
1275 3858 1407 3912 tam
1457 3848 1629 3913 idem
1680 3860 1939 3913 ornatus
1991 3848 2059 3912 in
2112 3847 2379 3912 dicendo
2432 3867 2511 3910 ac

452 3939 642 4020 plane
707 3950 917 4005 orator
975 3940 1233 4017 fuisset,
1297 3940 1477 4005 cuius
1532 3941 1652 4006 etsi
1702 3941 1943 4007 incerta
2002 3952 2151 4007 sunt
2202 3951 2505 4026 tempora,

456 4039 667 4091 tamen
721 4032 900 4094 annis
955 4032 1169 4097 multis
1225 4033 1346 4097 fuit
1400 4044 1543 4097 ante
1588 4034 1958 4114 Romulum3
2016 4034 2326 4118 siquidem
2378 4054 2505 4097 non
