2784 4575
891 282 1210 341 ORATOR
1243 284 1555 341 209-216.
2116 273 2246 341 329

171 410 752 494 conclusionesque
795 407 1136 474 dicendum
1178 418 1297 473 est.
1382 407 1523 473 fluit
1556 407 1813 475 omnino
1868 430 2171 475 numerus
2206 434 2247 477 a

169 505 393 595 primo
421 516 556 569 tum
580 502 898 568 incitatius
927 500 1238 568 brevitate
1263 500 1521 588 pedum,
1550 510 1687 566 mm
1713 501 2093 589 proceritate
2120 512 2249 568 tar-

175 599 362 665 dius:
417 618 672 663 cursum
706 595 1140 663 contentiones
1175 594 1382 680 magis
1417 594 1773 679 requirunt,
1819 596 2248 684 expositiones

173 715 402 758 rerum
453 691 836 757 tarditatem.
919 687 1158 755 insistit
1207 684 1423 753 autem
1475 688 1751 755 ambitus
1802 690 2011 757 modis
2055 690 2254 779 pluri-

176 787 340 865 bus,
378 808 415 853 e
451 784 681 869 quibus
715 806 916 849 unum
950 793 1051 847 est
1077 792 1306 849 secuta
1335 780 1505 847 Asia
1536 782 1839 863 maxime,
1888 784 2001 869 qni
2036 784 2255 851 dicho-

176 900 336 946 reus
384 888 676 956 vocatur,
729 897 876 942 cum
929 874 1057 941 duo
1109 874 1376 943 extremi
1428 874 1643 941 chorei
1696 887 1871 956 sunt,
1922 878 1991 943 id
2033 888 2161 956 est,
2215 900 2253 943 e

181 971 462 1059 singulis
487 970 698 1057 longis
727 980 794 1035 ct
819 970 1142 1035 brevibus.
1215 966 1713 1057 [explanandum
1738 980 1839 1037 est
1864 971 2053 1051 enim,
2076 971 2255 1056 quod

181 1066 272 1129 ab
311 1064 454 1129 aliis
489 1064 699 1129 eidem
730 1063 930 1149 pedes
967 1062 1108 1128 aliis
1143 1062 1469 1129 vocabulis
1505 1062 1957 1153 nominenum]
2038 1064 2255 1131 dicho-

181 1180 342 1224 reus
377 1179 507 1223 non
543 1168 644 1222 est
675 1156 784 1222 ille
819 1156 1078 1241 quidem
1113 1178 1232 1221 sua
1266 1167 1493 1243 sponte
1527 1155 1793 1223 vitiosus
1828 1156 1897 1221 in
1930 1158 2252 1235 clausulis,

183 1252 309 1317 sed
342 1253 412 1317 in
446 1250 748 1317 orationis
799 1272 1066 1315 numero
1107 1249 1266 1315 nihil
1311 1260 1413 1315 est
1454 1260 1585 1315 tam
1628 1250 1927 1317 vitiosum
1971 1274 2165 1335 quam
2197 1251 2286 1317 si·

183 1368 447 1432 semper
481 1354 583 1410 est
612 1344 784 1409 idem
792 1368 812 1422 3
865 1342 1038 1409 cadit
1071 1354 1284 1408 autem
1323 1366 1441 1430 per
1476 1366 1546 1409 se
1588 1343 1729 1431 ipse
1762 1344 1871 1410 ille
1906 1344 2252 1431 praeclare,

183 1460 319 1521 quo
357 1438 550 1504 etiam
585 1438 843 1503 satietas
867 1436 1289 1503 'formidanda
1333 1449 1434 1503 est
1474 1437 1701 1524 magis.
1788 1460 1893 1503 me
1929 1450 2137 1505 stante
2174 1435 2255 1504 C.

189 1529 414 1596 Carbo
451 1529 531 1597 G.
563 1532 642 1597 F.
679 1531 970 1597 tribunus
1023 1530 1229 1617 plebis
1265 1530 1334 1595 in
1367 1531 1659 1597 contione
1712 1531 1874 1597 dixit
1906 1532 2007 1597 his
2042 1532 2255 1598 verbis

189 1632 264 1689 ‘o
298 1625 526 1690 Marce
561 1625 808 1704 Druse,
843 1636 1093 1711 patrem
1127 1624 1407 1713 appello'
1442 1625 1603 1691 haec
1636 1624 1893 1709 quidem
1929 1626 2055 1692 duo
2089 1625 2255 1691 binis

191 1718 466 1805 pedibus
517 1718 768 1783 incisim
779 1743 800 1797 3
855 1718 1087 1784 deinde
1138 1718 1541 1797 membratim
1592 1724 1693 1783 ‘tu
1744 1718 1954 1784 dicere
2006 1716 2256 1784 solebas

191 1835 448 1879 sacram
493 1835 638 1879 esse
679 1836 818 1878 rem
867 1813 1189 1899 publicam
1196 1813 1244 1892 3’
1299 1814 1459 1879 hacc
1498 1812 1653 1879 item
1703 1812 1989 1878 membra
2030 1812 2225 1877 ternis
2235 1836 2256 1891 3

2288 1081 2365 1121 213

192 1919 346 1995 post
380 1907 688 1973 ambitus:
745 1907 1152 1992 ‘quicumque
1188 1930 1332 1973 eam
1363 1906 1805 1985 violavissent,
1842 1906 1925 1971 ab
1951 1905 2251 1992 ‘omnibus
2286 1924 2369 1965 ιιι

191 2024 343 2067 esse
377 2002 440 2067 ei
471 2024 712 2089 poenas
748 2000 1165 2087 persolutasz'
1206 2000 1571 2078 dichoreus3
1608 2000 1767 2065 nihil
1802 2000 1971 2065 enim
2006 1999 2089 2064 ad
2119 2022 2259 2065 rem

190 2106 482 2161 extrema
513 2095 624 2160 illa
671 2095 869 2183 longa
903 2094 988 2160 sit
1031 2118 1114 2160 an
1163 2094 1404 2173 brevis3
1458 2094 1688 2160 deinde
1740 2094 1967 2182 ‘patris
2020 2093 2259 2159 dictum

198 2190 456 2274 sapiens
492 2189 814 2255 temeritas
849 2190 964 2254 filii
999 2189 1474 2277 comprobavit!
1556 2188 1679 2255 hoc
1713 2188 2011 2256 dichoreo
2046 2198 2261 2254 tantus

193 2282 438 2348 clamor
463 2281 774 2348 contionis
802 2283 1112 2350 excitatus
1140 2295 1258 2363 est,
1285 2295 1360 2348 ut
1383 2282 1753 2349 admirabile
1780 2293 1971 2350 esset.
2024 2305 2261 2368 quaero

197 2397 414 2440 nonne
445 2375 516 2439 id
547 2399 848 2441 numerus
885 2377 1204 2443 effecerit?
1257 2378 1599 2443 verborum
1647 2377 1933 2444 ordinem
1975 2377 2261 2456 immuta,

199 2468 306 2532 fac
340 2467 460 2532 sic:
516 2469 982 2554 ‘comprobavit
1021 2469 1136 2533 filii
1169 2469 1491 2534 temeritas
1499 2469 1538 2546 ,'
1577 2469 1707 2534 iam
1739 2468 1897 2534 nihil
1942 2468 2087 2545 erit,
2142 2469 2263 2533 etsi

203 2560 580 2626 ‘temeritas’
619 2583 701 2627 ex
735 2562 935 2627 tribus
971 2561 1270 2628 brevibus
1305 2571 1374 2626 et
1404 2561 1599 2646 longa
1632 2571 1751 2641 est,
1786 2583 1979 2645 quem
2010 2561 2265 2626 Aristo-

201 2654 362 2718 teles
388 2664 463 2720 ut
487 2654 798 2742 optimum
813 2654 1061 2741 probat,
1091 2678 1130 2720 a
1147 2677 1272 2740 quo
1291 2653 1619 2720 dissentio.
1673 2661 1770 2720 ‘at
1794 2655 2019 2720 eadem
2045 2653 2261 2732 verba,
2296 2673 2375 2714 215
2407 2717 2411 2722 .

203 2748 430 2813 eadem
455 2747 807 2814 sententia?
853 2747 1093 2813 ‘animo
1119 2747 1286 2813 istuc
1313 2746 1471 2813 satis
1490 2759 1609 2826 est,
1644 2747 1900 2813 auribus
1930 2770 2062 2812 non
2087 2747 2262 2813 satis.

207 2841 324 2906 sed
355 2842 425 2907 id
457 2841 738 2908 crebrius
772 2842 912 2908 fieri
942 2865 1074 2908 non
1115 2853 1364 2930 oportet
1371 2867 1390 2922 3
1436 2843 1711 2930 primum
1753 2842 1923 2910 enim
1964 2864 2263 2908 numerus

208 2936 600 3022 agnoscitur,
653 2935 883 3002 dei-nde
927 2932 1143 3014 satiat,
1196 2947 1425 3024 postea
1476 2936 1730 3024 cognita
1770 2937 2073 3004 facilitate
2116 2958 2266 3003 con-

210 3029 525 3096 temnitur.
613 3030 730 3096 sed
765 3041 914 3096 sunt
949 3030 1272 3096 clausulae
1313 3032 1561 3118 plures,
1614 3051 1779 3115 quae
1828 3051 2165 3096 numerose
2200 3039 2266 3094 et
2297 3039 2369 3094 64

209 3124 478 3190 iucunde
513 3123 776 3203 cadunt3
811 3147 964 3190 nam
998 3134 1064 3191 et
1095 3124 1385 3204 creticus,
1420 3123 1532 3209 qui
1566 3133 1667 3189 est
1698 3146 1735 3188 e
1768 3123 1965 3212 longa
1990 3134 2057 3189 et
2086 3122 2267 3188 brevi

211 3227 278 3282 et
306 3217 526 3302 longa,
563 3227 630 3282 et
662 3218 798 3284 eius
835 3217 1116 3303 aequalis
1150 3239 1385 3306 paean,
1432 3217 1540 3302 qui
1574 3216 1779 3304 spatio
1813 3239 1931 3305 par
1964 3227 2091 3294 est,
2139 3215 2269 3302 syl-

211 3310 358 3374 laba
405 3309 683 3396 longior,
745 3333 940 3395 quam
990 3311 1505 3378 commodissime
1564 3311 1823 3398 putatur
1874 3309 1943 3374 in
1996 3308 2269 3376 solutam

211 3401 561 3470 orationem
593 3403 876 3490 inligari,
922 3427 1069 3470 cum
1105 3405 1188 3470 sit
1221 3405 1487 3492 duplex,
1540 3428 1692 3470 nam
1726 3415 1837 3472 aut
1870 3425 1907 3469 e
1939 3403 2137 3490 longa
2169 3411 2271 3468 est

215 3509 283 3564 et
315 3498 513 3564 tribus
548 3499 879 3578 brevibus,
935 3501 1065 3594 qui
1076 3521 1376 3566 numerus
1410 3500 1481 3564 in
1512 3501 1717 3587 primo
1752 3500 1971 3610 viget&
2006 3499 2172 3564 iacet
2204 3499 2271 3562 in

107 3669 114 3675 Ι
219 3601 542 3670 extremo,
589 3603 700 3657 aut
760 3615 798 3660 e
857 3576 1124 3660 totidem
1183 3593 1487 3660 brevibus
1547 3605 1613 3660 et
1668 3595 1890 3682 longa,
1950 3593 2019 3659 in
2079 3614 2271 3678 quem

219 3686 450 3772 optime
484 3686 712 3753 cadere
749 3698 1012 3754 censent
1037 3699 1323 3767 veteres3
1360 3710 1483 3775 ego
1518 3710 1647 3754 non
1679 3689 1868 3774 plane
1897 3687 2114 3766 reicio,
2154 3687 2273 3752 sed

220 3781 372 3846 alios
410 3790 746 3868 antepono.
833 3803 916 3848 ne
959 3783 1280 3870 spondeus
1317 3782 1575 3867 quidem
1616 3782 1903 3848 funditus
1944 3791 2049 3848 est
2079 3800 2271 3868 repu-
2302 3802 2385 3843 κισ

221 3874 515 3974 diandusz
567 3875 715 3954 etsi,
768 3875 943 3960 quod
992 3887 1093 3942 est
1125 3899 1162 3941 e
1195 3876 1405 3964 longis
1441 3875 1717 3955 duabus,
1770 3876 2059 3944 hebetior
2092 3874 2270 3940 vide-

221 3979 320 4032 tur
361 3977 426 4032 et
475 3968 740 4047 tardior,
794 3969 990 4036 habet
1039 3981 1254 4036 tamen
1305 3969 1599 4036 stabilem
1648 3971 1968 4055 quendam
2024 3978 2091 4034 et
2120 3991 2270 4034 ιιοιι

221 4069 539 4145 expertem
593 4061 918 4149 dignitatis
969 4065 1267 4153 gradum,
1321 4063 1390 4128 in
1422 4063 1833 4132 incisionibus
1878 4084 2033 4131 vero
2066 4061 2268 4128 multo
