2784 4575
497 231 582 296 46
991 239 1411 298 CORNIFICII
1445 239 2064 298 RHETORICORUM

497 365 689 452 cipio,
735 362 1118 442 narratione,
1164 363 1501 442 divisione,
1546 365 2044 444 confirmatione,
2084 366 2543 448 confutatione,

495 459 928 537 conclusione,
967 469 1030 523 et
1063 469 1135 522 ut
1169 459 1337 524 hunc
1373 459 1686 537 ordinem,
1725 481 1915 542 quem
1950 461 2033 526 ad
2065 461 2325 526 modum
2358 485 2545 548 prae-

497 564 750 638 cep-tum
793 563 892 617 est
934 563 1108 630 ante,
1161 553 1230 616 in
1275 553 1545 618 dicendo
1588 575 1943 638 sequamur.
2034 552 2213 640 [item
2248 577 2330 621 ex
2361 555 2544 620 insti-

497 646 734 712 tutione
779 645 929 710 artis
975 668 1104 710 non
1145 646 1334 711 modo
1378 657 1543 711 totas
1590 667 1813 712 causas
1848 670 1967 732 per
2000 647 2372 726 orationem,
2429 651 2545 715 sed

497 739 778 826 singulas
827 760 1079 823 quoque
1125 739 1699 825 argumentationes
1746 741 2183 827 disponemus,
2236 762 2427 825 quem
2461 744 2547 808 ad

495 833 752 898 modum
785 833 852 896 in
886 833 1048 898 libro
1085 833 1362 898 secundo
1409 833 1765 912 docuimus,
1811 834 1879 897 id
1920 844 2021 900 est
2063 835 2539 923 expositionem,

492 928 802 994 rationem
815 976 832 1004 ,
891 926 1430 992 confirmationem
1472 927 1763 1005 rationis,
1819 928 2317 1006 exornationem,
2372 951 2543 996 com-

420 1053 468 1092 1⁷
495 1021 873 1108 plexionem.
963 1021 1121 1084 haec
1161 1020 1353 1106 igitur
1408 1021 1643 1106 duplex
1697 1020 2025 1109 dispositio
2070 1033 2196 1087 est:
2249 1045 2378 1088 una
2426 1045 2543 1110 per

495 1114 839 1192 orationeS,
912 1113 1110 1179 altera
1167 1135 1282 1199 per
1344 1115 1918 1200 argumentationes
1931 1163 1950 1192 ,
2012 1115 2091 1180 ab
2150 1114 2541 1181 institutione

497 1209 648 1272 artis
683 1205 1018 1294 profecta]
1110 1218 1210 1272 est
1227 1218 1456 1272 autem
1492 1207 1615 1272 alia
1650 1207 2006 1294 dispositio,
2054 1230 2244 1292 quae,
2281 1231 2426 1273 cum
2461 1211 2541 1274 ab

496 1301 712 1368 ordine
749 1301 1085 1366 artificioso
1116 1301 1536 1366 secedendum
1573 1311 1689 1378 est,
1727 1301 1991 1367 oratoris
2016 1301 2247 1368 iudicio
2276 1303 2357 1367 ad
2384 1314 2541 1368 tem-

493 1417 615 1481 pus
651 1394 1187 1471 adcommodatur,
1223 1405 1295 1459 ut
1329 1394 1385 1458 si
1420 1395 1501 1458 ab
1536 1395 1891 1460 narratione
1928 1395 2134 1461 dicere
2167 1394 2539 1482 incipiamus

496 1498 605 1551 aut
647 1488 728 1551 ab
773 1487 985 1571 aliqua
1027 1487 1390 1552 firmissima
1442 1487 1981 1596 argumentatione
2036 1499 2145 1553 aut
2194 1487 2542 1554 litterarum

497 1582 846 1665 aliquarum
884 1581 1278 1660 recitatione,
1335 1591 1447 1645 aut
1483 1581 1539 1646 si
1583 1583 1930 1646 secundum
1981 1581 2359 1669 principium
2392 1603 2542 1648 con-

493 1675 845 1740 firmatione
881 1687 1158 1753 utamur,
1214 1675 1443 1740 deinde
1494 1676 1879 1753 narratione,
1936 1684 2045 1740 aut
2080 1676 2135 1740 si
2178 1697 2369 1759 quam
2403 1676 2540 1742 eius

495 1762 684 1834 modi
699 1768 1222 1855 permutationem
1259 1767 1497 1834 ordinis
1532 1768 1868 1833 faciamus·
1850 1816 1869 1846 ,
1908 1789 2172 1852 quorum
2206 1769 2381 1847 nihil,
2416 1770 2543 1835 nisi

495 1883 689 1927 causa
720 1863 1018 1949 postulet,
1053 1861 1190 1926 fieri
1226 1861 1557 1946 oportebit.
1645 1883 1793 1924 nam
1828 1861 1883 1925 si
1916 1862 2319 1927 vehementer
2354 1885 2538 1928 aures

497 1956 851 2020 auditorum
887 1957 1196 2020 obtunsae
1231 1954 1613 2019 videbuntur
1646 1965 1834 2037 atque
1870 1955 2061 2020 animi
2096 1956 2423 2042 defatigati
2459 1958 2539 2022 ab

497 2047 874 2112 adversariis
925 2047 1325 2110 multitudine
1377 2047 1741 2125 verborum,
1804 2050 2132 2114 commode
2193 2049 2537 2136 poterimus

493 2138 802 2226 principio
849 2139 1290 2226 supersedere,
1347 2139 1621 2204 exordiri
1664 2163 1940 2206 causam·
1961 2137 2125 2228 [aut]
2164 2143 2539 2221 narratione,

499 2232 637 2321 [aut
671 2232 882 2317 aliqua
913 2233 1096 2297 firma
1130 2233 1723 2321 argumentatione,]
1764 2234 2010 2313 deinde,
2050 2237 2105 2301 si
2140 2237 2541 2303 commodum

495 2328 640 2405 erit,
693 2328 864 2411 quod
897 2350 1027 2393 non
1063 2349 1312 2413 semper
1344 2348 1607 2393 necesse
1652 2339 1778 2406 est,
1836 2330 1918 2393 ad
1960 2329 2252 2417 principii
2288 2342 2541 2397 senten-

393 2440 462 2493 10
496 2422 648 2487 tiam
697 2421 928 2486 reverti
979 2420 1192 2485 licebit
1201 2445 1234 2498 3—
1277 2418 1363 2507 [si
1408 2442 1601 2486 causa
1649 2432 1869 2487 nostra
1919 2445 2219 2510 magnam
2273 2424 2540 2489 difficul-

495 2527 689 2581 tatem
723 2514 1040 2580 videbitur
1065 2514 1319 2592 habere,
1355 2525 1429 2580 ut
1460 2537 1647 2581 nemo
1684 2537 1884 2600 aequo
1922 2516 2130 2582 animo
2163 2518 2541 2605 principium

492 2610 698 2698 possit
732 2609 976 2687 audire,
1024 2608 1105 2673 ab
1149 2608 1506 2673 narratione
1550 2630 1696 2673 cum
1730 2610 2180 2696 inceperimus,
2236 2613 2319 2676 ad
2368 2611 2541 2699 prin-

493 2704 641 2792 cipii
677 2702 1052 2769 sententiam
1086 2700 1525 2787 revertemur,]
1574 2702 1630 2767 si
1663 2703 1938 2769 narratio
1979 2727 2205 2791 parum
2245 2705 2541 2791 probabi-

492 2799 570 2864 lis
609 2798 752 2875 erit,
789 2798 1187 2863 exordiemur
1223 2798 1303 2861 ab
1340 2796 1552 2880 aliqua
1582 2797 1766 2861 firma
1801 2798 2359 2884 argumentatione.
2438 2798 2537 2863 his

494 2892 1083 2956 commutationibus
1121 2901 1185 2955 et
1219 2889 1733 2975 translationibus
1771 2913 1961 2977 saepe
1994 2892 2087 2955 uti
2120 2914 2383 2959 necesse
2420 2902 2538 2970 est,

495 3006 639 3048 cum
682 2983 824 3070 ipsa
862 3006 966 3049 res
1013 2983 1415 3049 artificiosam
1461 2984 1939 3071 dispositionem
1990 2984 2323 3051 artificiose
2368 3006 2539 3050 com-

409 3102 460 3143 18
494 3088 736 3143 mutare
797 3077 986 3163 cogit.
1089 3076 1157 3141 in
1210 3078 1681 3143 confirmatione
1736 3088 1801 3143 et
1862 3078 2289 3143 confutatione
2352 3100 2540 3163 argu-

492 3170 948 3235 mentationum
1000 3170 1444 3280 dispositiopes
1489 3172 1676 3237 huius
1720 3171 1894 3236 modi
1938 3172 2234 3236 convenit
2274 3170 2536 3237 habere.

492 3262 886 3333 firmissimas
949 3264 1525 3351 argumentationes
1579 3264 1647 3327 in
1695 3264 1915 3350 primis
1970 3275 2035 3329 et
2083 3265 2150 3329 in
2199 3265 2537 3351 postremis

495 3379 724 3422 causae
759 3358 1042 3443 partibus
1078 3358 1437 3435 conlocare,
1474 3357 1808 3422 mediocris
1846 3369 1910 3423 et
1942 3380 2147 3442 neque
2182 3357 2419 3424 inutilis
2457 3359 2541 3423 ad

495 3451 830 3515 dicendum
889 3472 1094 3535 neque
1154 3450 1547 3516 necessarias
1602 3451 1685 3515 ad.
1740 3441 2165 3537 probandum,
2229 3475 2419 3538 quae,
2484 3452 2538 3516 si

495 3540 832 3631 separatim
867 3566 942 3609 ac
979 3544 1264 3631 singulae
1299 3545 1615 3623 dicantur,
1660 3544 1943 3611 infirmae
1994 3546 2144 3623 sint,
2192 3568 2336 3611 cum
2372 3556 2539 3610 cete-

492 3638 579 3703 ris
627 3637 997 3703 coniunctae
1042 3638 1260 3702 firmae
1305 3648 1370 3703 et
1411 3638 1772 3723 probabiles
1817 3640 2000 3717 fiant,
2056 3594 2538 3725 [interponi]in

491 3732 699 3797 medio
752 3730 1068 3827 conlocari
1119 3742 1393 3818 oportet:
1447 3754 1597 3797 nam
1642 3743 1705 3798 et
1759 3734 1970 3797 statim
2020 3756 2090 3797 re
2134 3742 2384 3795 narrata
2428 3752 2537 3793 ex-

495 3834 738 3909 spectat
799 3824 1044 3889 animus
1097 3824 1427 3904 auditoris,
1494 3848 1575 3892 ex
1628 3848 1797 3908 qua
1802 3850 1872 3891 re
1932 3840 2125 3890 causa
2182 3821 2537 3887 confirmari

492 3917 724 4002 possit,
777 3927 1157 4004 quapropter
1200 3918 1495 3983 continuo
1546 3918 1793 3983 firmam
1836 3919 2111 4003 aliquam
2154 3927 2427 4025 oportet
2438 3916 2536 3979 in-

495 4009 659 4073 ferre
705 4010 1338 4097 argumentationem,
1392 4022 1457 4075 et
1496 4033 1567 4075 re
1612 4011 1781 4079 dicta
1831 4010 2129 4098 quoniam
2178 4009 2539 4097 nuperrime
