2784 4575
840 331 946 386 DE
981 329 1467 390 INVENTIONE
1501 331 1551 390 Ι.
1590 332 1831 388 23-25.
2243 317 2365 384 117

299 455 410 540 qui
447 451 720 540 audiet,]
761 453 1223 532 demonstrare,
1260 455 1419 520 nihil
1454 479 1673 521 eorum
1708 455 1792 521 ad
1826 465 1889 522 te
1922 443 2265 544 pertinere3
2303 467 2366 523 et

301 571 537 637 negare
573 559 640 614 te
674 549 1012 633 quicquam
1047 549 1126 614 de
1163 549 1543 616 adversariis
1588 573 1731 616 esse
1778 547 2091 616 dicturum
2131 549 2364 638 [neque
2438 584 2445 592 ·

303 645 424 712 hoc
457 667 664 730 neque
708 642 895 730 illud]
910 692 928 721 ,
981 654 1054 709 ut
1095 665 1304 728 neque
1350 656 1565 732 aperte
1610 645 1828 710 laedas
1877 667 2017 724 eos,
2073 645 2181 729 qui
2226 645 2367 711 dili-

303 749 555 827 guntur,
593 748 660 804 et
693 749 906 803 tamen
932 737 1001 802 id
1027 739 1295 804 obscure
1325 739 1587 818 faciens,
1626 739 1837 824 quoad
1860 738 2091 826 possis,
2130 739 2364 806 alienes

302 835 386 900 ab
415 833 505 899 eis
535 831 894 900 auditorum
921 832 1340 912 voluntatem3
1379 844 1444 898 et
1472 832 1823 918 aliquorum
1848 831 2151 899 iudicium
2177 833 2367 900 simili

297 929 382 994 de
416 951 486 993 re
523 939 634 992 aut
669 927 1109 993 auctoritatem
1135 928 1419 1014 proferre
1446 927 1793 994 imitatione
1822 929 2098 1015 dignam,
2138 927 2365 994 deinde

299 1022 575 1088 eandem
611 1030 720 1086 aut
754 1021 1148 1087 consimilem
1184 1019 1326 1108 [aut
1366 1023 1673 1088 maiorem
1724 1031 1834 1088 aut
1883 1021 2222 1108 minorem]
2260 1023 2367 1109 agi

302 1139 444 1181 rem
475 1115 542 1180 in
573 1113 893 1202 praesenti
927 1115 1380 1182 demonstrare.
1472 1115 1573 1181 sin
1614 1115 1813 1182 oratio
1858 1115 2362 1182 adversariorum

2405 1134 2457 1176 25

302 1210 499 1276 fidem
532 1209 845 1275 videbitur
881 1209 1273 1276 auditoribus
1310 1209 1570 1290 fecisse3
1606 1209 1674 1275 id
1709 1211 1881 1295 quod
1915 1211 2001 1289 ei,
2040 1210 2150 1296 qui
2181 1209 2367 1276 intel·
2422 1241 2424 1244 ⁴

295 1304 492 1392 legit,
531 1305 758 1389 quibus
793 1304 988 1370 rebus
1021 1304 1181 1369 fides
1217 1305 1357 1382 flat,
1404 1305 1591 1370 facile
1627 1305 1747 1370 erit
1779 1305 2065 1394 cognitu,
2118 1313 2367 1392 oportet

302 1410 413 1464 aut
457 1399 538 1464 de
583 1419 689 1476 e0‚
744 1397 916 1482 quod
959 1397 1306 1464 adversarii
1346 1397 1780 1490 firmissimum
1824 1399 1945 1464 sibi
1986 1398 2269 1485 putarint
2302 1409 2366 1464 et

303 1493 577 1558 maxime
613 1492 702 1571 ei,
761 1493 869 1577 qui
905 1491 1190 1571 audient,
1243 1493 1597 1579 probarint,
1642 1493 1917 1579 primum
1952 1503 2015 1558 te
2051 1493 2365 1559 dicturum

299 1587 614 1676 polliceri,
673 1599 783 1653 aut
817 1589 898 1654 ab
935 1585 1281 1656 adversarii
1325 1587 1495 1653 dicto
1532 1584 1805 1654 exordiri
1840 1597 1905 1654 et
1938 1588 2019 1653 ab
2054 1609 2131 1654 eo
2165 1587 2365 1675 potis-

301 1683 560 1761 simum,
615 1682 788 1766 quod
820 1681 926 1748 ille
963 1681 1324 1769 nuperrime
1361 1681 1591 1747 dixerit
1598 1707 1617 1760 3
1674 1691 1782 1746 aut
1826 1679 2213 1748 dubitatione
2248 1679 2361 1758 uti,

297 1776 454 1862 quid
487 1776 765 1862 primum
799 1775 974 1841 dicas
1021 1785 1132 1840 aut
1183 1776 1285 1840 cui
1325 1775 1728 1863 potissimum
1770 1775 1911 1841 loco
1954 1775 2361 1862 respondeas,

296 1893 446 1938 >cum
508 1871 943 1938 admiratione.
1047 1893 1198 1936 nam
1258 1871 1507 1936 auditor
1567 1891 1713 1936 cum
1774 1892 1945 1948 eum,
2010 1891 2199 1954 quem
2252 1869 2365 1934 ad-

299 1965 566 2032 versarii
615 1965 1054 2053 perturbatum
1104 1976 1286 2052 putat
1330 1966 1615 2032 oratione
1665 1965 1840 2030 videt
1874 1963 2083 2030 animo
2132 1964 2364 2030 firmis-

301 2061 463 2127 simo
499 2072 722 2126 contra
757 2059 964 2126 dicere
997 2071 1319 2148 paratum,
1363 2059 1738 2147 plerumque
1774 2083 1844 2125 se
1878 2057 2091 2146 potius
2126 2069 2363 2124 temere

291 2155 696 2234 adsensisse,
752 2175 944 2238 quam
985 2153 1163 2218 illum
1221 2153 1360 2220 sine
1410 2175 1605 2220 causa
1649 2149 1962 2220 confidere
2006 2151 2361 2218 arbitratur.
2454 2214 2457 2218 .

304 2248 406 2314 sin
443 2247 742 2315 auditoris
791 2247 1071 2315 studium
1114 2247 1485 2337 defatigatio
1539 2245 1918 2315 abalienavit
1952 2271 1992 2313 a
2026 2268 2245 2326 causa,
2301 2257 2364 2313 te

303 2343 590 2421 brevius,
635 2365 826 2428 quam
859 2355 1118 2429 paratus
1154 2343 1350 2409 fueris
1363 2392 1379 2419 ‚
1435 2364 1579 2410 esse
1613 2343 1928 2408 dicturum
1962 2340 2364 2408 commodum

303 2446 407 2503 est
437 2436 747 2523 polliceri3
783 2460 912 2503 non
945 2437 1334 2503 imitaturum
1369 2437 1820 2503 adversarium.
1894 2436 1993 2502 sin
2026 2456 2129 2500 res
2167 2436 2361 2513 dabit,

303 2551 434 2597 non
485 2530 704 2597 inutile
748 2542 848 2597 est
891 2533 972 2597 ab
1028 2532 1239 2615 aliqua
1278 2554 1350 2597 re
1400 2554 1571 2597 nova
1614 2542 1725 2597 aut
1772 2529 2039 2596 ridicula
2087 2529 2363 2615 incipere

303 2636 417 2690 aut
451 2650 531 2691 ex
565 2636 850 2713 tempore
895 2646 1058 2710 quae
1091 2635 1244 2690 nata
1283 2625 1399 2703 sit3
1454 2626 1627 2708 quod
1668 2642 1871 2713 genus
1918 2622 2215 2709 strepitus
2254 2622 2365 2685 ad-

307 2720 708 2799 clamatiove3
745 2730 856 2785 aut
887 2720 1016 2785 iam
1050 2730 1292 2806 parata,
1331 2740 1493 2804 quae
1529 2720 1633 2784 vel
1668 2718 2011 2805 apologum
2044 2716 2147 2782 vel
2183 2715 2367 2780 fabu-

307 2812 438 2878 lam
473 2814 570 2879 vel
610 2813 884 2898 aliquam
920 2813 1238 2880 contineat
1277 2811 1673 2890 inrisionem3
1728 2821 1836 2876 aut
1872 2810 1928 2875 si
1961 2810 2055 2875 rei
2091 2808 2364 2896 dignitas

311 2906 546 2972 adimet
569 2907 818 2974 iocandi
845 2908 1232 2985 facultatem,
1269 2905 1511 2991 aliquid
1544 2906 1743 2984 triste,
1776 2926 2033 2984 novum,
2068 2899 2366 2969 horribile

311 3001 524 3066 statim
555 3022 688 3069 non
720 3001 1194 3069 incommodum
1227 3011 1328 3067 est
1359 3000 1613 3066 inicere.
1700 3022 1878 3079 nam,
1912 3010 1987 3064 ut
2020 2998 2145 3065 cibi
2180 2998 2367 3064 satie-

305 3106 404 3159 tas
451 3106 515 3161 et
556 3093 882 3161 fastidium
936 3110 1046 3161 aut
1097 3095 1437 3160 subamara
1497 3094 1708 3177 aliqua
1756 3116 1826 3159 re
1876 3093 2193 3159 relevatur
2259 3102 2369 3156 aut

304 3189 477 3254 dulci
511 3188 866 3275 mitigatur,
917 3190 1012 3255 sio
1047 3189 1294 3254 animus
1333 3188 1629 3253 defessus
1674 3188 1988 3254 audiendo
2026 3196 2135 3251 aut
2170 3185 2369 3251 admi-

303 3283 549 3349 ratione
583 3280 935 3369 integratur
970 3293 1080 3348 aut
1111 3282 1246 3349 risu
1279 3293 1570 3351 novatur.

426 3376 531 3441 Ac
577 3377 918 3463 separatim
961 3377 1243 3461 quidem,
1299 3396 1461 3461 quae
1508 3376 1587 3441 de
1630 3374 1939 3463 principio
1992 3384 2059 3440 et
2100 3373 2234 3439 de
2214 3356 2370 3438 msi-

307 3471 608 3538 nuatione
645 3472 916 3538 dicenda
967 3472 1372 3551 videbantur,
1426 3471 1587 3537 haec
1629 3470 1763 3537 fere
1800 3480 1975 3536 sunt·
2028 3488 2198 3533 nunc
2232 3466 2371 3551 qui-

303 3565 456 3631 dem
497 3566 680 3632 brevi
725 3567 1139 3633 communiter
1181 3567 1262 3632 de
1303 3572 1574 3650 utroque
1625 3562 2142 3676 praecipiendum
2191 3560 2367 3624 vide-

301 3671 426 3725 tur.
501 3660 834 3726 exordium
869 3660 1322 3727 sententiarum
1348 3670 1413 3726 et
1438 3659 1767 3749 gravitatis
1804 3656 2146 3761 plurimum
2180 3652 2367 3717 debet

305 3754 543 3820 habere
581 3764 646 3820 et
689 3755 944 3821 omnino
989 3754 1228 3834 omnia,
1281 3777 1445 3840 quae
1488 3752 1806 3841 pertinent
1848 3751 1932 3831 ad
1972 3746 2365 3833 dignitatem,

305 3848 374 3913 in
417 3871 489 3914 se
533 3849 887 3929 continere,
939 3860 1400 3936 proptereaque
1444 3847 1511 3913 id
1554 3846 1789 3932 optime
1842 3824 2205 3909 faciendum
2248 3850 2365 3916 est,

310 3942 482 4024 quod
525 3954 842 4010 oratorem
887 3944 1157 4008 auditori
1197 3943 1473 4009 maxime
1527 3938 1955 4013 commendat.
2010 3932 2365 4022 splendoris

307 4046 375 4101 et
407 4036 771 4105 festivitatis
801 4050 868 4105 et
891 4036 1417 4104 concinnitudinis
1452 4035 1801 4113 minimum,
1834 4041 2173 4121 propterea
2198 4027 2369 4114 quod

304 4150 392 4195 ex
433 4128 532 4197 his
581 4132 850 4221 suspitio
903 4132 1214 4218 quaedam
1269 4127 1730 4219 adparationism
1752 4138 1939 4212 atque
1994 4123 2367 4192 artificiosae

2404 3372 2472 3429 18
