2784 4575
676 357 783 415 AD
823 359 885 414 0.
925 357 1400 420 HERENNIUM
1434 358 1541 414 III.
1581 359 1821 415 26-29.
2194 346 2277 411 51

222 493 470 553 utemur
506 481 990 567 amplificatione
1042 503 1157 568 per
1193 481 1717 564 cohortationem,
1772 483 1962 568 paulo
2006 482 2281 550 tardiore

223 586 290 643 et
340 574 825 647 consideratiore
879 586 1066 662 gestu
1121 575 1456 653 conveniet
1506 576 1625 654 uti,
1692 577 2001 645 similibus
2053 577 2279 644 ceteris

225 672 412 743 rebus
448 680 636 754 atque
670 671 738 740 in
785 670 1186 743 contentione
1221 691 1335 756 per
1371 669 1935 748 ,continuationem3
2003 670 2103 739 sin
2144 681 2283 737 ute-

226 789 364 835 mur
434 764 919 851 amplificatione
988 787 1103 851 per
1172 764 1718 854 conquestionem,
1788 763 2040 839 feminis
2103 766 2284 850 plan-

223 883 377 946 gore
424 871 489 925 et
531 858 756 945 capitis
809 859 968 938 ictu,
1023 883 1154 932 non
1196 881 1544 942 numquam
1598 860 1817 925 sedato
1865 870 1929 927 et
1972 860 2284 925 constanti

221 965 436 1042 gestu,
473 964 719 1018 maesto
755 963 821 1021 et
854 954 1231 1026 conturbato
1267 953 1445 1027 voltu
1478 953 1572 1018 uti
1606 953 1938 1040 oportebit.

339 1047 487 1119 Non
532 1070 674 1110 sum
727 1047 1011 1124 nescius,
1067 1058 1372 1132 quantum
1429 1048 1814 1134 susceperim
1857 1046 2123 1133 negotii,
2179 1044 2287 1130 qui

220 1151 432 1211 motus
461 1141 744 1226 corporis
773 1142 1125 1227 exprimere
1162 1143 1374 1231 verbis
1403 1153 1468 1207 et
1492 1142 1724 1211 imitari
1760 1142 2070 1228 scriptura
2098 1162 2288 1207 cona,-

225 1247 327 1299 tus
366 1235 488 1304 sim
521 1257 744 1302 voces:
801 1259 1022 1303 verum
1055 1259 1174 1307 nec
1217 1237 1341 1303 hoc
1383 1238 1660 1305 confisus
1707 1261 1848 1306 sum
1897 1259 2093 1324 posse
2128 1236 2283 1313 fieri,

223 1340 295 1397 ut
331 1329 408 1395 de
445 1328 544 1398 his
580 1330 770 1401 rebus
819 1332 971 1396 satis
1019 1333 1349 1397 commode
1396 1332 1587 1399 scribi
1626 1344 1873 1417 posset,
1926 1355 2074 1409 nec,
2132 1331 2188 1396 si
2220 1330 2288 1394 id

223 1423 359 1488 fieri
408 1447 537 1489 non
589 1434 836 1510 posset,
891 1426 1038 1503 hoc,
1094 1427 1265 1509 quod
1306 1426 1457 1501 feci,
1511 1425 1647 1490 fore
1700 1426 1918 1493 inutile
1961 1427 2283 1511 putabam,

223 1526 558 1601 propterea
610 1518 781 1599 quod
831 1516 936 1581 hic
989 1519 1328 1589 admonere
1389 1519 1702 1585 voluimus
1715 1567 1733 1595 ,
1796 1521 1967 1601 quod
2020 1528 2285 1604 oportet,

222 1609 468 1692 reliqua
527 1611 849 1687 trademus
912 1610 1372 1685 exercitationi:
1438 1612 1560 1675 hoc
1622 1611 1781 1676 seire
1844 1624 2093 1697 oportet
2143 1634 2290 1696 pro-

223 1702 684 1772 nuntiationem
733 1703 968 1766 bonam
1000 1704 1068 1771 id
1110 1704 1443 1789 perficere,
1505 1714 1577 1767 ut
1626 1727 1729 1768 res
1785 1726 1867 1772 ex
1920 1704 2129 1768 animo
2185 1704 2291 1788 agi

223 1795 532 1863 videatur.

352 1891 416 1961 N
415 1912 540 1958 unc
585 1891 668 1961 ad
714 1890 1082 1959 thesaurum
1123 1891 1527 1956 inventorum
1579 1901 1767 1975 atque
1820 1890 2102 1959 omnium
2144 1913 2291 1976 par.-
2327 1885 2393 1997 {g

226 1985 382 2055 tium
439 1984 793 2051 rhetoricae
849 1985 1000 2053 artis
1055 1986 1386 2058 custodem
1448 1985 1817 2057 memoriam
1870 1997 2288 2066 transeamus.

223 2080 529 2149 memoria
582 2091 794 2152 utrum
845 2080 1079 2147 habeat
1121 2082 1424 2166 quiddam
1472 2080 1792 2153 artificiosi
1836 2097 1919 2150 an
1964 2079 2169 2149 omnis
2208 2079 2289 2144 ab

223 2186 449 2241 natura
481 2174 943 2260 proficiscatur,
989 2175 1162 2248 aliud
1197 2175 1448 2248 dicendi
1483 2186 1732 2263 tempus
1776 2175 2076 2242 idoneum
2112 2173 2289 2239 dabi-

223 2278 354 2348 tur3
391 2291 559 2334 nunc
591 2269 858 2355 proinde
895 2280 1085 2354 atque
1122 2281 1370 2344 constet
1412 2270 1481 2338 in
1514 2269 1635 2337 hac
1667 2294 1738 2339 re
1772 2270 2042 2338 multum
2076 2268 2289 2336 valere

227 2373 427 2427 artem
460 2372 526 2426 et
565 2364 1108 2453 praeceptionem,
1161 2363 1253 2435 ita
1297 2365 1376 2439 de
1414 2388 1492 2435 ee.
1532 2388 1601 2429 re
1645 2365 1993 2447 loquemur.
2082 2364 2293 2449 placet

224 2456 397 2521 enim
429 2456 612 2522 nobis
642 2481 785 2524 esse
823 2458 1153 2531 artificium
1179 2459 1551 2536 memoriam
1588 2480 1716 2541 qua
1740 2482 1809 2524 re
1836 2460 2104 2543 placeat,
2134 2457 2289 2522 alias

227 2551 663 2629 ostendemus3
709 2552 777 2615 in
809 2553 1174 2637 praesentia
1205 2554 1384 2623 cuius
1431 2552 1607 2621 modi
1644 2552 1728 2615 sit
1761 2574 1839 2616 ea
1870 2574 2002 2627 res,
2051 2548 2293 2634 aperie-

226 2666 388 2709 mus.
480 2655 628 2707 sunt
660 2644 855 2728 igitur
901 2644 1063 2714 duae
1106 2644 1480 2712 memoriae:
1535 2667 1665 2709 una
1707 2642 2041 2717 naturalis,
2097 2641 2294 2706 altera

227 2736 594 2799 artificiosa:
647 2734 954 2804 naturalis
1010 2746 1109 2807 est
1161 2744 1265 2812 ea,
1321 2758 1484 2818 quae
1535 2736 1768 2803 nostris
1825 2733 2049 2801 animis
2102 2732 2294 2797 insita

224 2837 329 2891 est
363 2837 428 2890 et
463 2825 651 2889 simul
678 2848 822 2889 cum
850 2826 1230 2911 cogitatione
1256 2838 1411 2898 nata
1420 2852 1439 2904 ;
1476 2825 1816 2894 artificiosa
1842 2835 1941 2893 est
1966 2847 2061 2902 ea,
2102 2846 2293 2908 quam

224 2920 559 2985 confirmat
606 2918 888 2985 inductio
941 2920 1256 3003 quaedam
1307 2931 1373 2993 et
1413 2920 1575 2993 ratio
1626 2918 2119 3005 praeceptionis3
2176 2919 2292 2984 sed

225 3035 356 3098 qua
380 3013 448 3082 in
475 3013 698 3084 ceteris
726 3014 916 3078 rebus
953 3012 1194 3099 ingenii
1228 3014 1480 3087 bonitas
1516 3013 1796 3081 imitatur
1831 3035 2023 3099 saepe
2060 3012 2292 3082 doctri-

224 3130 404 3186 nam,
463 3131 565 3171 ars
619 3131 808 3194 porro
860 3119 1124 3177 naturae
1177 3110 1516 3183 commoda
1570 3109 1901 3181 confirmat
1951 3119 2017 3175 et
2070 3118 2289 3194 auget3

226 3204 382 3269 item
415 3203 489 3267 fit
521 3203 588 3267 in
632 3205 752 3267 hac
786 3226 884 3281 re,
939 3215 1010 3268 ut
1053 3226 1184 3276 non
1225 3227 1574 3289 numquam
1615 3203 1921 3270 naturalis
1966 3202 2288 3281 memoria,

229 3297 286 3363 si
321 3298 422 3363 cui
459 3298 606 3363 data
641 3309 741 3363 est
775 3297 1061 3385 egregia,
1100 3299 1323 3373 similis
1364 3300 1448 3367 sit
1479 3300 1627 3370 huin
1662 3291 2066 3377 artificiosae,
2102 3319 2290 3385 porro

227 3392 388 3457 haec
433 3391 773 3458 artificiosa
823 3403 1086 3462 naturae
1138 3394 1476 3466 commoda
1525 3393 1794 3464 retineat
1837 3404 1903 3460 et
1952 3392 2293 3479 amplificet

227 3486 471 3551 ratione
509 3485 859 3566 doctrinae3
915 3499 1300 3573 quapropter
1334 3498 1400 3559 ct
1432 3488 1735 3557 naturalis
1771 3487 2077 3558 memoria
2108 3509 2293 3573 prae-

231 3580 520 3666 ceptione
557 3581 988 3648 confirmanda
1023 3592 1147 3658 est,
1201 3592 1271 3645 ut
1317 3582 1403 3647 sit
1445 3582 1732 3668 egregia,
1788 3592 1854 3647 et
1886 3581 2073 3657 haec,
2129 3600 2292 3661 quae

226 3674 519 3739 doctrina
553 3674 765 3751 datur,
800 3674 1046 3759 indiget
1078 3673 1348 3760 ingenii:
1385 3695 1505 3744 nec
1540 3674 1661 3744 hoc
1695 3674 1901 3761 magis
1940 3685 2049 3742 aut
2079 3670 2289 3738 minus

228 3767 298 3838 in
331 3766 454 3832 hac
487 3790 576 3846 re,
617 3789 807 3850 quam
841 3766 909 3834 in
944 3768 1169 3838 ceteris
1200 3769 1443 3833 artibus
1479 3768 1568 3846 fit,
1605 3779 1678 3833 ut
1700 3768 1957 3854 ingenio
1986 3764 2289 3841 doctrina,

229 3862 676 3947 praeceptione
719 3872 948 3927 natur-a
989 3862 1288 3932 nitescat:
1343 3885 1472 3946 qua
1504 3886 1574 3927 re
1619 3874 1685 3931 et
1716 3861 1869 3938 illis,
1925 3860 2035 3942 qui
2067 3868 2293 3924 natura

230 3980 544 4024 memores
583 3968 761 4034 sunt,
794 3956 968 4022 utilis
1007 3958 1166 4024 haec
1201 3958 1320 4025 erit
1351 3958 1689 4033 institutio,
1731 3956 1901 4039 quod
1935 3963 2067 4019 tute
2101 3953 2291 4039 paulo

229 4062 380 4136 post
411 4052 649 4139 poteris
686 4052 1055 4139 intellegere
1065 4077 1083 4131 3
1131 4063 1197 4117 et
1232 4052 1288 4117 si
1319 4053 1413 4117 illi
1448 4050 1596 4117 freti
1637 4049 1893 4135 ingenio
1928 4048 2129 4115 nostri
2162 4072 2293 4115 non

228 4146 614 4232 indigerent,
668 4158 882 4217 tamen
933 4146 1103 4214 iusta
1135 4167 1332 4216 causa
1383 4146 1666 4223 daretur,
1720 4165 1849 4227 qua
1890 4166 1960 4210 re
2005 4144 2126 4223 eie,
2182 4143 2293 4228 qui

1872 4241 1907 4288 4
1924 4246 1948 4275 0
