2784 4575
1001 322 1338 366 ADNOT-ATIO
1377 321 1627 365 GRITICA.
1855 350 1859 355 -
2198 316 2422 366 XXVII

238 438 422 493 initio’.
441 434 520 509 p.)
534 434 770 507 punitio.
799 436 819 505 n
848 440 962 488 131.
983 442 1102 487 sunt
1121 434 1306 503 aperti.
1345 432 1515 489 dieat.
1546 434 1851 503 peritorum.
1880 433 1917 487 l.
1954 432 2425 503 iurisperitorum.

240 514 360 583 pvb.
413 512 598 585 aperti
627 517 773 567 sunt.
837 512 991 583 quasi
1011 510 1199 578 fontes.
1250 526 1308 578 p.
1344 509 1529 563 ‘iuris‘
1566 508 1700 563 incl.
1743 527 1895 563 nexo.
1931 509 1972 563 l.
2006 526 2175 565 nexu.
2201 513 2223 581 ΙΙ
2246 506 2307 585 6,
2336 518 2421 566 29.

239 591 418 645 fontes
447 588 626 660 quasi.
682 590 740 641 in
769 588 1090 641 orationibus
1115 586 1250 640 incl.
1279 587 1300 654 fl
1345 604 1479 657 quae
1496 588 1615 639 sint.
1634 585 1673 654 l,
1688 582 1783 639 Or.
1814 580 1961 657 quae
1982 592 2130 640 sunt.
2158 606 2427 645 commune

224 662 334 739 -38,
355 672 468 721 132.
493 667 608 719 t'sto.
629 662 690 719 G.
711 680 798 719 eo.
826 681 957 717 eam.
977 664 1112 734 pvb.
1140 664 1308 717 hanc.
1343 673 1436 717 est.
1472 664 1508 715 l.
1538 661 1597 734 (a
1615 661 1869 717 secunda
1886 664 2081 734 manu)
2112 666 2423 719 commune.

239 744 476 811 defendet.
503 740 592 796 fo:
619 740 896 795 ostendet.
972 745 1086 795 133.
1106 742 1305 795 vitiosa.
1338 740 1593 810 pecuniae
1612 748 1953 793 mortuorum.
1998 739 2038 794 l.
2083 745 2427 795 mortuorum

237 837 290 890 p.
307 818 456 874 vitia.
484 819 702 873 sensisse
717 819 960 887 scriptor.
975 834 1034 886 p.
1065 815 1309 885 scriptor
1343 816 1641 887 pecuniae.
1661 814 2269 871 diiuncta.l.disiuncta.
2294 818 2315 887 ss
2342 824 2426 872 30.

239 896 492 951 sensisse.
528 896 549 965 ΙΙ
588 900 703 949 134.
739 895 889 947 aliud
913 894 1142 947 voluisse
1175 893 1308 947 incl.
1345 892 1879 948 umeriS.l.hume1-is.
1906 896 1925 964 u
1952 900 2033 948 31.
2052 896 2263 963 appello
2274 895 2430 967 quod.

238 971 434 1046 (‘aliud
463 970 735 1027 sensisse’
777 969 910 1023 incl.
949 968 1200 1041 Schiitrn)
1255 988 1311 1023 se
1347 969 1556 1041 laedef.
1588 971 1817 1041 appello
1840 969 2133 1040 quam.bE
2146 968 2243 1025 Or.
2272 988 2430 1041 prae-

234 1052 366 1104 dicat
383 1065 490 1104 scr.
517 1048 659 1101 dicit
676 1062 755 1101 se.
797 1046 1028 1118 (‘dicit’.
1055 1046 1136 1118 p.)
1161 1048 1181 1117 ΙΙ
1207 1042 1309 1116 39,
1346 1056 1511 1117 cepta.
1540 1053 1675 1101 ante
1694 1052 1985 1117 percepta.
2006 1048 2152 1103 laed.
2188 1048 2279 1103 fo:
2308 1050 2431 1101 ‘an-

239 1132 347 1181 136.
373 1136 421 1179 et
439 1126 720 1178 voluntate.
747 1140 806 1192 p.
834 1122 1258 1193 voluntateque.
1281 1124 1302 1192 ss
1349 1124 1609 1193 teeepta’.
1628 1126 1875 1193 cuiusque
1885 1126 1979 1177 rei.
1998 1123 2226 1179 Schiitz.
2246 1122 2436 1177 euius-¹

239 1205 349 1255 138.
359 1202 740 1272 praecepimus.
757 1216 812 1269 p.
832 1204 1144 1269 praecepta
1161 1204 1308 1253 sunt.
1347 1216 1476 1269 que.
1494 1199 2433 1271 sormaesuntiqitur.ladBV,Valla.

216 1272 393 1350 ι1140,
434 1281 548 1330 139.
596 1276 686 1331 tibi
710 1293 886 1329 omnes
911 1286 1050 1329 sunt.
1085 1292 1142 1345 p.
1181 1281 1312 1329 sunt
1347 1276 1565 1332 formae
1584 1276 1758 1345 igitur
1788 1282 1935 1331 sunt.
1972 1278 2099 1348 boe,
2112 1277 2177 1331 E.
2212 1277 2433 1331 formae

229 1350 336 1409 ‘tibi
353 1369 566 1409 omnes.
593 1352 614 1424 ΙΙ
642 1358 756 1406 140.
792 1355 918 1407 haec
942 1353 1074 1422 ipsa.
1113 1350 1176 1421 O,
1207 1350 1308 1405 Or.
1349 1358 1497 1405 sunt.
1516 1352 1558 1405 f.
1589 1351 1813 1421 ‘igitur’
1833 1353 1961 1408 incl.
1983 1352 2075 1409 Or.
2104 1356 2124 1425 ΙΙ
2150 1360 2239 1409 32.
2260 1364 2432 1408 trans-

233 1446 304 1485 ea.
319 1430 460 1499 ipsa.
653 1472 660 1477 .
1351 1430 1557 1481 latione.
1579 1429 1693 1482 lab.
1722 1446 1827 1500 per
1842 1430 2286 1485 translationem.
2316 1448 2435 1483 cum

358 1546 436 1600 Μ·
1349 1506 1547 1641 {urs
1559 1502 2166 1652 32..⁰;·.f²3·.¹1¹‚332⁶.53·
2175 1506 2435 1654 3331

235 1622 340 1677 AD
386 1621 448 1678 Ο
496 1622 960 1679 TREBATIUM
1006 1620 1312 1677 TOPICA·
1350 1623 1534 1711 te’rum
1561 1658 1875 1713 membrum
1892 1658 2117 1713 videtur
2133 1659 2433 1727 excidisse,

305 1730 361 1808 1,
382 1738 430 1787 2.
461 1750 618 1805 quam
637 1751 770 1787 cum.
790 1732 920 1787 labf
924 1732 1044 1789 BV.
1075 1750 1313 1805 eumque
1350 1732 1545 1805 itaque
1572 1739 1707 1804 post
1734 1734 2077 1805 ‘relinquas’
2112 1736 2321 1791 lacuna
2346 1740 2439 1789 est

236 1806 358 1865 tibi.
385 1812 766 1881 perveniretur.
801 1810 839 1862 l.
875 1810 1314 1880 perveniremus.
1351 1812 1590 1883 notata.)
1618 1813 1639 1881 ΙΙ
1665 1818 1746 1865 35.
1778 1814 2065 1881 appellant.
2094 1812 2131 1866 l.
2158 1816 2382 1865 vocant.
2408 1812 2431 1879 11

230 1890 506 1943 inventam.
526 1888 563 1941 l.
587 1886 838 1941 inventa.
863 1895 920 1938 ut
938 1888 1029 1940 tibi
1041 1889 1157 1941 illa.
1177 1887 1314 1942 ldef.
1353 1894 1435 1941 36.
1457 1888 2054 1942 liminium.l.liminium
2072 1888 2234 1942 illud.
2258 1888 2438 1942 ‘illud’

235 1969 298 2017 ut
316 1963 436 2017 tibi.
475 1964 601 2017 aK.
638 1968 702 2017 ut
727 1962 834 2017 tibi
863 1962 1034 2032 [illa].
1071 1963 1165 2019 Or.
1208 1964 1318 2035 (‘ut
1351 1964 1483 2019 inel.
1503 1974 1551 2018 et
1568 1982 1676 2017 non
1688 1965 2435 2035 plus.l.nonplus.aeditumo

231 2040 339 2115 tibi
374 2040 572 2094 illam’.
609 2037 751 2109 NE.)
796 2040 816 2107 ΙΙ
861 2044 908 2091 3.
955 2042 1240 2110 iqnoretur.
1277 2041 1314 2093 1.
1349 2051 1651 2096 -tumum
1672 2041 1709 2095 l.
1738 2041 1933 2112 itaque
1952 2039 2053 2095 hic
2074 2042 2344 2113 finituma,
2364 2044 2439 2095 le-

233 2116 606 2185 ignoraretur.
633 2118 654 2185 ΙΙ
681 2122 729 2171 5.
767 2116 891 2169 mihi
903 2117 970 2170 id.
1001 2117 1041 2171 l.
1077 2116 1138 2170 id
1159 2115 1313 2171 mihi.
1348 2117 1573 2187 qitumo’
1609 2134 1715 2172 sor.
1748 2120 1769 2187 ΙΙ
1806 2124 1887 2171 37.
1933 2136 1996 2172 ea
2024 2136 2141 2171 cum
2175 2119 2437 2172 redierint.

242 2194 262 2261 ΙΙ
287 2188 346 2264 2,
367 2198 416 2245 6.
447 2203 601 2248 artes.
621 2193 661 2246 l.
691 2196 902 2261 partes.
932 2209 1164 2264 quaeque
1183 2194 1319 2247 etad
1355 2189 1448 2247 IN.
1504 2194 1542 2266 (‘
1555 2199 1614 2247 et
1648 2211 1719 2249 ea
1754 2210 1880 2248 cum
1915 2195 2051 2249 red.’
2105 2195 2253 2249 abde
2272 2194 2437 2251 BGr.

233 2284 400 2322 usum.
437 2268 476 2322 l.
516 2269 556 2342 (ι
569 2284 830 2340 quaeque
859 2269 935 2323 ad
952 2270 1154 2324 usum'.
1191 2269 1221 2324 f
1226 2268 1318 2340 E.)
1356 2268 1509 2324 ‘hine
1530 2286 1655 2325 eum
1672 2270 1967 2344 red.'f9V.)
1988 2289 2113 2327 cum
2132 2270 2252 2326 red.
2266 2269 2437 2326 Or.K.

235 2359 386 2413 quae
397 2345 472 2398 ad
481 2361 662 2398 usum.
687 2348 708 2415 ΙΙ
732 2350 782 2399 8.
801 2349 1072 2401 rationem.
1085 2346 1249 2401 ladef
1253 2345 1317 2399 E.
1354 2347 1627 2415 ᾀρςςῃᾲᾳιῃ
1642 2367 1749 2400 non
1767 2367 1891 2402 esse.
1910 2349 2203 2420 (notatain
2215 2347 2435 2420 rasura.)

234 2417 572 2473 orationem.
617 2419 637 2490 [Ι
678 2427 726 2474 9.
789 2423 956 2493 quasi
1006 2424 1321 2478 involutum
1353 2423 1391 2476 1.
1411 2422 1499 2477 fo:
1528 2423 1799 2477 ‘deditum
1820 2424 2121 2478 dicendum
2137 2441 2255 2477 non
2274 2425 2437 2479 esse'.

232 2494 533 2550 evolvitur.
595 2494 634 2549 l.
689 2494 776 2550 fo:
834 2515 947 2569 qua
973 2497 1138 2572 quasi
1163 2498 1320 2552 invo-
1412 2495 1469 2569 9,
1483 2503 1565 2554 38.
1590 2499 1786 2554 Graeci
1802 2499 1985 2554 om.C.
2007 2499 2139 2553 incl.
2166 2501 2185 2568 ΙΙ
2212 2506 2295 2552 39.
2314 2519 2441 2570 quo-

235 2571 420 2625 lutum
447 2571 739 2636 evolvitur.
767 2575 787 2642 fl
816 2581 895 2626 10.
923 2575 987 2628 L.
1007 2577 1190 2628 Aelius
1215 2590 1320 2627 ser.
1358 2593 1475 2628 rum
1488 2573 1901 2642 alterum.C,Or.
1926 2591 2163 2646 quarum
2182 2575 2441 2628 alterum.

235 2647 517 2718 (⁴laelius'
553 2647 616 2719 l.)
642 2647 857 2703 Aelius.
893 2652 960 2703 ab
987 2667 1108 2704 aere
1131 2651 1322 2702 dando.
1368 2655 1389 2722 ss
1420 2647 1517 2720 10,
1546 2657 1629 2706 43.
1668 2653 1927 2704 arcendae
1954 2653 2163 2720 adicere
2190 2651 2441 2704 arbitrum

231 2719 300 2790 G,
324 2721 420 2775 Or.
449 2724 524 2777 ab
545 2741 676 2780 asse
697 2726 904 2780 dando.
929 2729 950 2794 11
975 2721 1034 2797 3,
1074 2733 1154 2779 11.
1193 2743 1326 2798 quae
1359 2747 1467 2782 non
1481 2728 1666 2796 possis.
1694 2727 1733 2779 l.
1760 2742 1873 2780 arc.
1894 2727 1985 2780 ad.
2004 2742 2119 2778 non
2138 2725 2326 2794 possis
2352 2743 2441 2780 ar·

229 2807 358 2852 sunt
383 2801 609 2870 quodam
635 2803 788 2855 modo
806 2802 1058 2871 adfectae.
1095 2803 1132 2858 l.
1177 2819 1325 2874 quae
1361 2803 1587 2858 bitrum.
1612 2804 1633 2872 ΙΙ
1658 2807 1740 2854 44.
1780 2804 1872 2873 qui
1896 2811 2191 2855 testamento
2210 2803 2285 2854 sic
2299 2803 2445 2856 here-

231 2875 490 2946 quodam
525 2878 696 2933 modo
733 2877 974 2936 affectae
1004 2884 1150 2934 sunt.
1185 2882 1204 2949 ΙΙ
1245 2885 1325 2932 14.
1361 2883 1451 2934 des
1474 2879 1794 2946 instituisset,
1838 2887 1897 2931 ut
1920 2880 1982 2932 si.
2028 2876 2091 2931 C.
2146 2876 2243 2948 qui
2270 2881 2442 2932 testa-

227 2954 284 3005 si
298 2953 351 3005 ei
365 2953 496 3008 viro.
524 2952 586 3010 O.
605 2962 845 3026 praeter
862 2956 904 3012 f.
934 2954 1030 3012 Or.
1069 2956 1116 3010 si
1136 2955 1190 3011 ei
1205 2956 1323 3011 viro
1363 2962 1553 3012 mento
1586 2955 1669 3010 sie
1696 2954 1937 3010 heredes
1966 2953 2213 3008 instituti
2244 2953 2307 3008 si.
2346 2951 2441 3008 Or.

230 3045 398 3082 uxor.
447 3049 613 3100 genus
637 3041 712 3087 est
737 3052 890 3090 uxor.
934 3035 972 3089 l.
1016 3032 1322 3091 Victoriae.
1361 3034 1436 3089 Κ.
1473 3034 1755 3088 obtinerent
1774 3049 1884 3086 scr.
1924 3031 2240 3103 (‘heredem
2262 3060 2321 3072 -
2346 3031 2447 3084 ob-

227 3123 423 3176 genus
451 3109 600 3163 enim
627 3116 720 3165 est
744 3127 904 3166 uxor.
932 3109 1162 3180 (‘enim’
1190 3109 1324 3164 incl.
1361 3110 1612 3166 tineret’.
1639 3107 1968 3180 Manutius.)
1992 3107 2389 3163 obtinuissent.
2417 3109 2437 3177 ΙΙ

231 3181 364 3257 Or.)
391 3185 412 3256 fl
435 3180 504 3259 4,
552 3193 634 3242 18.
670 3190 938 3258 praetoris
973 3205 1084 3243 om.
1114 3187 1150 3242 1.
1189 3185 1322 3242 incl.
1359 3196 1445 3243 45.
1480 3189 1677 3241 mortui
1708 3203 1817 3242 om.
1854 3187 1969 3258 lab,
2006 3185 2139 3240 incl.
2166 3187 2185 3255 ΙΙ
2214 3181 2322 3256 11,
2358 3189 2444 3237 49.

225 3263 552 3334 adiunqetur
596 3281 703 3320 scr.
759 3265 1246 3338 (‘adiungeretur’
1295 3265 1324 3318 J
1359 3266 1607 3335 neyantia
1624 3261 1966 3335 ἀποφατικά.
2000 3263 2018 3316 1
2060 3261 2347 3334 negantia.
2376 3277 2449 3317 ea

229 3339 366 3410 sic.)
397 3340 744 3410 adiungitur.
777 3361 1083 3412 puerorum.
1112 3345 1149 3397 1.
1186 3359 1322 3413 pue·
1359 3341 1701 3413 ἀποφατικά.
1762 3340 1980 3395 Graece.
2017 3339 2104 3394 12f.
2152 3339 2281 3395 edd.
2300 3337 2445 3393 Ven.

228 3415 508 3468 rulorum.
535 3418 556 3485 {l
581 3422 664 3469 21.
686 3427 905 3488 puqnat.
933 3418 996 3474 If.
1023 3424 1322 3489 repugnat.
1364 3416 1763 3474 Med.Ascens.
1778 3417 2003 3472 Graeci.
2024 3417 2293 3470 contraria
2306 3415 2448 3466 aien-
2527 3457 2533 3469 .

241 3493 266 3560 11
295 3495 384 3543 22.
410 3491 646 3558 parietis
665 3509 774 3547 om.
801 3493 966 3563 letus.
987 3494 1120 3549 incl.
1142 3497 1323 3564 possit.
1361 3497 1507 3550 tibus.
1528 3493 1589 3549 O.
1610 3494 2002 3566 (‘agentibus’.
2020 3492 2081 3565 l.)
2103 3508 2135 3546 e
2156 3488 2442 3544 contrario

231 3565 303 3620 lf.
340 3571 558 3636 posset.
583 3570 604 3636 ΙΙ
629 3573 712 3622 23.
748 3571 858 3622 eius
873 3573 1029 3625 modi.
1059 3569 1120 3624 O.
1158 3570 1324 3624 huius
1360 3571 1663 3626 aientibus.
1709 3567 1831 3626 BV.
1870 3569 2053 3624 Oxon.
2100 3585 2164 3640 ψ,
2186 3565 2281 3621 Or.
2319 3565 2395 3618 K.
2422 3566 2442 3634 ΙΙ

227 3642 416 3698 modi.
453 3661 518 3697 ne
535 3661 677 3714 aqua
695 3647 912 3716 quidem.
939 3645 1190 3715 Madvig.
1218 3661 1326 3700 nee
1361 3655 1445 3702 50.
1468 3647 1733 3718 praetoris,
1751 3643 2117 3713 om.labcf,E.
2136 3641 2269 3695 incl.
2294 3643 2315 3710 ΙΙ
2342 3635 2445 3712 12,

229 3737 414 3792 aqua.
467 3722 868 3792 auctoritasque.
913 3724 952 3780 1.
997 3721 1322 3778 auctoritas.
1362 3729 1444 3778 51.
1482 3726 1554 3777 ad
1577 3727 1675 3777 ius.
1711 3719 1775 3777 0.
1796 3763 1800 3767 ·
1823 3723 1898 3776 ad
1924 3738 2050 3776 nos.
2082 3718 2343 3774 Lambin.
2372 3734 2444 3772 ex

224 3807 282 3850 et
301 3805 445 3851 sunt.
490 3796 580 3851 fo:
617 3800 710 3852 ‘ut
734 3799 934 3870 sint’.‘n
959 3793 1016 3871 5,
1044 3805 1127 3854 27.
1164 3801 1322 3854 vobis.
1359 3800 1479 3857 BV.
1522 3802 1573 3854 si
1606 3797 1731 3870 quid
1762 3801 1838 3852 ad
1878 3816 1993 3852 eum
2029 3796 2145 3868 quis
2180 3795 2301 3848 tale.
2347 3792 2449 3848 laf.

228 3874 314 3942 la,
337 3871 436 3928 Or.
463 3874 652 3931 nobis.
689 3877 942 3946 impressa
959 3877 1322 3946 intelleqentia.
1359 3877 1409 3931 si
1428 3877 1556 3949 quis
1576 3877 1650 3931 ad
1671 3893 1798 3931 eum
1818 3875 1957 3946 quid
1985 3873 2119 3928 tale.
2150 3869 2375 3942 putabis.
2406 3869 2446 3925 l.

222 3949 297 4002 O.
337 3950 500 4021 impr.
533 3952 591 4006 in
620 3953 798 4008 intell.
847 3953 956 4007 ‘in’
982 3953 1116 4007 incl.
1160 3955 1320 4022 expli·
1359 3954 1597 4026 putaris.
1622 3955 1643 4023 ΙΙ
1669 3959 1753 4008 52.
1788 3954 2093 4006 convivium.
2130 3950 2218 4004 fo:
2255 3945 2447 4003 eonvi-

223 4027 417 4079 ccmda
432 4037 567 4084 sunt.
586 4029 877 4100 la²‚Valla,
889 4031 956 4084 E.
985 4029 1324 4100 explicanda
1359 4033 1517 4086 tium.
1563 4041 1833 4100 ceteraque
1863 4047 2009 4099 quae.
2048 4027 2111 4097 lf,
2127 4028 2191 4083 Ε.
2238 4032 2443 4092 cetera,

223 4107 344 4157 est.
371 4105 394 4174 Η
419 4109 503 4161 28.
532 4107 670 4162 dicat
687 4109 768 4162 ius
787 4109 950 4162 civile.
981 4109 1016 4161 l.
1049 4107 1135 4161 ius
1155 4107 1320 4161 civile
1361 4124 1521 4180 quae.
1556 4109 1771 4178 possint.
1800 4107 1836 4161 l.
1874 4113 2130 4178 possunt.
2158 4107 2179 4177 ΙΙ
2208 4099 2317 4177 13,
2356 4107 2448 4156 55.
