2784 4575
346 1876 411 1928 54

455 218 582 283 100
946 225 1368 283 CORNIFICII
1402 223 2023 282 RHETORICORUM

452 366 611 432 tem,
677 374 837 436 quae
889 374 1019 416 non
1071 361 1232 429 erat,
1295 349 1545 437 peperi,
1608 371 1725 416 vos
1777 358 2027 436 partam
2081 369 2334 413 servare
2386 372 2523 415 non

459 452 671 524 tadu&
739 469 856 533 ego
910 445 1134 531 capitis
1186 445 1314 510 mei
1372 444 1653 532 periculo
1713 443 1984 529 patriam
2042 441 2335 519 liberavi,
2398 465 2521 508 vos

455 544 631 608 lillasri
699 544 834 606 sine
894 539 1176 627 periculo
1239 561 1384 605 esse
1434 561 1564 603 non
1617 537 1915 604 curatis?'
1976 536 2138 602 haec
2189 536 2524 604 exornatio

455 640 515 700 in
563 640 759 724 pluris
803 658 907 701 res
937 632 1044 721 [in
1077 645 1286 700 mutas
1333 643 1525 717 atque
1567 630 1909 720 inanimae]
1950 630 2355 711 transfertur,
2402 632 2523 697 sed

455 736 699 820 [nafis-it
751 729 1093 816 plurimum
1135 729 1204 793 in
1258 726 1763 813 amplificationis
1815 726 2103 814 partibus
2150 737 2216 792 et
2257 726 2522 792 commi-

459 828 807 892 seratismis.

579 918 972 1004 Significatio
1017 927 1118 981 est
1149 939 1282 994 res,
1337 938 1501 1001 quae
1542 916 1687 1004 plus
1725 916 1792 981 in
1829 915 2178 1002 suspitione
2220 915 2517 999 relinquit

455 1040 643 1100 quam
699 1013 975 1100 positum
1027 1021 1128 1076 est
1166 1010 1234 1074 in
1287 1011 1590 1076 oratione.
1679 1034 1755 1076 ea
1796 1011 1870 1075 fit
1917 1033 2034 1097 per
2085 1010 2518 1097 exsuperatio-

455 1136 627 1184 nen-1,
671 1107 1058 1193 ambiguum,
1097 1105 1643 1190 consequentiam,
1682 1104 2123 1182 abscisionem,
2162 1103 2519 1170 similitudi-

455 1228 627 1264 mm:
687 1224 799 1284 per
842 1199 1421 1287 exsuperationem,
1477 1222 1623 1265 cum
1663 1199 1809 1286 plus
1854 1209 1956 1264 est
2006 1199 2269 1278 dictum,
2325 1221 2517 1284 quam

455 1300 687 1381 patitur
723 1295 984 1374 veritas,
1031 1294 1361 1382 augendae
1408 1294 1775 1383 suspitionis
1820 1315 2042 1372 causa,
2090 1294 2209 1359 sic:
2266 1293 2399 1359 ‘hic
2433 1293 2516 1359 de

455 1404 627 1456 taum
667 1389 1040 1476 patrimonio
1077 1400 1210 1455 tam
1252 1390 1376 1456 cito
1424 1401 1686 1468 testum,
1742 1410 1867 1473 quo
1905 1389 2026 1454 sibi
2059 1399 2237 1476 petat
2276 1389 2517 1476 ignem,

455 1512 579 1548 nrm
635 1486 922 1572 rceliquit?
1027 1508 1144 1572 per
1198 1485 1596 1572 ambiguum,
1662 1505 1809 1549 cum
1859 1485 2125 1550 verbum
2183 1494 2398 1570 potest
2447 1484 2518 1550 in

455 1584 611 1644 [luas
667 1581 945 1668 }·}lurisve
1010 1580 1356 1646 sententias
1422 1579 1651 1666 accipi,
1718 1579 1835 1648 sed
1896 1579 2200 1665 accipitur
2252 1578 2321 1643 in
2373 1601 2518 1645 eam

451 1692 723 1760 pnrfffln,
778 1698 971 1760 quam
1004 1673 1138 1740 volt
1172 1674 1258 1751 is,
1314 1674 1424 1757 qui
1459 1673 1646 1738 dixit:
1699 1683 1774 1737 ut
1815 1673 1896 1738 de
1942 1695 2017 1738 eo
2056 1673 2110 1737 si
2145 1672 2351 1750 dicas,
2406 1676 2516 1758 qui

451 1772 679 1832 mulum
735 1770 1118 1835 hereditates
1173 1768 1424 1832 adierit:
1489 1768 1808 1855 ‘prospice
1860 1778 1959 1845 tu,
2015 1767 2123 1852 qui
2171 1768 2523 1854 plurimum,

455 1864 699 1928 uernis?
789 1863 1092 1949 ambigua
1134 1883 1324 1944 quem
1369 1860 1452 1925 ad
1494 1861 1756 1927 modum
1807 1861 2067 1926 vitanda
2120 1871 2294 1939 sunt,
2350 1884 2517 1946 quae

451 1960 788 2020 obscuram
847 1956 1124 2021 reddunt
1184 1955 1560 2033 orationem,
1621 1955 1776 2021 item
1826 1955 1987 2021 haec
2046 1957 2517 2041 consequenda,

451 2076 611 2132 quau
655 2049 992 2115 conficiunt
1025 2049 1212 2114 huius
1249 2050 1423 2115 modi
1460 2050 2005 2137 significationem.
2086 2073 2163 2117 ea
2194 2052 2516 2138 reperien-

455 2160 551 2208 mr
591 2146 804 2222 fau-ils,
861 2144 917 2208 si
960 2143 1322 2210 noverimus
1359 2156 1426 2210 et
1462 2146 1740 2210 animum
1786 2144 2241 2211 adverterimus
2286 2147 2517 2212 verbo-

451 2264 591 2300 rum
631 2237 933 2325 ancipites
971 2249 1083 2304 aut
1115 2238 1482 2325 multiplicis
1518 2250 1890 2328 potestates·
1968 2262 2085 2327 per
2120 2262 2517 2325 consequen-

455 2332 603 2396 tiam
651 2333 1024 2420 significatio
1070 2344 1195 2412 est,
1250 2355 1398 2398 cum
1448 2358 1581 2414 res,
1636 2358 1798 2420 quae
1844 2346 2194 2419 sequuntur
2238 2336 2517 2419 aliquam

451 2427 611 2501 ram}
671 2428 986 2506 dicuntur,
1042 2450 1124 2493 ex
1167 2428 1397 2512 quibus
1443 2439 1579 2496 tota
1618 2452 1722 2495 res
1778 2428 2152 2514 relinquitur
2194 2430 2263 2495 in
2306 2431 2519 2517 suspi-

451 2525 643 2601 timis}¹
703 2537 775 2589 ut
809 2523 863 2588 si
910 2523 1373 2589 salsamentarii
1414 2524 1546 2590 filio
1591 2524 1796 2589 dicas:
1852 2524 2137 2607 ‘quiesce
2180 2535 2277 2603 tu,
2332 2524 2516 2591 cuius

447 2633 627 2701 pfflur
675 2617 901 2683 uubitis
957 2617 1216 2704 emungi
1270 2617 1572 2696 solebat-3³
1626 2641 1742 2705 per
1795 2618 2211 2696 abcisionem,
2269 2618 2325 2685 si
2368 2640 2519 2684 cum

447 2713 779 2797 insipunus
820 2710 1058 2796 aliquid
1093 2710 1330 2789 dicere,
1365 2712 1790 2799 praecidimus
1828 2723 1893 2777 et
1927 2736 2009 2777 ex
2044 2735 2141 2790 ec,
2180 2709 2353 2796 quod
2384 2712 2519 2777 iam

451 2809 747 2881 diximus,
785 2806 940 2870 satis
974 2804 1350 2890 relinquitur
1386 2806 1777 2894 suspitionis,
1816 2806 1937 2871 sic:
1977 2806 2114 2890 ‘qui
2148 2807 2275 2871 ista
2308 2807 2521 2873 forma

451 2913 507 2961 ut
551 2913 755 2961 n.[=,t.:1,.ts
789 2921 992 2985 nuper
1027 2899 1269 2966 alienae
1306 2901 1479 2967 domi
1515 2950 1532 2967 .
1570 2950 1587 2967 .
1627 2950 1643 2965 .
1680 2900 1829 2968 nolo
1863 2900 2049 2987 plura
2083 2899 2352 2979 dicere3'
2399 2924 2521 2987 per

451 2993 951 3071 siz-militudinem,
1007 3016 1154 3060 cum
1188 2996 1402 3079 aliqua
1432 3018 1504 3061 re
1541 2996 1732 3061 simili
1784 2995 1997 3060 adlata
2038 2994 2197 3059 nihil
2241 2994 2515 3081 amplius

451 3089 739 3165 diuinum,
777 3088 893 3152 sed
927 3111 1004 3154 ea
1041 3089 1492 3177 significamus,
1532 3089 1685 3174 quid
1721 3090 2099 3169 sentiamus,
2136 3089 2259 3154 hoc
2290 3088 2517 3155 modo:

451 3181 635 3257 ‘mlh
699 3181 1064 3262 Saturnine,
1117 3185 1384 3250 nimium
1426 3184 1648 3272 populi
1690 3184 2049 3268 frequentia
2090 3184 2292 3249 ftetus
2339 3206 2520 3249 esse:

447 3277 628 3337 inulti
667 3277 873 3341 {nuent
909 3276 1204 3344 Gracchi.
1207 3278 1224 3308 '
1314 3279 1475 3345 haec
1511 3278 1838 3346 exornatio
1882 3277 2225 3390 plurimum
2269 3277 2522 3342 festivi-

451 3373 595 3433 tatis
643 3373 679 3433 l1
687 3373 857 3451 abet,
912 3373 1230 3438 interdum
1273 3384 1339 3439 et
1385 3373 1742 3461 dignitatis.
1798 3373 1949 3438 sinit
1991 3373 2159 3438 enim
2211 3372 2518 3457 quiddam

447 3469 635 3529 tac-im
675 3478 921 3533 oratore
954 3468 1098 3553 ipso
1135 3468 1489 3534 auditorem
1526 3468 1855 3555 suspicari.

567 3565 862 3627 Bmvitas
899 3573 999 3627 est
1031 3584 1135 3626 res
1171 3562 1329 3649 ipsis
1366 3572 1614 3628 tantum
1647 3563 1839 3628 modo
1884 3562 2097 3627 verbis
2133 3561 2517 3627 necessariis

451 3657 771 3741 urps-dita,
826 3655 949 3721 hoc
1000 3655 1221 3721 modo:
1278 3657 1629 3723 ‘Lemnum
1672 3657 2061 3743 praeteriens
2114 3656 2311 3743 cepit,
2364 3655 2518 3721 inde

447 3749 639 3813 'Thasi
701 3749 1086 3837 praesidium
1143 3748 1425 3833 reliquit,
1488 3763 1638 3837 post
1693 3747 1974 3837 [urbem]
2030 3749 2515 3835 Lysimachiam

451 3845 731 3921 sustulit,
791 3843 940 3907 inde
991 3864 1287 3908 reversus
1339 3843 1409 3907 in
1460 3846 1954 3932 Hellespontum
2010 3844 2244 3909 statim'
2273 3842 2518 3929 potitur

447 3937 723 4021 Ahffdztn'
794 3937 979 4001 item:
1019 3937 1236 4001 ‘modo
1271 3942 1305 4019 †
1341 3939 1564 4002 consul
1599 3939 1875 4023 quodam
1908 3939 1963 4001 is
2002 3938 2231 4001 deinde
2264 3935 2511 4022 primus

447 4049 579 4093 urz-rt
619 4029 907 4094 cit-itatis.
998 4041 1132 4094 tum
1166 4030 1585 4115 proficiscitur
1627 4034 1695 4098 in
1729 4033 1987 4105 Asiam,
2042 4032 2268 4097 deinde
2304 4029 2513 4095 hostis
