2784 4575
946 245 1258 306 BRUTUS
1296 247 1603 302 lis-124„
2175 232 2304 300 223

244 383 466 441 essent
497 371 791 459 petenda,
826 369 1397 458 Peripateticorum
1429 367 1731 434 institutis
1760 369 2151 436 commodius
2185 370 2305 436 fin-

45 482 48 487 ’
135 505 142 510 ·
171 513 178 518 -
249 480 505 555 geretur
539 465 759 546 oratio.
847 487 974 550 quo
1007 463 1214 550 magis
1252 475 1451 542 tuum,
1486 463 1709 541 Brute,
1743 461 2045 530 iudicium
2077 463 2297 550 probo,
2337 487 2417 528 120

245 561 360 646 qui
393 583 613 627 eorum
650 537 748 647 [id
780 570 916 638 est,
961 579 1044 624 ex
1077 567 1290 623 vetere
1323 553 1738 644 Academia,]
1784 555 2308 668 philosophorum

249 667 493 721 sectam
545 665 800 721 secutus
846 676 947 733 es,
1001 675 1274 738 quorum
1304 652 1372 718 in
1408 651 1693 718 doctrina
1728 662 1917 737 atque
1950 651 2305 739 praeceptis

246 748 605 816 disserendi
635 748 798 816 ratio
833 746 1234 834 coniungitur
1275 768 1422 814 cum
1464 746 1773 814 suavitate
1818 745 2070 812 dicendi
2103 757 2169 813 et
2201 767 2309 814 co·

248 844 386 932 pia3
431 864 818 930 quamquam
851 865 930 909 ea
971 841 1114 930 ipsa
1145 839 1714 928 Peripateticorum
1744 839 2308 908 Academicorum-

245 958 375 1021 que
411 937 804 1004 consuetudo
837 935 1080 1002 ratiove
1117 935 1368 1001 dioendi
1404 935 1549 1002 talis
1585 945 1713 1014 est,
1747 945 1822 1002 ut
1854 956 1974 1001 nec
2005 934 2305 1022 perficere

251 1043 569 1099 oratorem
619 1030 827 1120 possit
875 1030 1019 1118 ipsa
1066 1053 1182 1118 per
1235 1052 1378 1096 sese
1432 1050 1551 1096 nec
1604 1029 1741 1096 sine
1784 1051 1861 1096 ea
1911 1039 2121 1096 orator
2164 1049 2307 1094 esse

247 1126 600 1213 perfectus3
635 1148 786 1192 nam
818 1137 890 1192 ut
915 1122 1277 1192 Stoicorum
1311 1124 1623 1191 astrictior
1658 1133 1758 1189 est
1790 1122 1990 1190 oratio
2026 1121 2310 1208 aliquan-

248 1232 442 1304 toque
479 1219 876 1326 contractior,
927 1239 1120 1304 quam
1156 1241 1340 1284 aures
1382 1216 1603 1305 populi
1644 1216 1998 1301 requirunt,
2044 1215 2137 1282 sic
2170 1215 2309 1281 illo-

249 1336 395 1379 rum
426 1313 682 1379 liberior
723 1322 790 1379 et
789 1287 1044 1423 latior,
1097 1332 1290 1397 quam
1331 1311 1569 1399 patitur
1613 1310 2002 1378 consuetudo
2044 1308 2307 1376 iudicio-

247 1429 395 1472 rum
429 1417 491 1472 et
526 1406 668 1473 fori.
755 1405 896 1491 quis
933 1405 1103 1472 enim
1136 1404 1450 1472 uberior
1430 1429 1499 1470 ιιι
1540 1403 1808 1470 dicendo
1839 1404 2148 1471 Platone?
2198 1403 2307 1470 Io·
2340 1429 2419 1470 ιιι

252 1523 401 1566 vem
435 1500 528 1565 sic
564 1499 738 1566 aiunt
771 1498 1154 1587 philosophi,
1193 1499 1249 1564 si
1277 1497 1525 1565 Graece
1559 1498 1871 1582 loquatur,
1908 1496 2100 1582 loqui.
2162 1497 2306 1582 quis

249 1592 603 1660 Aristotele
655 1592 1014 1671 nervosior,
1077 1591 1523 1679 Theophrasto
1584 1590 1863 1658 dulcior?
1922 1590 2307 1656 lectitavisse

249 1688 590 1754 Platonem
624 1687 928 1764 studiose,
965 1686 1286 1752 audivisse
1322 1686 1515 1751 etiam
1540 1685 2013 1751 Demosthenes
2051 1684 2308 1749 diciturz

251 1781 446 1866 idque
499 1793 763 1869 apparet
806 1804 887 1848 ex
937 1802 1171 1868 genere
1213 1791 1281 1846 et
1329 1780 1687 1866 granditate
1738 1781 2103 1857 verborum3
2159 1778 2311 1843 dicit

241 1875 445 1944 «etiam
477 1875 545 1940 in
569 1876 856 1961 ,quadam
889 1874 1158 1963 epistula
1191 1874 1312 1941 hoc
1345 1874 1485 1961 ipse
1524 1874 1603 1940 de
1639 1895 1801 1939 sese.
1874 1873 1991 1939 sed
2024 1885 2087 1939 et
2121 1872 2307 1938 huius

253 1968 452 2036 oratio
487 1969 555 2034 in
589 1967 1056 2078 philosophiam
1091 1966 1398 2034 translata
1432 1966 1807 2054 pugnacior,
1853 1977 1927 2031 ut
1958 1966 2048 2032 ita
2082 1966 2308 2044 dicam,

251 2062 544 2131 videatur
578 2073 643 2129 et
673 2061 976 2130 illorum
957 2086 1026 2127 ιιι
1058 2060 1291 2128 iudicia
1322 2061 1624 2148 pacatior.

372 2157 560 2223 Nunc
592 2155 978 2241 reliquorum
1013 2166 1332 2222 oratorum
1368 2165 1639 2231 aetates,
1696 2153 1752 2220 si
1784 2153 2021 2241 placet,
2066 2164 2131 2219 et
2164 2175 2311 2241 gra-
2320 2148 2425 2262 3222

251 2249 375 2317 dus
409 2269 884 2338 persequamur.
886 2249 903 2279 '
977 2249 1189 2318 ‘nobis
1225 2271 1407 2327 ver0,
1411 2247 1669 2335 ’inquit
1700 2248 1955 2315 Atticus
1994 2253 2087 2314 ‘et
2120 2247 2311 2315 vehe-

253 2355 498 2409 menter
533 2343 807 2426 quidem,
844 2352 916 2408 ut
946 2367 1063 2431 pro
1097 2344 1302 2409 Bruto
1337 2342 1528 2408 etiam
1562 2342 2022 2430 respondeam?
2114 2340 2311 2411 Curio
2436 2426 2441 2429 ᾖ

254 2436 377 2503 fuit
408 2435 604 2523 igitur
637 2435 923 2502 eiusdem
957 2436 1180 2502 aetatis
1207 2437 1342 2503 fere
1378 2458 1533 2509 sane
1559 2434 1840 2501 inlustris
1869 2446 2096 2514 orator,
2133 2435 2311 2501 cuius

255 2530 338 2597 de
389 2529 647 2617 ingenio
700 2553 784 2597 ex
834 2530 1222 2597 orationibus
1275 2530 1412 2595 eius
1467 2528 1814 2595 existimari
1863 2542 2103 2617 potest3
2167 2540 2316 2595 sunt

257 2626 430 2691 enim
463 2635 528 2691 et
562 2624 722 2690 aliae
759 2634 822 2691 et
854 2646 972 2711 pro
1001 2622 1141 2690 Ser.
1165 2623 1397 2691 Fulvio
1433 2623 1513 2689 de
1546 2622 1794 2689 incestu
1826 2623 2055 2690 nobilis
2092 2623 2312 2689 oratio.

257 2719 442 2786 nobis
471 2717 727 2802 quidem
753 2717 967 2805 pueris
996 2717 1154 2785 haec
1181 2717 1462 2785 omnium
1490 2716 1730 2804 optima
1756 2718 2113 2804 putabatur,
2150 2737 2314 2801 quae

237 2813 371 2879 ‚vix
417 2811 548 2877 iam
608 2822 933 2899 comparet
978 2810 1047 2877 in
1098 2811 1220 2879 hac
1271 2812 1457 2877 turba
1514 2832 1823 2878 novorum
1883 2809 2312 2878 voluminum?

258 2905 663 2993 ‘praeclaref
713 2904 920 2991 inquit
948 2904 1190 2971 Brutus
1229 2910 1443 2971 ‘teneo
1486 2903 1596 2989 qui
1626 2904 1818 2969 istam
1852 2904 2102 2969 turbam
2135 2903 2314 2971 volu·-
2350 2926 2428 2967 ιιι

239 2999 502 3069 minum
561 2998 890 3067 effecerit)
997 3009 1063 3065 et
1112 3021 1235 3087 ego
1297 2998 1684 3085 ‘intellego,’
1746 2998 2006 3083 inquam
2066 3003 2086 3034 ‘
2092 2998 2313 3077 Brute,

241 3115 452 3179 quem
487 3092 661 3159 dicas
673 3118 692 3171 3
747 3103 917 3161 certe
961 3091 1131 3159 enim
1165 3104 1230 3159 et
1263 3092 1415 3158 boni
1458 3091 1697 3177 aliquid
1740 3091 2060 3158 attulimus
2097 3091 2319 3157 iuven-

237 3188 406 3266 tuti,
460 3186 995 3274 magnificentius,
1027 3192 1242 3273 'quam
1285 3188 1523 3265 fuerat,
1574 3208 1778 3273 genus
1824 3184 2073 3251 dicendi
2108 3196 2172 3252 et
2215 3208 2319 3251 or-

258 3280 469 3345 natius
481 3305 500 3358 3
537 3292 602 3346 et
634 3280 964 3347 nocuimus
1000 3281 1294 3360 fortasse,
1329 3280 1506 3367 quod
1537 3291 1785 3347 veteres
1822 3278 2135 3345 orationes
2170 3289 2321 3365 post

261 3383 542 3449 nostras,
595 3394 725 3439 non
777 3395 818 3438 a
856 3394 962 3439 me
1015 3374 1300 3458 quidem,
1352 3374 1513 3441 meis
1566 3374 1737 3440 enim
1784 3373 1927 3439 illas
1982 3382 2317 3459 antepone,
2354 3440 2373 3451 ..

243 3465 381 3542 „sed
416 3488 455 3530 a
487 3463 806 3551 plerisque
840 3464 971 3552 legi
1005 3479 1155 3532 sunt
1198 3466 1478 3532 desitae.’
1570 3467 1885 3533 ‘numera'
1938 3464 2143 3551 inquit
2185 3470 2317 3531 ‘me

243 3559 332 3628 ‚in
373 3556 720 3646 plerisque:
773 3579 1159 3644 quamquam
1200 3559 1386 3627 video
1438 3558 1595 3625 mihi
1626 3560 1837 3627 multa
1877 3559 2151 3646 legenda
2189 3556 2318 3625 iam

262 3666 327 3721 te
381 3664 663 3730 auctore,
719 3673 878 3737 quae
925 3663 1112 3719 antea
1145 3654 1665 3721 contemnebam?
1754 3653 1959 3736 ‘atqui
1993 3651 2176 3719 haec’
2222 3652 2319 3717 in·
2354 3676 2433 3721 ιιι

263 3768 458 3829 quam
494 3744 604 3812 ‘de
635 3744 882 3813 incestu
915 3744 1172 3813 laudata
1213 3746 1413 3813 oratio
1454 3746 1713 3834 puerilis
1749 3757 1849 3812 est
1880 3743 2036 3812 locis
2072 3744 2315 3811 multis=

263 3840 347 3905 de
399 3862 643 3918 amore,
704 3840 785 3906 de
836 3838 1192 3918 tormentis,
1254 3840 1334 3912 de
1384 3863 1637 3907 rumore
1687 3840 1811 3907 loci
1862 3862 2014 3907 sane
2072 3838 2316 3917 inanes,

265 3954 489 3997 verum
532 3942 745 4017 tamen
787 3932 1070 4000 nondum
1105 3933 1266 4001 tritis
1301 3945 1663 4002 nostrorum
1696 3932 2020 4000 hominum
2056 3932 2315 3999 auribus

237 4090 249 4098 .‚
263 4044 386 4095 nec
430 4024 675 4094 erudita
717 4025 970 4095 civitate
1009 4025 1401 4095 tolerabiles.
1492 4026 1744 4113 scripsit
1787 4025 1977 4093 etiam
2022 4025 2145 4091 alia
2186 4046 2319 4093 non
