2784 4575
398 271 486 336 84
1013 285 1090 338 M.
1127 283 1398 341 TULLII
1434 283 1837 341 CICERONIS

395 405 596 471 fuisse
605 431 625 484 3
679 428 762 470 ex
803 407 1257 490 contrariisque
1301 406 1551 493 scriptis
1606 406 1849 490 siquid
1900 405 2265 493 ambigitur,
2317 415 2452 472 non

395 521 634 566 novum
666 521 870 585 genus
906 500 1214 578 nascitur,
1267 502 1384 566 sed
1420 501 1760 587 superioris
1806 500 2056 586 generis
2103 522 2297 565 causa
2331 500 2449 564 du-

355 595 689 682 ·plicatur;
742 594 932 680 idque
985 606 1095 660 aut
1143 617 1488 680 numquam
1542 594 1869 660 diiudicari
1918 595 2147 681 poterit
2199 605 2311 659 aut
2360 595 2451 660 ita

395 689 858 768 diiudicabitur,
894 700 966 754 ut
997 687 1346 755 referendis
1381 689 1737 776 praeteritis
1774 689 1983 754 verbis
2018 687 2088 753 id
2120 689 2448 775 scriptum,

396 783 837 866 quodcumque
891 783 1336 861 defendemus,
1389 783 1785 868 suppleatur;
1834 782 1929 848 ita
1974 781 2075 860 fit,
2125 792 2200 846 ut
2246 805 2453 846 unum

395 897 602 962 genus
647 877 716 941 in
751 876 844 942 eis
890 877 1099 943 causis
1110 924 1129 955 ,
1185 899 1348 960 quae
1390 887 1648 963 propter
1682 876 1988 962 scriptum
2022 875 2446 962 ambiguntur,

284 995 360 1034 111
393 968 808 1054 relinquatur,
865 971 922 1036 si
963 981 1064 1036 est
1107 971 1410 1056 scriptum
1454 967 1691 1053 aliquid
1742 969 2063 1056 ambigue;
2118 969 2451 1056 ambiguo-

393 1085 534 1127 rum
571 1076 783 1130 autem
830 1086 976 1130 cum
1017 1064 1202 1150 plura
1251 1085 1489 1150 genera
1532 1073 1707 1142 sunt,
1760 1085 1923 1147 quae
1957 1063 2115 1128 mihi
2154 1063 2449 1130 videntur

396 1157 456 1220 ei
513 1158 740 1224 melius
801 1181 1024 1236 nosse,
1085 1158 1194 1242 qui
1253 1157 1565 1222 dialectici
1624 1157 2045 1243 appellantur,
2107 1157 2174 1221 hi
2234 1170 2451 1222 autem

395 1251 599 1316 nostri
633 1252 956 1338 ignorare,
993 1250 1103 1334 qui
1135 1274 1268 1317 non
1299 1251 1510 1316 minus
1546 1269 1737 1316 nosse
1774 1250 2073 1330 debeant,
2122 1260 2255 1315 tum
2284 1251 2444 1316 illud

395 1354 495 1408 est
545 1343 1128 1427 frequentissimum
1170 1344 1239 1409 in
1280 1343 1455 1410 omni
1506 1343 1961 1410 consuetudine
1996 1344 2101 1410 vel
2134 1344 2439 1410 sermonis

394 1436 497 1502 vel
519 1438 777 1524 scripti,
822 1460 969 1503 cum
1001 1437 1236 1504 idcirco
1271 1437 1511 1522 aliquid
1544 1438 1911 1524 ambigitur,
1956 1438 2128 1522 quod
2161 1449 2271 1502 aut
2303 1461 2448 1504 ver-

283 1554 360 1594 112
392 1531 548 1596 bum
601 1543 712 1596 aut
761 1534 958 1598 verba
1008 1533 1135 1600 sint
1183 1531 1649 1619 praetermissa.
1754 1533 1983 1596 iterum
2034 1543 2246 1596 autem
2294 1554 2449 1618 pec-

395 1638 568 1704 cant,
623 1649 768 1692 cum
818 1650 1024 1713 genus
1077 1627 1200 1694 hoc
1251 1649 1615 1704 causarum,
1653 1627 1843 1736 ,quod
1883 1627 1951 1690 in
1994 1627 2210 1714 scripti
2250 1627 2447 1692 inter-

389 1720 742 1806 pretatione
803 1733 1118 1800 versatur,
1185 1722 1267 1787 ab
1318 1721 1443 1786 illis
1498 1720 1736 1798 causis,
1798 1720 1867 1784 in
1918 1721 2175 1804 quibus,
2240 1721 2443 1804 qualis

393 1838 680 1900 quaeque
715 1839 817 1882 res
856 1817 966 1893 sit,
1021 1816 1439 1901 disceptatur,
1494 1815 1863 1900 seiungunt3
1916 1836 2231 1898 nusquam
2275 1815 2448 1881 enim

391 1920 524 1974 tam
556 1909 894 1994 quaeritur,
932 1909 1118 1992 quale
1155 1909 1237 1974 sit
1270 1931 1475 1996 genus
1486 1909 1712 2017 ‘ipsum
1744 1908 1838 1974 rei
1860 1929 2053 1991 quam
2084 1907 2153 1972 in
2188 1909 2441 1995 scripte,

281 2029 357 2069 11³
393 2005 564 2087 quod
607 2014 808 2069 totum
845 2026 886 2068 a
918 2003 1071 2067 facti
1115 2003 1547 2068 controversia
1590 2014 1953 2089 separatum
1996 2013 2114 2067 est.
2200 2003 2292 2068 ita
2322 2003 2444 2068 tria

393 2107 543 2160 sunt
584 2097 840 2162 omnino
891 2118 1157 2182 genera,
1211 2117 1373 2178 quae
1418 2096 1487 2160 in
1531 2096 2051 2184 disceptationem
2086 2106 2151 2164 et
2195 2108 2443 2162 contro-

390 2189 666 2255 versiam
701 2191 928 2256 cadere
960 2189 1238 2277 possint:
1286 2191 1441 2274 quid
1488 2191 1603 2258 fiat
1651 2193 1891 2256 factum
1931 2192 2294 2256 futurumve
2337 2193 2439 2269 sit,

392 2295 504 2351 aut
538 2285 725 2370 quale
779 2285 891 2363 sit,
945 2295 1056 2350 aut
1099 2308 1226 2369 quo
1260 2285 1452 2353 modo
1495 2285 1851 2352 nominetur
1861 2311 1879 2363 3
1930 2310 2081 2351 nam
2114 2285 2273 2351 illud
2306 2287 2443 2370 qui-
2560 2373 2567 2379 ·

392 2380 558 2457 dem,
595 2380 768 2463 quod
795 2378 1051 2463 quidam
1080 2377 1311 2445 Graeci
1337 2380 1709 2467 adiungunt,
1748 2386 2027 2447 ‘rectene
2052 2381 2291 2445 factum
2318 2380 2439 2457 sit‚’

287 2484 356 2538 27
392 2484 596 2539 totum
627 2472 695 2539 in
731 2495 806 2539 eo
844 2485 944 2539 est
978 2474 1192 2558 ‘quale
1231 2473 1349 2539 sit?
1416 2475 1533 2539 sed
1564 2474 1694 2539 iam
1726 2473 1812 2539 ad
1842 2474 2198 2539 institutum
2231 2496 2443 2539 rever-

391 2580 490 2633 tar
530 2590 762 2633 meum.

281 2683 358 2723 114
526 2660 695 2727 Cum
744 2662 938 2749 igitur
998 2672 1260 2748 accepta
1321 2683 1517 2727 causa
1569 2672 1634 2725 et
1698 2684 1933 2747 genere
1996 2662 2250 2747 cognito
2307 2684 2443 2725 rem

389 2767 658 2822 tractare
693 2755 902 2843 coepi,
947 2756 1104 2821 nihil
1137 2756 1313 2843 prius
1349 2754 1692 2833 constituo,
1738 2778 1927 2839 quam
1962 2756 2115 2840 quid
2150 2755 2234 2820 sit
2265 2754 2439 2830 illud,

389 2873 514 2933 quo
557 2850 718 2915 mihi
763 2852 846 2915 sit
887 2852 1222 2917 referenda
1275 2851 1481 2917 omnis
1526 2850 1637 2915 illa
1686 2850 1913 2927 oratio,
1967 2871 2129 2932 quae
2174 2848 2258 2914 sit
2296 2872 2442 2935 pro-

386 2943 528 3027 pria
577 2944 964 3027 quaestionis
1018 2955 1084 3009 et
1139 2944 1382 3023 iudicii3
1448 2944 1675 3009 deinde
1734 2942 1845 3007 illa
1906 2944 2031 3007 duo
2094 2941 2442 3029 diligentis-

391 3036 550 3101 sime
585 3038 945 3115 considero,
991 3059 1260 3120 quorum
1293 3038 1559 3105 alterum
1598 3036 2207 3103 commendationem
2251 3038 2443 3102 habet

389 3141 674 3195 nostram
717 3141 829 3195 aut
879 3154 1126 3208 eorum,
1181 3153 1342 3213 quos
1397 3131 1825 3209 defendimus,
1882 3131 2147 3195 alterum
2188 3142 2289 3197 est
2331 3130 2439 3195 ad-

389 3222 857 3288 commodatum
890 3224 974 3289 ad
1007 3246 1228 3289 eorum
1271 3222 1545 3302 animos,
1600 3225 1771 3310 apud
1814 3246 1973 3308 quos
2010 3224 2304 3301 dicimus,
2358 3224 2441 3287 ad

276 3328 352 3369 11⁵
387 3316 483 3394 id,
537 3316 710 3399 quod
759 3316 1102 3395 volumus,
1136 3317 1647 3383 commovendos.
1737 3318 1828 3383 ita
1881 3318 2085 3383 omnis
2139 3317 2300 3383 ratio
2346 3315 2438 3380 di-

388 3410 571 3475 cendi
607 3410 806 3477 tribus
843 3412 927 3476 ad
959 3411 1473 3497 persuadendum
1515 3412 1708 3477 rebus
1744 3421 1845 3477 est
1876 3412 2055 3475 nixa.
2109 3421 2179 3475 ut
2212 3411 2439 3497 probe-

383 3526 528 3568 mus
581 3527 738 3571 vera
784 3526 957 3581 esse,
1021 3527 1184 3588 quae
1249 3504 1677 3584 defendimus3
1737 3516 1812 3572 ut
1872 3504 2276 3571 conciliemus
2329 3527 2435 3570 eos

384 3597 600 3675 nobis,
655 3597 764 3682 qui
808 3597 1099 3676 audiunt3
1154 3609 1226 3663 ut
1267 3598 1514 3665 animos
1560 3621 1807 3676 eorum,
1861 3600 1944 3663 ad
1978 3619 2435 3682 quemcumque

274 3722 354 3764 ιω
388 3712 584 3757 causa
607 3691 955 3778 postulabit
988 3702 1249 3771 motum,
1287 3714 1608 3760 vocemus.
1680 3694 1769 3758 ad
1796 3692 2193 3780 probandum
2228 3701 2437 3757 autem

385 3784 622 3871 duplex
656 3796 757 3850 est
789 3785 1022 3852 oratori
1074 3786 1358 3853 subiecta
1399 3786 1725 3852 materies:
1776 3809 1906 3853 una
1945 3808 2157 3852 rerum
2200 3805 2433 3861 earum,

385 3899 548 3961 quae
580 3901 710 3945 non
761 3879 1199 3967 excogitantur
1233 3882 1314 3945 ab
1358 3889 1635 3958 oratore,
1690 3882 1805 3945 sed
1837 3880 1907 3944 in
1937 3904 2007 3946 re
2048 3878 2293 3966 positae
2335 3902 2438 3943 ra-

385 3969 556 4033 tione
590 3981 964 4051 tractantur,
999 3985 1072 4039 ut
1105 3973 1383 4051 tabulae,
1422 3974 1807 4051 testimonia,
1843 3984 2057 4060 pacta,
2103 3983 2432 4048 conventa,

387 4060 818 4143 quaestiones,
872 4066 1080 4151 leges,
1136 4078 1394 4134 senatus
1432 4068 1747 4146 consulta,
1800 4090 1902 4133 res
1937 4066 2277 4144 iudicatae,
2324 4065 2434 4130 de-
