2784 4575
491 269 582 335 34
1103 281 1183 337 ιι·
1220 253 1495 340 TULL'n
1532 281 1933 340 cmmoms

487 403 616 470 rari
651 402 804 470 satis
837 426 968 470 non
1003 426 1166 489 queo
1201 404 1394 470 etiam
1428 415 1492 470 te
1526 405 1714 484 haec,
1771 403 2111 484 Scaevola,
2165 405 2554 489 desiderare,

491 520 653 584 quae
689 518 894 586 neque
929 520 1054 585 ego
1086 499 1179 564 ita
1211 507 1428 577 tene0,
1464 498 1559 564 uti
1592 499 1680 578 ei,
1717 499 1829 584 qui
1862 500 2119 579 docent,
2154 521 2365 586 neque
2401 517 2559 569 sunt

489 593 626 660 eius
678 591 960 680 generis,
1013 602 1112 670 ut,
1169 591 1226 658 si
1267 591 1507 679 optime
1550 603 1862 672 tenerem,
1916 593 2113 680 digna
2165 605 2385 662 essent
2425 597 2557 663 ista

489 686 800 773 sapientia
833 707 908 752 ac
941 686 1067 752 tuis
1122 686 1420 753 auribus.'
1511 686 1647 752 ‘ain
1692 688 1831 752 tu?'
1882 687 2087 772 inquit
2136 687 2272 754 ille:
2328 690 2415 756 ‘si
2470 691 2553 758 de

486 782 628 847 istis
681 780 1121 848 communibus
1157 791 1223 846 et
1271 779 1639 870 pervagatis
1690 781 1801 846 vix
1843 781 1993 846 huic
2044 781 2235 848 aetati
2288 784 2555 850 audien-

489 875 644 940 dum
692 885 910 962 putas,
966 874 1240 940 etiamne
1287 873 1402 939 illa
1452 873 1792 960 neglegere
1842 895 2215 961 possumus,
2270 899 2433 960 quae
2478 889 2555 942 tu

488 969 721 1035 oratori
771 967 1216 1056 cognoscenda
1267 989 1413 1033 esse
1464 967 1708 1046 dixisti,
1770 967 1851 1034 de
1902 969 2147 1036 naturis
2198 967 2551 1050 hominum,

487 1063 570 1128 de
601 1062 916 1140 moribus,
967 1062 1048 1127 de
1079 1061 1433 1128 rationibus
1480 1061 1601 1139 eis,
1658 1061 1886 1146 quibus
1931 1061 2258 1128 hominum
2296 1075 2551 1131 mentes

489 1167 554 1222 et
585 1155 995 1242 incitarentur
1030 1165 1095 1220 et
1127 1154 1644 1241 reprimerentur,
1698 1156 1779 1220 de
1814 1154 2105 1234 historia,
2160 1156 2241 1222 de
2274 1156 2555 1244 antiqui-

489 1260 649 1327 tate,
703 1248 784 1316 de
821 1248 1361 1314 administratione
1396 1249 1490 1314 rei
1522 1248 1843 1336 publicae,
1897 1247 2169 1334 denique
2204 1250 2281 1314 de
2321 1262 2555 1316 nostro

485 1344 629 1430 ipso
661 1342 796 1408 iure
833 1341 1038 1407 civili?
1089 1342 1254 1407 hanc
1297 1343 1466 1408 enim
1510 1363 1631 1430 ego
1678 1365 1931 1408 omnem
1978 1342 2303 1408 scientiam
2336 1353 2403 1408 et
2436 1365 2555 1409 co-

485 1437 660 1524 piam
691 1459 904 1502 rerum
935 1437 1005 1502 in
1039 1447 1150 1501 tua
1180 1437 1519 1524 prudentia
1560 1437 1841 1503 sciebam
1882 1437 2122 1516 inesse3
2176 1437 2245 1501 in
2278 1438 2553 1503 oratoris

489 1553 640 1597 vero
709 1531 1126 1596 instrumento
1187 1542 1319 1596 tam
1386 1532 1625 1596 lautam
1684 1531 2139 1618 supellectilem
2200 1551 2555 1616 numquam

378 1648 455 1689 166
491 1625 812 1692 videram?
887 1631 1100 1712 ‘potes
1133 1624 1374 1711 igitur,'
1412 1623 1616 1708 inquit
1654 1623 1929 1690 Crassus
1968 1630 2068 1689 ‘ut
2102 1624 2225 1689 alia
2255 1621 2555 1690 emittam

485 1719 971 1785 innumerabilia
1019 1730 1087 1784 et
1127 1719 1441 1784 immensa
1482 1729 1550 1784 et
1576 1718 1675 1783 ‘ad
1714 1717 1928 1804 ipsum
1979 1718 2163 1784 civile
2210 1717 2314 1784 ius
2370 1730 2552 1784 tuum

488 1815 758 1893 veniam,
795 1825 1076 1881 oratores
1111 1825 1334 1900 putare
1369 1835 1502 1892 eos,
1540 1834 1701 1897 quos
1729 1813 1962 1878 multas
1997 1813 2185 1878 horas
2212 1824 2552 1900 exspecta-

487 1911 606 1988 vit,
643 1931 790 1974 <mm
823 1907 892 1972 in
925 1929 1222 1994 campum
1253 1917 1653 1994 properaret,
1687 1918 1752 1973 et
1780 1907 1997 1974 ridens
2034 1918 2099 1972 et
2140 1907 2547 1972 stomachans

493 2002 836 2078 Scaevola,
891 2023 1037 2066 cum
1069 2003 1421 2088 Hypsaeus
1454 2003 1736 2067 maxima
1770 2023 1956 2080 voce,
2009 2001 2297 2090 plurimis
2332 2001 2549 2068 verbis

491 2121 531 2160 a
560 2095 660 2161 M.
700 2094 940 2162 Crasso
995 2105 1285 2182 praetore
1337 2096 1775 2175 contenderet,
1826 2105 1901 2160 ut
1949 2096 2035 2174 ei,
2090 2116 2282 2179 quem
2325 2097 2552 2161 defen-

487 2190 708 2267 debat,
757 2211 950 2254 causa
983 2189 1209 2256 cadere
1242 2187 1488 2269 liceret,
1545 2188 1668 2258 Cn.
1708 2203 1919 2257 autem
1952 2190 2295 2268 Octavius,
2348 2190 2547 2257 homo

483 2283 868 2361 consularis,
920 2306 1050 2349 non
1089 2283 1300 2349 minus
1344 2284 1542 2373 longa
1584 2285 1867 2352 oratione
1908 2295 2259 2363 recusaret,
2310 2306 2394 2349 ne
2432 2285 2545 2350 ad·-

487 2378 803 2445 versarius
857 2398 1054 2443 causa
1103 2379 1358 2445 caderet
1408 2400 1483 2443 ac
1517 2401 1599 2445 ne
1632 2380 1716 2459 is,
1769 2402 1889 2466 pro
1938 2400 2065 2463 quo
2106 2378 2247 2465 ipse
2285 2378 2545 2457 diceret,

481 2472 656 2559 turpi
691 2470 926 2537 tutelae
972 2471 1204 2538 iudicio
1241 2483 1431 2557 atque
1466 2474 1640 2539 omni
1690 2472 1984 2539 molestia
2017 2470 2281 2537 stultitia
2316 2472 2545 2537 adver-

375 2592 452 2634 ιστ
487 2566 637 2631 sarii
687 2565 1123 2632 liberaretur?
1187 2572 1340 2652 ‘ego
1389 2588 1545 2633 vero
1598 2567 1756 2633 istos
1767 2567 1807 2646 ,'
1860 2567 2067 2650 inquit
2114 2602 2203 2615 —-
2254 2566 2549 2631 ‘memini

483 2660 653 2727 enim
701 2660 859 2725 mihi
907 2681 1166 2726 narrare
1217 2660 1511 2725 Mucium
1560 2696 1652 2709 --
1698 2681 1831 2726 non
1864 2660 2055 2725 modo
2106 2660 2373 2726 oratoris
2428 2682 2551 2725 no·-

483 2754 682 2832 mine,
741 2756 856 2820 sed
887 2777 970 2820 ne
1003 2754 1144 2820 foro
1197 2755 1455 2839 quidem
1508 2754 1738 2841 dignos
1771 2752 2085 2843 putarim.'
2175 2754 2381 2838 ‘atqui
2412 2774 2549 2819 non

483 2848 688 2913 defuit
736 2847 862 2912 illis
923 2847 1234 2934 patronis'
1289 2847 1496 2933 inquit
1548 2846 1827 2915 Crassus
1892 2848 2281 2933 ‘eloquentia
2336 2868 2550 2931 neque

485 2940 738 3005 dicendi
787 2940 948 3007 ratio
1001 2953 1114 3006 aut
1159 2942 1373 3029 copia,
1430 2943 1547 3008 sed
1589 2940 1743 3007 iuris
1778 2942 1983 3008 civilis
2026 2941 2315 3007 scientia:
2371 2942 2549 3025 quod

483 3032 642 3097 alter
675 3032 819 3120 plus
854 3033 999 3121 lege
1033 3035 1282 3121 agendo
1315 3038 1594 3122 petebat,
1633 3057 1825 3120 quam
1859 3047 2165 3120 quantum
2197 3035 2301 3101 lex
2331 3035 2400 3098 in
2430 3056 2545 3101 111.

483 3126 714 3191 tabulis
749 3129 1142 3212 permiserat,
1179 3130 1352 3213 quod
1383 3151 1532 3196 cum
1564 3130 1995 3217 impetrasset,
2032 3152 2225 3196 causa
2254 3127 2545 3208 caderet·

483 3218 693 3285 alter‘
673 3220 959 3304 iniquum
1007 3224 1274 3308 putabat
1304 3224 1453 3310 plus
1506 3245 1725 3289 secum
1768 3224 1901 3311 agi,
1956 3244 2149 3308 quam
2190 3222 2361 3307 quod
2402 3234 2547 3289 erat

483 3312 552 3377 in
587 3313 859 3392 actione3
911 3334 1120 3400 neque
1153 3316 1590 3403 intellegebat,
1644 3318 1702 3382 si
1733 3318 1825 3382 ita
1859 3328 2031 3383 esset
2074 3328 2309 3394 actum,
2362 3315 2545 3382 litem

372 3402 452 3517 ἐξ
487 3406 919 3475 adversarium
979 3410 1394 3521 perditurum.
1492 3412 1683 3495 quid?
1740 3411 1807 3477 in
1868 3412 1968 3477 his
2029 3410 2250 3499 paucis
2312 3410 2544 3475 diebus

481 3526 694 3570 nonne
743 3504 930 3572 nobis
983 3504 1052 3571 in
1101 3505 1402 3571 tribunali
1453 3504 1537 3587 Q.
1589 3504 1883 3593 Pompeii
1942 3504 2252 3592 praetoris
2312 3504 2545 3569 urbani

481 3598 810 3665 familiaris
843 3599 1047 3664 nostri
1093 3599 1463 3665 sedentibus
1498 3600 1689 3667 homo
1724 3620 1806 3665 ex
1840 3622 2103 3666 numero
2156 3598 2545 3665 disertorum

479 3690 874 3779 postulabat,
925 3703 997 3757 ut
1047 3691 1167 3771 illi,
1219 3693 1392 3757 unde
1440 3704 1791 3780 peteretur,
1844 3704 2028 3760 vetus
2074 3703 2263 3777 atque
2304 3691 2551 3757 usitata

481 3784 772 3873 exceptio
807 3784 1060 3851 daretur
1093 3806 1266 3853 cums
1297 3805 1595 3853 rucuma
1628 3808 1765 3852 oms
1797 3788 2072 3854 msam?
2106 3784 2277 3871 quod
2308 3785 2550 3873 petito-

479 3878 569 3942 ris
605 3900 800 3943 causa
851 3892 1284 3967 comparatum
1328 3902 1473 3947 esse
1514 3904 1646 3947 non
1695 3880 2137 3969 intellegebat.
2187 3889 2287 3957 ut,
2340 3877 2398 3943 si
2431 3876 2548 3944 ille

481 3968 782 4035 infitiator
828 3974 1166 4059 probasset
1223 3972 1417 4039 iudici
1468 3986 1615 4041 ante
1664 3975 1929 4063 petitam
1978 3998 2122 4043 esse
2180 3972 2545 4061 pecuniam,

485 4078 675 4143 quam
727 4075 896 4129 esset
949 4077 1174 4153 coepta
1223 4066 1469 4147 deberi,
1522 4068 1755 4155 petitor
1802 4090 2023 4136 rursus
2076 4088 2221 4134 cum
2268 4075 2545 4155 peteret,
