2784 4575
808 316 810 319 -
888 275 1207 334 ORATOR
1238 278 1546 333 ιιι-223.
1597 275 1601 280 ·
2109 265 2240 334 331

176 413 331 472 sunt
364 401 696 481 orationis,
748 400 815 468 in
850 399 1079 487 quibus
1116 401 1195 466 ea
1228 399 1618 466 concinnitas
1655 411 1780 480 est,
1835 410 1908 467 ut
1941 403 2242 485 sequatur

176 519 481 566 numerus
516 495 879 563 necessario
887 520 909 575 3
960 517 1112 562 nam
1156 515 1302 559 cum
1344 505 1456 560 aut
1485 517 1609 582 par
1653 493 1796 583 pari
1827 495 2100 561 refertur
2117 546 2119 549 -
2135 509 2244 562 aut

181 591 567 658 contrarium
601 587 915 656 contrario
968 587 1309 676 opponitur
1342 597 1455 652 aut
1489 609 1652 672 quae
1688 587 1974 654 similiter
2009 588 2244 656 cadunt

178 685 405 763 verba,
478 683 693 750 verbis
760 694 1233 770 comparantur,
1307 680 1607 766 quicquid
1672 681 1764 746 ita
1831 681 2244 761 concluditur,

176 780 553 868 plerumque
604 779 679 844 fit
728 789 801 843 ut
851 798 1191 843 numerose
1223 775 1462 854 cadat,
1518 797 1642 860 quo
1696 775 1778 842 de
1821 798 2056 862 genere
2099 793 2245 842 cum

178 873 493 961 exemplis
547 895 745 960 supra
796 870 1104 950 diximus,
1156 882 1231 936 ut
1262 869 1425 937 haec
1459 891 1712 954 quoque
1763 869 1948 956 copia
1979 869 2246 936 facultap

179 981 312 1034 tem
365 968 613 1033 adferat
664 987 795 1030 non
846 988 1099 1052 semper
1148 965 1377 1031 eodem
1436 965 1639 1031 modo
1691 963 2041 1031 desinendi.
2126 987 2248 1031 nec

179 1074 399 1126 tamen
432 1061 591 1125 haec
624 1059 715 1124 ita
750 1070 897 1124 sunt
933 1071 1071 1124 arta
1105 1069 1171 1124 et
1205 1059 1492 1137 astricta,
1527 1069 1602 1122 ut
1633 1081 1738 1139 ea,
1773 1079 1922 1123 cum
1953 1057 2246 1136 velimus,

180 1156 403 1220 laxare
438 1174 859 1237 nequeamus:
912 1153 1185 1217 multum
1218 1153 1490 1219 interest
1520 1165 1733 1218 utrum
1767 1174 2109 1219 numerosa
2143 1152 2246 1230 sit,

179 1248 251 1314 id
304 1259 431 1328 est,
488 1247 710 1312 similis
764 1269 1172 1313 numerorum
1225 1269 1308 1311 an
1350 1247 1542 1334 plane
1585 1269 1624 1312 e
1665 1247 1944 1313 numeris
1998 1249 2248 1314 constet

180 1343 404 1408 oratio.
494 1341 761 1406 alterum
806 1340 863 1406 si
913 1341 1013 1419 fit,
1066 1341 1463 1407 intolerabile
1515 1341 1742 1406 vitium
1794 1353 1920 1421 est
1903 1367 1926 1396 ·-
1976 1340 2245 1408 alterum

182 1436 309 1500 nisi
342 1437 443 1512 fit,
482 1435 790 1542 dissipata
826 1446 891 1500 et
922 1433 1163 1499 inculta
1196 1445 1261 1500 et
1294 1433 1501 1499 fluens
1539 1447 1640 1500 est
1673 1435 1892 1502 oratio.

306 1484 443 1594 Sed
478 1529 776 1614 quoniam
809 1549 941 1592 non
974 1527 1167 1594 modo
1199 1549 1332 1593 non
1366 1528 1760 1612 frequenter,
1797 1552 2018 1595 verum
2053 1528 2244 1594 etiam
2280 1529 2350 1580 66

179 1647 325 1690 raro
360 1625 429 1688 in
462 1624 629 1689 veris
667 1623 876 1688 causis
917 1619 1055 1708 [aut
1088 1621 1482 1712 forensibus]
1522 1621 1992 1710 circumscripte
2023 1642 2247 1687 nume-
2279 1600 2356 1640 ²²¹

180 1739 455 1802 roseque
500 1717 844 1782 dicendum
880 1728 1007 1794 est,
1064 1716 1245 1800 sequi
1279 1716 1559 1796 videtur,
1611 1727 1686 1782 ut
1717 1717 2048 1781 videamus
2085 1736 2246 1800 quae

186 1812 313 1876 sint
344 1810 473 1891 illa,
510 1832 674 1895 quae
712 1833 905 1897 supra
939 1810 1116 1874 dixi
1095 1810 1317 1888 incisa,
1355 1832 1520 1894 quae
1543 1811 1858 1887 membra3
1892 1808 2054 1875 haec
2079 1808 2248 1876 enim

181 1905 251 1969 in
286 1905 453 1970 veris
492 1903 731 1969 causis
740 1905 1083 1970 maximam
1116 1915 1366 1992 partem
1402 1904 1705 1970 orationis
1740 1903 2045 1970 obtinent.
2099 1924 2250 1969 con-

186 2008 315 2064 stat
349 1999 519 2063 enim
550 1997 659 2064 ille·
704 1999 979 2064 ambitus
1016 2009 1081 2064 et
1120 1999 1313 2085 plena
1366 1997 1846 2086 comprehensio
1881 2020 1918 2064 e
1952 2007 2250 2082 quattuor

184 2092 319 2157 fere
352 2093 669 2179 partibuS,
717 2113 883 2175 quae
916 2094 1209 2159 membra
1244 2091 1540 2171 dicimus,
1577 2103 1650 2158 ut
1684 2102 1750 2158 et
1783 2091 1952 2158 auris
1986 2089 2248 2178 impleat

183 2196 249 2250 et
291 2209 373 2250 ne
416 2187 669 2252 brevior
724 2186 806 2250 sit
858 2209 1049 2270 quam
1104 2187 1259 2252 satis
1312 2186 1396 2252 sit
1445 2208 1655 2270 neque
1696 2186 1974 2274 longior:
2027 2207 2250 2270 quam-

185 2302 383 2363 quam.
409 2290 745 2365 utrumque
780 2304 911 2347 non
954 2305 1299 2368 numquam
1350 2283 1454 2348 vel
1496 2283 1708 2371 potius
1755 2306 1946 2371 saepe
1999 2281 2246 2361 accidit,

92 2402 95 2408 ·
185 2385 259 2437 ut
303 2385 414 2438 aut
454 2374 639 2439 citius
691 2373 1117 2441 insistendum
1162 2377 1245 2442 sit
1288 2389 1400 2442 aut
1449 2377 1704 2465 longius
1755 2378 2246 2465 procedendum,

184 2490 268 2532 ne
319 2467 599 2533 brevitas
653 2468 1069 2535 defraudasse
1125 2470 1295 2535 auris
1358 2472 1652 2537 videatur
1702 2494 1868 2539 neve
1915 2470 2248 2557 longitudo

187 2561 514 2627 obtudisse
525 2586 546 2640 3
602 2561 719 2627 sed
762 2561 969 2628 habeo
1020 2564 1475 2629 mediocritatis
1525 2564 1864 2643 rationem,
1846 2588 1864 2605 ·
1917 2584 2038 2629 nec
2079 2563 2249 2629 enim

185 2654 413 2739 loquor
448 2656 529 2721 de
564 2678 755 2721 versu
790 2666 855 2720 et
888 2667 987 2721 est
1018 2656 1277 2725 liberior
1330 2658 1654 2742 aliquanto
1689 2658 1910 2723 oratio.
1997 2678 2034 2723 e
2068 2670 2250 2741 quat-
2283 2682 2361 2722 222

187 2759 331 2813 tuor
364 2748 559 2835 igitur
593 2750 779 2834 quasi
814 2751 1339 2861 hexametroran
1363 2751 1567 2817 instar
1600 2773 1903 2817 versuum
1939 2750 2110 2836 quod
2147 2750 2248 2828 sit,

188 2852 439 2908 constat
468 2843 607 2909 fere
639 2844 834 2932 plena
868 2846 1370 2933 comprehensio.
1443 2846 1544 2911 his
1579 2844 1772 2933 igitur
1807 2844 2075 2931 singulis
2109 2866 2252 2910 ver-

190 2935 368 3001 sibus
404 2937 588 3022 quasi
620 2938 777 3004 nodi
812 2950 1121 3027 apparent
1156 2938 1676 3016 continuationis,
1713 2960 1874 3023 quos
1909 2939 1977 3003 in
2012 2936 2252 3003 ambitu

188 3030 661 3119 coniungimus3
702 3032 803 3098 sin
835 3033 1238 3099 membratim
1273 3034 1568 3099 volumus
1606 3032 1842 3110 dicere,
1877 3030 2252 3109 insistimuS,

188 3122 438 3210 itaque
448 3146 596 3191 cum
639 3146 803 3215 opus
849 3138 976 3207 est,
1032 3127 1115 3194 ab
1158 3128 1285 3193 isto
1322 3148 1516 3193 cursu
1563 3126 1879 3191 invidioso
1913 3124 2100 3190 facile
2132 3143 2252 3190 nos

190 3230 255 3285 et
290 3242 481 3306 saepe
526 3219 935 3309 diiungimus.
1028 3221 1145 3287 sed
1177 3221 1334 3286 nihil
1378 3231 1512 3285 tam
1555 3220 1747 3286 debet
1781 3241 1924 3285 esse
1957 3240 2255 3283 numero-

191 3335 333 3377 sum
369 3333 560 3396 quam
594 3314 746 3392 hoc,
791 3316 965 3399 quod
996 3316 1257 3387 minime
1293 3326 1558 3402 apparet
1590 3326 1658 3381 et
1671 3364 1676 3369 .
1689 3312 1859 3380 valet
1889 3312 2254 3400 plurimum.

189 3429 274 3470 ex
306 3405 428 3470 hoc
462 3428 696 3493 genere
729 3408 890 3473 illud
924 3420 1027 3475 est
1060 3407 1315 3475 Crassi.
1352 3408 1614 3475 ‘missos
1649 3407 1888 3473 faciant
1917 3416 2256 3495 patronos:

189 3498 317 3585 ipsi
369 3500 699 3586 prodeant.
701 3500 719 3530 ’
815 3502 945 3567 nisi
992 3500 1327 3568 intervallo
1379 3500 1719 3568 dixisset‘
1727 3500 1853 3589 ipsi
1901 3499 2232 3588 prodeant,
2235 3498 2252 3528 ’

191 3592 501 3659 sensisset
550 3595 841 3681 profecto
894 3618 966 3662 se
1018 3596 1265 3663 fudisse
1320 3596 1666 3662 senarium·
1722 3594 1978 3661 omnino
2027 3590 2254 3659 melius

190 3688 448 3763 caderet
510 3689 914 3776 ‘'prodeant
893 3690 1080 3777 ipsi3'
1144 3691 1263 3756 sed
1322 3691 1403 3757 de
1455 3712 1690 3777 genere
1749 3710 1921 3754 nunc
1979 3684 2287 3775 disputo,

194 3787 336 3847 ‘cur
370 3782 779 3850 clandestinis
826 3783 1105 3850 consiliis
1153 3806 1273 3850 nos
1318 3784 1728 3872 oppugnant?
1779 3804 1892 3848 cur
1926 3782 2006 3846 de
2039 3780 2257 3869 perfu-
2290 3807 2372 3847 223

192 3875 293 3961 gis
326 3877 563 3943 nostris
598 3879 815 3965 copias
852 3888 1223 3964 comparant
1257 3891 1476 3944 contra
1508 3878 1692 3944 nos?
1725 3877 1934 3965 prima
1966 3884 2116 3941 sunt
2147 3874 2258 3939 illa

192 3969 349 4047 duo,
405 3991 569 4055 quae
600 3972 914 4056 κόμματα
950 3970 1185 4038 Graeci
1219 3984 1480 4049 vocant,
1552 3994 1672 4039 nos
1717 3970 1920 4037 incisa
1955 3968 2254 4047 dicimus,
2353 3966 2356 3971 ’

190 4060 959 4135 deindetertiumxailov
992 4065 1118 4146 illi,-
1150 4088 1271 4133 nos
1305 4064 1772 4142 membrumz*
1807 4064 2092 4150 sequitur
2123 4084 2254 4127 non
