2784 4575
766 312 873 373 DE
910 315 1274 375 ORATORE
1310 318 1418 373 111.
1454 317 1766 375 146-155.
2167 307 2290 373 177

232 442 377 530 ipsi.
464 442 532 507 in
564 440 835 529 propriis
871 440 1063 527 igitur
1099 451 1199 507 est
1235 438 1506 529 [verbis]
1544 442 1653 507 illa
1694 442 1836 507 laus
1873 441 2168 522 oratoris,
2201 454 2286 521 ,ut

233 535 483 601 abiecta
518 545 707 619 atque
742 535 1031 601 obsoleta
1064 532 1287 622 fugiat,
1324 535 1506 601 lectis
1533 544 1721 619 atque
1747 534 2118 603 inlustribus
2153 548 2292 602 uta-

232 640 367 709 tur,
418 629 486 694 in
521 629 750 713 quibus
802 629 1062 716 plenum
1114 630 1416 713 quiddam
1450 639 1517 695 et
1551 652 1786 695 sonans
1829 630 2042 696 inesse
2079 629 2294 697 videa-

232 735 357 788 tur.
447 724 563 789 sed
595 723 662 788 in
695 722 819 789 hoo
854 724 1192 790 verborum
1243 746 1477 810 genere
1517 720 1969 812 [propriorum]
2008 724 2291 793 delectus

234 828 339 882 est
388 816 717 883 habendus
774 816 1032 902 quidam
1084 827 1274 902 atque
1325 818 1381 883 is
1437 817 1683 884 aurium
1735 818 2010 902 quodam
2059 818 2292 887 iudicio

232 910 682 997 ponderandus
718 920 817 977 est
822 934 842 991 3
878 910 947 974 in
982 932 1107 995 quo
1144 911 1536 977 consuetudo
1573 912 1764 977 etiam
1797 910 1960 977 bene
1993 912 2294 996 loquendi

236 1004 410 1070 valet
457 1003 829 1091 plurimum3
883 1004 1097 1088 itaque
1148 1003 1299 1083 hoc,
1355 1004 1528 1088 quod
1579 1004 1769 1091 volgo
1814 1005 1894 1071 de
1939 1007 2290 1073 oratori-bus

234 1099 319 1163 ab
353 1099 662 1187 imperitis
699 1099 823 1163 diei
859 1100 1023 1165 solet
1058 1100 1271 1166 ‘bonis
1298 1100 1404 1164 hic
1437 1099 1691 1179 verbis,'
1728 1110 1839 1165 aut
1873 1101 2127 1186 ‘aliquis
2163 1126 2293 1169 non

2326 465 2403 509 150

2327 1036 2402 1077 151

233 1190 420 1259 bonis
484 1192 709 1271 utitur,
722 1194 739 1222 '
803 1215 933 1259 non
995 1202 1129 1259 arte
1192 1193 1404 1277 aliqua
1462 1194 1898 1281 perpenditur,
1961 1196 2076 1261 sed
2135 1218 2293 1281 quo-
2333 1243 2352 1256 ,

229 1285 386 1352 dam
430 1285 614 1371 quasi
655 1284 926 1352 naturali
980 1308 1175 1353 sensu
1216 1286 1556 1352 iudicatur.
1606 1286 1674 1351 in
1718 1309 1843 1371 quo
1894 1310 2024 1354 non
2057 1312 2292 1377 magna

232 1378 372 1445 laus
410 1390 510 1445 est
550 1379 751 1446 vitare
802 1378 1054 1457 vitium,
1109 1400 1494 1464 quamquam
1545 1389 1644 1445 est
1685 1402 2017 1471 magnum,
2071 1404 2293 1448 verum

232 1482 447 1537 tamen
500 1460 623 1539 hoo
673 1473 855 1558 quasi
909 1474 1115 1539 solum
1176 1474 1498 1558 quoddam
1561 1484 1748 1557 atque
1807 1474 2292 1542 fundamentum

229 1577 362 1643 est,
422 1568 763 1632 verborum
812 1588 968 1632 usus
1024 1578 1089 1631 et
1143 1566 1327 1653 eopia
1374 1566 1716 1645 bonorum3
1781 1569 1898 1633 sed
1947 1570 2100 1653 quid
2149 1570 2287 1656 ipse

234 1658 523 1724 aedificet
572 1670 783 1725 orator
818 1670 883 1725 et
916 1659 985 1725 in
1018 1680 1145 1744 quo
1182 1660 1489 1746 adiungat
1532 1671 1758 1739 artem,
1812 1660 1880 1725 id
1925 1683 2068 1727 esse
2102 1662 2287 1728 nobis

236 1752 670 1836 quaerendum
706 1750 925 1839 [atque
962 1752 1435 1840 explicandum]
1473 1754 1743 1820 videtur.
1831 1751 1952 1819 tria
1988 1765 2137 1819 sunt
2167 1754 2289 1841 igi-

230 1857 332 1909 tur
365 1845 434 1913 in
476 1846 671 1913 verbo
716 1845 1015 1933 simplici,
1072 1868 1235 1931 quae
1279 1852 1501 1913 ‘orator
1528 1847 1793 1912 *adferat
1826 1846 1909 1911 ad
1949 1847 2290 1913 inlustran-

228 1939 381 2003 dam
425 1949 615 2023 atque
665 1939 1099 2005 exornandam
1151 1940 1531 2006 orationem:
1585 1951 1697 2005 aut
1736 1940 2107 2006 inusitatum
2148 1963 2291 2007 ver-

228 2032 384 2097 bum
420 2044 530 2097 aut
562 2044 866 2099 novatum
901 2043 1013 2098 aut
1062 2033 1458 2099 translatum.
1545 2032 1846 2099 inusitata
1882 2043 2030 2098 sunt
2078 2033 2290 2119 prisca

230 2126 365 2193 fere
400 2148 477 2192 ac
509 2137 823 2193 vetustate
860 2126 941 2192 ab
976 2149 1099 2192 usu
1126 2126 1424 2193 cotidiani
1449 2126 1756 2192 sermonis
1793 2126 1922 2191 iam
1957 2126 2064 2190 diu
2098 2127 2291 2193 inter-

231 2218 459 2298 missa,
512 2241 676 2305 quae
712 2230 863 2287 sunt
911 2225 1244 2309 poetarum
1294 2220 1586 2287 licentiae
1621 2219 1917 2286 liberiora
1951 2242 2140 2306 quam
2175 2243 2290 2286 no-

228 2323 430 2389 strae3
485 2312 600 2377 sed
634 2323 849 2379 tamen
878 2337 1023 2381 raro
1058 2315 1253 2380 habet
1296 2315 1488 2381 etiam
1530 2314 1598 2380 in
1641 2309 1924 2381 oratione
1967 2315 2288 2401 poeticum

229 2404 488 2489 aliquod
537 2405 805 2470 verbum
856 2407 1247 2492 dignitatem.
1335 2429 1543 2490 neque
1595 2407 1764 2474 enim
1813 2408 1973 2473 illud
2015 2406 2290 2494 fugerim

224 2497 467 2574 dicere,
528 2507 603 2561 ut
653 2461 963 2564 Caeliuso
968 2505 1125 2582 ‘qua
1176 2509 1554 2585 tempestate
1603 2501 1862 2565 Poenus
1915 2500 1984 2564 in
2034 2499 2290 2564 Italiam

226 2589 441 2668 venit‚'
468 2611 589 2655 nee
618 2589 897 2676 ‘prolem'
929 2601 1039 2656 aut
1065 2590 1391 2657 ‘subolem'
1423 2601 1532 2655 aut
1559 2590 1717 2655 ‘fari'
1746 2602 1857 2656 aut
1883 2591 2284 2679 ‘nuncupare’

128 2733 134 2738 .
226 2694 356 2761 aut,
386 2694 461 2748 ut
484 2694 555 2747 tu
583 2682 771 2760 soles,
802 2679 1053 2762 Catule,
1084 2689 1232 2750 ‘non
1256 2683 1461 2749 rebar'
1492 2693 1601 2748 aut
1627 2683 1954 2769 ‘opinabar
1961 2683 1999 2762 ς’
2029 2695 2140 2749 aut
2165 2685 2288 2750 alia

225 2777 456 2856 multa,
512 2777 740 2862 quibus
775 2776 917 2844 loco
950 2776 1177 2865 positis
1220 2777 1522 2864 grandior
1563 2787 1753 2862 atque
1798 2777 2111 2862 antiquior
2145 2802 2287 2845 ora-

224 2870 315 2937 tio
352 2893 545 2957 saepe
579 2870 782 2936 videri
826 2871 1009 2938 solet.
1097 2883 1414 2938 novantur
1465 2881 1678 2938 autem
1728 2871 1952 2950 verba,
2005 2893 2168 2956 quae
2203 2874 2286 2939 ab

222 2987 333 3042 e0,
389 2965 498 3049 qui
534 2964 712 3044 dicit,
766 2964 909 3053 ipso
944 2966 1293 3054 gignuntur
1329 2988 1406 3033 ac
1437 2967 1627 3045 fiunt,
1681 2965 1784 3032 vel
1829 2965 2286 3053 coniungendis

224 3059 468 3138 verbis,
504 3069 577 3124 ut
611 3059 801 3126 haec:

310 3163 446 3218 tum
471 3177 673 3241 pavor
701 3153 1077 3242 sapientiam
1103 3177 1359 3222 omnem
1383 3153 1474 3220 mi
1503 3152 1862 3221 exanimato
1899 3165 2283 3243 expectorat.

308 3269 463 3313 num
496 3271 627 3314 non
662 3248 759 3314 vis
795 3249 983 3315 huius
1017 3273 1123 3316 me
1158 3250 1622 3334 versutiloquas
1657 3248 1930 3316 malitias
1967 3297 1986 3314 .
2005 3297 2022 3314 .
2121 3297 2138 3314 .

224 3340 453 3406 videtis
484 3340 651 3406 enim
686 3353 753 3407 et
786 3343 1307 3428 ‘versutiloquas’
1347 3354 1412 3409 et
1449 3342 1870 3430 »expectorat
1909 3365 1991 3408 ex
2025 3343 2287 3408 coniun-

224 3432 433 3499 ctione
468 3433 641 3498 facta
672 3455 818 3500 esse
852 3437 1074 3514 verba,
1128 3460 1257 3503 non
1290 3448 1469 3514 nata3
1522 3435 1626 3502 vel
1675 3433 1925 3524 [saepe]
1963 3436 2100 3502 sine
2137 3457 2286 3501 con-

224 3525 543 3591 iunctione
566 3522 790 3612 [verba
813 3527 1155 3616 novantur]
1175 3539 1249 3594 ut
1266 3529 1401 3594 ‘ille
1419 3529 1632 3596 senius
1652 3551 1733 3594 ne
1751 3529 2082 3609 desertus,'
2101 3540 2174 3594 ut
2201 3529 2287 3594 ‘di

2325 1596 2400 1639 158

2321 1772 2391 1827 38

2326 2057 2402 2099 163

2322 2899 2399 2940 154

224 3618 589 3708 genitales?
624 3630 697 3685 ut
733 3620 1061 3686 ‘bacarum
1087 3623 1422 3688 ubertate'
1401 3622 1880 3689 incurvescere!
1927 3622 2148 3689 tertius
2174 3623 2281 3688 ille
2317 3647 2396 3692 155
2443 3659 2449 3664 ·

224 3715 456 3783 modus
492 3715 918 3782 transferendi
953 3716 1130 3784 verbi
1163 3716 1290 3784 late
1322 3727 1528 3806 patet,
1566 3739 1756 3804 quem
1787 3715 2135 3783 necessitas
2172 3739 2286 3804 ge-

225 3810 366 3874 nuit
418 3810 635 3898 inopia
684 3819 907 3876 coacta
956 3821 1022 3876 et
1074 3812 1414 3899 angustiis,
1467 3822 1616 3900 post
1665 3821 1878 3876 autem
1926 3809 2285 3876 iucunditas

226 3903 690 3989 delectatioque
744 3901 1115 3984 celebravit3
1176 3929 1327 3972 nam
1374 3916 1449 3972 ut
1497 3904 1696 3971 vestis
1750 3903 2004 3992 frigoris
2069 3904 2286 3992 depel-

226 3994 400 4061 lendi
446 4019 640 4063 causa
680 4010 932 4087 reperta
980 3998 1213 4087 primo,
1266 4009 1419 4088 post
1463 3996 1748 4066 adhiberi
1799 4008 2026 4085 coepta
2069 4009 2169 4064 est
2201 3996 2286 4063 ad

224 4100 522 4157 ornatum
557 4091 748 4160 etiam
783 4094 1063 4184 eorporis
1100 4105 1166 4160 et
1201 4095 1596 4182 dignitatem,
1634 4092 1726 4160 sic
1751 4093 1931 4160 verbi
1957 4092 2284 4160 translatio

334 4192 558 4238 Ciceronis
574 4195 657 4238 vol.
680 4193 736 4238 11.
1876 4200 1936 4248 12
