2784 4575
509 275 594 340 94
1127 283 1204 340 Μ.
1243 283 1517 341 TULLII
1554 282 1959 340 CICERONIS

505 409 858 486 misissent,
899 405 1300 472 Carneadem
1333 416 1400 472 et
1434 403 1789 473 Critolaum
1824 418 1887 472 et
1918 406 2309 492 Diogenem3
2356 407 2583 492 itaque

509 527 648 581 ece,
703 503 856 566 dum
887 501 1136 566 Romae
1189 511 1435 579 essent,
1491 509 1557 565 et
1590 523 1631 564 a
1666 521 1737 565 se
1774 511 1838 565 et
1878 501 1963 566 ab
2015 501 2155 566 aliis
2206 503 2585 586 frequenter

509 596 790 674 auditos3
846 616 1008 680 quos
1045 605 1182 660 tum
1215 617 1362 660 cum
1396 593 1666 659 haberes
1704 604 2024 672 auctores,
2058 595 2334 673 Antoni,
2382 597 2584 661 miror

510 712 620 756 cur
653 688 1098 778 philosophiae
1142 688 1305 753 sicut
1340 688 1583 752 Zethus
1619 687 1726 753 ille
1759 688 2165 754 Pacuvianus
2198 711 2407 776 prope
2446 689 2585 753 bel-

394 801 472 844 156
508 786 644 852 lum
675 783 1020 850 indixeris?
1080 783 1411 862 ‘minime‚'
1448 781 1653 866 inquit
1686 783 2069 848 Antonius‘
2079 805 2157 848 ac
2190 783 2283 848 sic
2318 784 2581 848 decrevi

505 877 944 967 philosophari
976 878 1208 987 potius,
1250 888 1326 941 ut
1348 876 1806 963 Neoptolemus
1844 877 2018 965 apud
2046 877 2387 942 Ennium‘
2392 883 2583 964 ‘pan-

507 973 630 1038 cis:
683 995 836 1037 nam
869 973 1124 1037 omnino
1159 971 1332 1036 haud
1363 970 1632 1058 placetss’
1708 971 1823 1036 sed
1858 980 2070 1036 tamen
2103 971 2263 1036 haec
2296 983 2401 1036 est
2432 992 2581 1038 mea

511 1067 841 1144 sententia,
863 1087 1054 1149 quam
1072 1065 1334 1131 videbar
1353 1065 1758 1151 exposuisse:
1798 1087 1921 1150 ego
1938 1064 2063 1132 ista
2082 1065 2293 1130 studia
2306 1089 2442 1130 non
2458 1065 2579 1130 im-

507 1161 728 1247 prob0,
757 1159 1084 1224 moderata
1115 1159 1304 1223 modo
1335 1157 1489 1223 sint:
1526 1158 1889 1244 opinionem
1914 1157 2184 1223 istorum
2219 1159 2577 1224 studiorum

510 1266 574 1320 et
609 1253 1026 1340 suspitionem
1061 1253 1305 1318 artificii
1340 1253 1512 1339 apud
1544 1274 1676 1331 eos,
1714 1253 1824 1336 qui
1854 1275 1961 1318 res
2003 1251 2299 1331 iudicent,
2335 1254 2580 1318 oratori

513 1348 940 1412 adversariam
958 1369 1102 1413 esse
1133 1347 1419 1424 arbitror,
1446 1345 1761 1412 imminuit
1788 1345 1955 1412 enim
1974 1357 2041 1412 et
2062 1347 2325 1412 oratoris
2352 1359 2581 1413 aucto-

407 1439 478 1494 38
509 1441 760 1507 ritatem
781 1453 844 1506 et
870 1441 1168 1507 orationis
1198 1442 1410 1506 fidem.
1459 1441 1591 1519 sed,
1610 1451 1682 1504 ut
1709 1462 1787 1506 eo
1812 1451 2163 1520 revocetur,
2193 1440 2363 1506 unde
2386 1439 2575 1527 [hue]

399 1510 475 1551 ¹⁵⁷
513 1533 850 1600 declinavit
869 1534 1088 1614 oratic,
1108 1557 1190 1601 ex
1207 1535 1409 1600 tribus
1429 1535 1569 1600 istis
1589 1534 1954 1600 clarissimis
1972 1535 2392 1623 philosophis,
2412 1557 2573 1620 quos

508 1629 785 1695 Romam
810 1629 1062 1695 venisse
1091 1629 1325 1708 dixisti,
1363 1629 1624 1694 videsne
1649 1627 2013 1714 Diogenem
2040 1651 2189 1694 eum
2212 1629 2435 1708 fixisse,
2464 1630 2573 1713 qui

511 1723 750 1788 diceret
784 1735 984 1789 artem
1021 1745 1092 1788 se
1127 1723 1376 1788 tradere
1408 1725 1573 1789 bene
1618 1722 1973 1788 disserendi
2006 1733 2073 1788 et
2104 1746 2260 1788 vera
2294 1745 2371 1789 ac
2403 1723 2573 1798 falsa

511 1817 924 1897 diiudicandi,
980 1839 1172 1901 quam
1207 1818 1401 1882 verbo
1440 1815 1689 1883 Graeco
1738 1813 2143 1904 διαλεκτικὴν
2186 1817 2577 1906 appellaret?

508 1912 576 1976 in
609 1912 731 1978 hae
767 1923 920 1989 arte,
959 1911 1015 1975 si
1048 1911 1238 1976 modo
1277 1922 1376 1976 est
1409 1911 1569 1976 haee
1598 1933 1721 1988 ars,
1756 1911 2002 1976 nullum
2020 1923 2119 1976 est
2142 1923 2571 1998 praeceptum,

510 2027 635 2089 quo
669 2006 862 2070 modo
897 2027 1120 2070 verum
1167 2004 1552 2082 inveniatur,
1609 2006 1724 2070 sed
1758 2015 2004 2070 tantum
2038 2015 2164 2084 est,
2218 2027 2347 2089 quo
2380 2007 2574 2071 modo

399 2127 477 2168 158
510 2099 846 2176 iudicetur3
881 2120 1034 2162 nam
1069 2119 1282 2174 omne,
1322 2099 1495 2181 quod
1530 2097 1883 2182 eloquimur
1918 2099 2039 2177 sic,
2072 2110 2148 2163 ut
2182 2098 2250 2163 id
2284 2109 2395 2164 aut
2430 2122 2575 2164 esse

510 2191 794 2256 dicamus
859 2202 967 2256 aut
1027 2215 1158 2258 non
1220 2214 1394 2270 esse,
1461 2203 1551 2270 et,
1618 2193 1674 2258 si
1736 2193 2101 2280 simpliciter
2170 2193 2409 2258 dictum
2470 2193 2570 2271 sit,

513 2283 866 2371 suscipiunt
899 2284 1238 2366 dialectici,
1271 2297 1346 2353 ut
1378 2286 1686 2366 iudicent,
1734 2310 2036 2353 verumne
2074 2287 2157 2353 sit
2192 2309 2275 2352 an
2306 2287 2569 2365 falsum3

511 2389 602 2457 et,
640 2380 698 2444 si
733 2380 1062 2445 coniuncte
1101 2381 1184 2447 sit
1219 2381 1455 2447 elatum
1490 2392 1553 2447 et
1588 2381 1885 2447 adiuncta
1920 2382 2048 2447 sint
2082 2381 2233 2459 alia,
2270 2382 2569 2461 iudicant,

511 2483 764 2540 rectene
817 2475 1116 2541 adiuncta
1161 2476 1288 2541 sint
1331 2486 1397 2541 et
1440 2498 1673 2541 verane
1728 2500 1977 2541 summa
2022 2476 2105 2542 sit
2135 2476 2325 2541 unius
2362 2476 2574 2541 cuius-

511 2589 634 2651 que
682 2567 945 2633 rationis
999 2580 1064 2634 et
1117 2570 1200 2634 ad
1245 2581 1597 2635 extremum
1648 2570 1772 2656 ipsi
1827 2592 1897 2635 se
1951 2581 2386 2657 compungunt
2440 2570 2569 2637 suis

511 2661 907 2728 acuminibus
944 2672 1010 2728 et
1041 2664 1243 2728 multa
1294 2664 1657 2747 quaerendo
1709 2664 2032 2751 reperiunt
2066 2687 2196 2730 non
2245 2664 2439 2729 modo
2474 2686 2569 2741 ea,

511 2777 672 2839 quae
725 2756 852 2821 iam
903 2780 1035 2823 non
1085 2757 1337 2844 possint
1398 2758 1523 2845 ipsi
1575 2758 1952 2837 dissolvere,
2018 2760 2133 2823 sed
2193 2758 2383 2823 etiam
2434 2758 2573 2843 qui-

398 2873 474 2914 159
507 2848 630 2914 bus
667 2861 812 2916 ante
849 2873 1078 2917 exorsa
1113 2862 1178 2917 et
1209 2851 1423 2938 potius
1462 2853 1718 2918 detexta
1759 2874 1959 2939 prope
1992 2863 2381 2918 retexantur.
2467 2852 2571 2915 hic

510 2964 627 3007 nos
662 2943 856 3030 igitur
889 2943 1150 3010 Stoicus
1185 2946 1308 3011 iste
1341 2946 1501 3010 nihil
1538 2946 1821 3026 adiuvat,
1878 2947 2207 3031 quoniam,
2260 2969 2453 3032 quem
2486 2946 2568 3009 ad

509 3036 772 3103 modum
820 3038 1141 3104 inveniam
1192 3038 1346 3122 quid
1402 3039 1637 3117 dicam,
1700 3059 1831 3105 non
1885 3041 2122 3127 docet,
2160 3051 2351 3124 atque
2401 3040 2570 3105 idem

512 3130 704 3196 etiam
743 3132 1036 3219 impedit,
1092 3134 1264 3215 quod
1308 3143 1374 3197 et
1416 3132 1622 3198 multa
1670 3134 1933 3219 reperit,
1988 3156 2151 3218 quae
2203 3145 2401 3221 negat
2438 3134 2571 3199 ullo

509 3224 700 3289 modo
733 3248 926 3311 posse
963 3225 1253 3304 dissolvi,
1292 3238 1357 3291 et
1391 3248 1595 3313 genus
1634 3229 1944 3294 sermonis
1984 3230 2191 3294 adfert
2222 3251 2353 3295 non
2387 3229 2573 3312 liqui-

512 3318 688 3398 dum,
743 3342 873 3386 non
907 3320 1122 3385 fusum
1158 3342 1232 3385 ac
1274 3322 1627 3407 profluens,
1684 3324 1799 3388 sed
1842 3323 2034 3401 exile,
2093 3323 2369 3401 aridum,
2423 3345 2571 3388 con-

511 3412 714 3477 cisum
749 3424 938 3499 atque
972 3414 1302 3493 minutum,
1340 3417 1513 3501 quod
1549 3417 1604 3481 si
1640 3416 1749 3501 qui
1781 3417 2097 3503 probabit,
2133 3418 2223 3483 ita
2254 3416 2565 3503 probabit,

511 3506 588 3572 ut
635 3508 868 3575 oratori
921 3517 1134 3574 tamen
1181 3521 1402 3597 aptum
1450 3534 1583 3577 non
1638 3534 1781 3577 esse
1832 3512 2135 3591 fateatur3
2189 3512 2349 3577 haec
2402 3510 2569 3575 enim

515 3611 735 3668 nostra
795 3602 996 3669 oratio
1056 3604 1479 3671 multitudinis
1535 3618 1635 3671 est
1686 3606 1943 3672 auribus
2006 3606 2569 3683 adcommodanda,

517 3695 600 3762 ad
633 3696 1045 3763 oblectandos
1085 3698 1359 3779 animos,
1400 3701 1483 3765 ad
1515 3699 1954 3787 impellendos,
1992 3700 2074 3765 ad
2110 3721 2187 3765 ea
2218 3700 2567 3786 probanda,

511 3812 674 3876 quae
707 3814 837 3857 non
884 3792 1154 3859 aurificis
1203 3806 1466 3874 statera,
1522 3795 1637 3859 sed
1680 3793 1971 3881 populari
2025 3795 2302 3879 quadam
2336 3793 2572 3858 trutina

399 3912 477 3953 160
511 3886 952 3952 examinantur
959 3912 978 3967 3
1016 3909 1144 3972 qua
1175 3911 1246 3954 re
1280 3889 1471 3953 istam
1506 3900 1705 3957 artem
1732 3900 1931 3955 totam
1960 3888 2365 3966 dimittemus,
2404 3908 2569 3971 quae

509 3979 579 4042 in
630 3982 1066 4067 excogitandis
1121 3982 1513 4069 argumentis
1566 3993 1751 4049 muta
1794 3983 2059 4049 nimium
2108 3994 2233 4061 est,
2288 3983 2357 4047 in
2407 3982 2569 4046 iudi-

513 4073 731 4137 candis
793 4075 1057 4141 nimium
1117 4075 1372 4161 loquax.
1474 4075 1828 4143 Critolaum
1886 4078 2108 4157 istum,
2172 4099 2361 4161 quem
2424 4098 2565 4141 cum
