2784 4575
345 1166 422 1206 1⁷2

343 1599 428 1653 ‘44

349 1672 427 1712 173

351 2657 429 2698 174

355 3310 431 3352 1⁷5

454 256 578 322 182
1061 260 1139 314 Μ.
1179 257 1451 315 TULLII
1488 251 1891 310 CICERONIS

536 411 730 475 quam
759 383 970 473 lepide
1005 383 1211 462 λέξεις
1248 375 1643 465 compostael
1679 386 1754 442 ut
1786 373 2133 441 tesserulae
2168 393 2389 437 omnes

515 473 672 550 'arte
707 479 1071 569 pavimento
1107 485 1297 558 atque
1332 470 1710 538 emblemate
1744 467 2173 534 vermiculato.

453 599 618 662 quae
661 597 808 641 cum
851 570 1122 638 dixisset
1161 568 1232 633 in
1263 564 1613 632 Albucium
1658 562 1951 636 inludens
1964 610 1983 640 ,
2034 583 2116 625 ne
2152 583 2193 624 a
2224 580 2329 623 me
2375 555 2527 642 qui-

454 672 603 737 dem
636 666 968 744 abstinuit:

540 763 852 830 Crassum
884 760 1090 824 habeo
1125 777 1462 844 generum,
1496 775 1580 819 ne
1612 749 2082 818 rhetoricotero’
2121 758 2191 812 tu
2228 746 2339 812 sis.

453 858 607 942 quid
641 857 832 943 ergo?
886 854 1008 920 iste
1046 851 1352 928 Crassus,
1401 846 1703 933 quoniam
1748 846 1883 912 eius
1920 841 2198 908 abuteris
2233 840 2523 919 nomine,

457 951 611 1038 quid
661 949 894 1016 efficit?
945 945 1104 1012 illud
1155 943 1441 1028 quidem;
1496 941 1764 1018 scilicet,
1818 949 1892 1003 ut
1938 937 2047 1003 ille
2098 936 2235 1002 volt
2274 945 2341 1000 et
2392 957 2525 1021 ego

453 1044 714 1122 vellem,
765 1041 991 1108 melius
1038 1039 1357 1123 aliquanto
1416 1058 1607 1121 quam
1638 1032 1984 1100 Albucius:
2018 1051 2269 1108 ,verum
2310 1027 2379 1092 in
2409 1049 2521 1092 me

461 1139 716 1222 quidem
750 1136 906 1202 lusit
937 1134 1044 1199 ille
1058 1181 1077 1212 ,
1121 1143 1196 1197 ut
1229 1131 1411 1198 solet.
1500 1129 1617 1195 sed
1650 1139 1751 1194 est
1783 1138 1997 1192 tamen
2030 1125 2191 1190 haec
2226 1121 2525 1188 conloca-

457 1233 546 1298 tio
601 1230 914 1298 servanda
966 1228 1332 1302 verborum,
1397 1224 1479 1290 de
1531 1245 1661 1307 qua
1708 1222 1933 1306 loquor
1940 1245 1961 1298 3
2023 1240 2185 1303 quae
2237 1217 2527 1282 iunctam

455 1324 802 1390 orationem
837 1322 1064 1400 efficit,
1117 1341 1282 1404 quae
1334 1319 1806 1393 cohaerentem,
1865 1335 2028 1398 quae
2061 1312 2299 1388 levem,
2354 1331 2527 1394 quae

461 1416 871 1502 aequabiliter
922 1416 1253 1493 fluentem,
1315 1411 1411 1499 [id
1464 1407 1927 1496 adsequamini]
1986 1406 2044 1472 si
2098 1403 2351 1492 [verba]
2410 1425 2527 1484 ex-

459 1522 661 1578 trema
704 1531 851 1576 cum
895 1507 1427 1592 consequentibus
1463 1504 1682 1591 primis
1718 1503 1809 1569 ita
1840 1503 2207 1588 iungentur,
2250 1509 2325 1564 ut
2356 1519 2526 1564 neve

464 1625 686 1690 aspere
739 1611 1135 1680 concurranb
1165 1624 1329 1668 neve
1380 1599 1625 1666 vastius
1680 1598 2074 1663 diducuntur.
2160 1593 2328 1658 hanc
2380 1591 2526 1656 dili·-

460 1697 742 1783 gentiam
795 1695 1202 1780 subsequitur
1249 1694 1479 1760 modus
1534 1693 1727 1758 etiam
1778 1701 1843 1757 et
1892 1690 2101 1756 forma
2159 1686 2521 1763 verborum,

465 1790 638 1874 quod
678 1790 807 1855 iam
860 1812 1083 1855 vereor
1133 1811 1214 1854 ne
1259 1786 1409 1851 huic
1445 1785 1677 1852 Catulo
1727 1785 2017 1850 videatur
2060 1803 2204 1848 esse
2245 1779 2519 1868 puerile3

459 1905 682 1949 versus
737 1883 907 1948 enim
958 1893 1204 1946 veteres
1255 1879 1349 1946 illi
1397 1879 1466 1945 in
1506 1878 1641 1960 *hac
1692 1877 1902 1944 soluta
1953 1875 2235 1941 oratione
2289 1895 2533 1960 prop&¹

459 1976 749 2054 modum,
794 1975 917 2040 hoc
951 1985 1077 2052 est,
1121 1995 1421 2038 numeros
1458 1972 1770 2056 quosdam
1802 1970 1987 2039 nobis
2032 1985 2179 2034 'esse
2214 1967 2522 2032 adhiben-

462 2069 582 2136 dos
616 2078 1028 2154 putaveruntz
1073 2061 1609 2152 interspirationis
1638 2064 1837 2142 enim,
1884 2087 2013 2130 non
2048 2061 2519 2148 defatigationis

463 2170 717 2226 nostrae
760 2181 966 2243 neque
1019 2157 1417 2223 librariorum
1466 2157 1665 2236 notis,
1722 2157 1837 2223 sed
1888 2157 2226 2222 verborum
2267 2165 2329 2220 et
2368 2175 2516 2218 sen-

459 2252 796 2319 tentiarum
821 2251 1012 2318 modo
1038 2251 1472 2338 interpunctas
1501 2250 1818 2317 clausulas
1854 2250 1921 2315 in
1956 2248 2345 2316 orationibus
2372 2267 2517 2313 esse

460 2345 823 2423 voluerunt3
876 2345 1067 2430 idque
1101 2344 1397 2432 princeps
1432 2345 1749 2411 Isocrates
1784 2344 2137 2412 instituisse
2170 2344 2396 2420 fel-mr,
2447 2352 2521 2407 ut

463 2439 851 2507 inconditam
885 2438 1287 2523 antiquorum
1321 2439 1575 2505 dicendi
1602 2438 2123 2505 consuetudinem
2157 2434 2521 2502 delectatio-

459 2534 560 2599 nis
599 2545 786 2618 atque
823 2533 1070 2599 aurium
1121 2555 1341 2613 causa,
1398 2555 1587 2617 quem
1632 2534 1715 2599 ad
1757 2533 2019 2599 modum
2072 2531 2291 2599 scribit
2332 2530 2519 2597 disci-

464 2629 655 2714 pulus
709 2627 848 2692 eius
899 2628 1280 2706 Naucrates,
1343 2628 1623 2693 numeris
1688 2626 2094 2712 astringeret3
2154 2648 2304 2689 nam
2358 2646 2521 2708 quae

476 2724 662 2811 [haec
711 2720 868 2809 duo]
934 2720 1190 2799 musici,
1251 2721 1361 2805 qui
1422 2733 1603 2789 erant
1662 2721 1983 2805 quondam
2041 2720 2213 2785 idem
2272 2724 2517 2805 poetae,

463 2814 806 2880 machinati
843 2814 926 2879 ad
958 2814 1350 2901 voluptatem
1385 2825 1565 2895 sunt,
1609 2838 1865 2881 versum
1900 2823 2089 2898 atque
2124 2823 2410 2891 cantum,
2450 2822 2520 2876 ut

466 2920 532 2974 et
564 2908 904 2974 verborum
945 2932 1208 2974 numero
1254 2921 1320 2974 et
1363 2931 1593 2975 vocum
1632 2910 1825 2975 modo
1874 2906 2347 2996 [delectatione]
2385 2907 2519 2972 vin-

463 3012 680 3067 cerent
712 3002 960 3067 aurium
1005 3001 1360 3067 satietatem
1396 3038 1483 3049 —
1515 3001 1675 3067 haec
1716 3000 1910 3088 igitur
1959 3002 2115 3081 duo,
2167 3001 2345 3068 vocis
2380 3000 2515 3066 dico

463 3094 962 3161 moderationem
1005 3106 1072 3159 et
1111 3095 1451 3161 verborum
1492 3094 1993 3172 conclusionem,
2038 3095 2252 3178 quoad
2294 3092 2517 3160 oratio-

463 3188 564 3253 nis
599 3187 904 3253 severitas
947 3186 1083 3273 pati
1134 3198 1382 3273 posset,
1438 3211 1479 3252 a
1509 3187 1760 3273 poetica
1804 3187 1888 3252 ad
1938 3187 2363 3271 eloquentiam
2396 3197 2519 3253 tra-

467 3280 755 3347 ducenda
787 3274 1104 3347 du'xerunt
1111 3306 1130 3359 3
1167 3282 1235 3345 in
1270 3303 1398 3365 quo
1432 3281 1590 3346 illud
1622 3292 1724 3347 est
1754 3280 2131 3360 maximum,
2176 3281 2349 3366 quod
2382 3302 2517 3347 ver-

467 3400 576 3443 sus
610 3376 679 3442 in
713 3375 995 3442 oratione
1031 3375 1088 3441 si
1123 3374 1393 3441 efficitur
1426 3375 1864 3442 coniunctione
1899 3377 2265 3453 verborum,
2300 3375 2517 3441 vitium

433 3482 590 3548 -est,
628 3482 694 3536 et
727 3481 941 3536 tamen
974 3491 1120 3535 eam
1145 3467 1650 3538 coniunctionem
1676 3469 1863 3535 sicuti
1898 3492 2155 3537 versum
2188 3491 2514 3536 numerose

467 3564 692 3629 cadere
745 3575 812 3631 et
867 3564 1178 3647 quadrare
1241 3574 1309 3630 et
1363 3564 1584 3650 perfici
1644 3564 1937 3630 volumus
1950 3612 1969 3642 ,
2030 3587 2238 3649 neque
2290 3574 2391 3631 est
2440 3586 2515 3628 ex

465 3656 682 3721 multis
717 3680 822 3724 res
857 3680 1006 3735 una,
1042 3678 1205 3741 quae
1239 3658 1447 3745 magis
1482 3668 1796 3724 oratorem
1831 3659 1915 3723 ab
1946 3656 2237 3745 imperito
2274 3656 2515 3722 dicendi

465 3751 815 3837 ignaroque
877 3751 1254 3839 distinguat,
1317 3773 1509 3834 quam
1570 3751 1742 3835 quod
1797 3751 1907 3817 ille
1964 3752 2141 3817 rudis
2202 3750 2513 3817 incondite

467 3844 678 3909 fundit
715 3841 1050 3929 [quantum
1091 3843 1331 3932 potest]
1380 3858 1447 3910 et
1486 3844 1582 3924 id,
1639 3846 1812 3930 quod
1853 3844 2033 3923 dicit,
2088 3845 2341 3932 spiritu,
2392 3866 2513 3911 non

470 3947 604 4001 arte
641 3936 1043 4017 determinat,
1089 3949 1300 4005 orator
1335 3950 1547 4004 autem
1582 3938 1675 4005 sic
1706 3938 1932 4025 inligat
1968 3938 2349 4006 sententiam
2380 3960 2512 4005 ver-

468 4025 598 4103 bis,
652 4038 723 4091 ut
757 4051 898 4095 eam
939 4054 1200 4099 numero
1246 4033 1523 4117 quodam
1565 4034 2017 4120 complectatur
2060 4043 2124 4100 et
2166 4034 2421 4100 astricto
2454 4044 2513 4099 et

2739 1433 2744 1586 ι
