2784 4575
443 225 526 291 72
878 305 881 310 .
933 237 1357 296 CORNIFICII
1391 234 2019 294 RHETORICORUM
2080 264 2088 273 ι

435 364 632 440 tione,
695 361 818 428 hoc
867 371 1083 448 pacto:
1148 360 1308 444 ‘qui'
1349 358 1848 424 adulescentium
1906 358 2185 445 peccatis
2250 359 2500 446 ignosci

432 467 659 545 putant
692 465 1007 542 oportere,
1054 455 1385 532 falluntur,
1432 464 1771 540 propterea
1803 454 1976 538 quod
2010 464 2187 518 aetas
2222 453 2333 518 illa
2366 478 2497 520 non

435 561 534 616 est
585 549 1036 636 impedimento
1090 548 1276 614 bonis
1331 548 1557 613 studiis
1568 573 1587 626 3
1644 557 1711 612 at
1751 547 1811 612 ei
1865 547 2183 633 sapienter
2233 547 2495 625 faciunt,

435 644 543 727 qui
578 643 999 711 adulescentis
1045 643 1320 708 maxime
1358 643 1701 728 castigant,
1745 652 1846 719 ut,
1892 641 2121 726 quibus
2158 641 2496 707 virtutibus

435 761 688 802 omnem
737 736 934 801 vitam
985 735 1148 801 tueri
1199 735 1478 822 possint,
1534 757 1643 799 eas
1697 735 1765 799 in
1812 745 2017 800 aetate
2068 733 2499 806 maturissima

433 831 630 896 velint
681 829 1087 916 comparare?
1197 822 1543 895 sententias
1608 829 1923 916 interponi
1974 853 2117 894 rare
2180 830 2496 908 convenit,

431 935 504 990 ut
535 925 629 990 rei
673 936 946 1002 actores,
1001 946 1130 988 non
1164 924 1424 988 vivendi
1456 935 1903 1011 praeceptores
1946 924 2275 990 videamur
2320 948 2495 992 esse:

433 1039 579 1082 cum
628 1019 720 1083 ita
777 1019 1282 1102 interponentur,
1345 1017 1616 1081 multum
1678 1018 1968 1083 adferent
2028 1018 2381 1084 ornamenti
2434 1031 2499 1084 et

431 1133 698 1176 necesse
735 1122 836 1176 est
869 1111 1079 1176 animo
1117 1110 1488 1197 comprobet
1526 1107 1724 1196 [eam]
1765 1111 1993 1176 tacitus
2030 1112 2307 1190 auditor,
2352 1134 2499 1177 cum

435 1206 518 1270 ad
561 1227 822 1270 causam
877 1205 1091 1270 videat
1143 1205 1616 1272 adcommodari
1666 1228 1803 1270 rem
1856 1217 2093 1270 certam
2136 1229 2217 1272 ex
2261 1208 2393 1272 vita
2434 1219 2497 1272 et

432 1301 714 1364 moribus
755 1309 1092 1385 sumptam.

331 1411 400 1466 18
557 1389 996 1480 [Contrarium
1029 1393 1200 1457 idem
1236 1394 1370 1458 fere
1409 1403 1536 1471 est,
1584 1393 1755 1476 quod
1788 1392 2157 1480 contentia]
2250 1405 2499 1460 contra-

430 1487 594 1551 rium
629 1496 746 1566 est,
785 1489 955 1571 quod
989 1510 1070 1551 ex
1088 1487 1294 1552 'rebus
1333 1486 1601 1552 diversis
1642 1486 1889 1550 duabus
1926 1487 2189 1554 alteram
2222 1487 2499 1552 breviter

435 1590 500 1646 et
533 1580 720 1645 facile
767 1581 1121 1659 confirmat,
1177 1581 1302 1646 hoc
1333 1592 1553 1666 pacto:
1612 1586 1789 1644 ‘nam
1824 1579 1933 1664 qui
1968 1580 2099 1645 suis
2144 1579 2495 1646 rationibus

432 1673 723 1740 inimicus
759 1675 950 1740 fuerit
985 1697 1256 1762 semper,
1295 1698 1443 1739 eum
1477 1696 1602 1757 quo
1637 1674 1829 1740 modo
1858 1673 2077 1738 alienis
2112 1675 2303 1740 rebus
2342 1675 2497 1740 ami-

432 1790 582 1834 cum·
612 1768 749 1834 fore
787 1769 1072 1854 speres?'
1119 1769 1302 1833 item:
1352 1774 1532 1832 ‘nam
1567 1789 1758 1851 quem
1791 1768 1861 1832 in
1894 1767 2169 1832 amicitia
2200 1768 2497 1854 perfidio·-

433 1885 577 1926 sum
620 1863 1028 1948 cognoveriS,
1083 1884 1230 1926 eum
1274 1883 1401 1944 qua
1433 1884 1504 1926 re
1545 1871 1733 1947 putes
1786 1861 2145 1928 inimicitias
2191 1884 2336 1927 cum
2369 1862 2495 1928 fide

431 1967 646 2021 tenere
679 1956 909 2040 posse?
945 1965 1056 2020 aut
1090 1953 1198 2038 qui
1224 1955 1511 2040 privatus
1537 1954 1918 2043 intolerabili
1954 1955 2251 2042 superbia
2284 1956 2493 2033 fixerit,

433 2062 579 2115 eum
633 2049 1036 2113 commodum
1078 2059 1142 2112 et
1186 2059 1678 2134 cognoscentem
1732 2048 1831 2113 sui
1882 2049 2019 2114 fore
2062 2050 2130 2114 in
2178 2060 2497 2137 potestate

432 2143 542 2226 qui
578 2143 834 2227 speres?
921 2151 986 2206 et
1020 2142 1127 2226 qui
1160 2141 1230 2206 in
1265 2143 1661 2209 sermonibus
1700 2155 1764 2209 et
1798 2155 2117 2210 conventu
2151 2144 2497 2210 amicorum

429 2260 654 2303 verum
687 2235 914 2302 dixerit
947 2259 1320 2322 numquam,
1378 2259 1524 2303 eum
1568 2237 1689 2304 sibi
1722 2238 1791 2304 in
1825 2239 2223 2305 contionibus
2272 2239 2493 2305 credas

431 2358 471 2398 a
493 2332 823 2397 mendacio
843 2332 1403 2419 temperaturmn?'
1431 2333 1613 2398 item:
1644 2340 1831 2418 ‘quos
1860 2358 1943 2399 ex
1968 2334 2235 2401 collibus
2267 2334 2496 2400 deieci-

429 2449 600 2503 mus,
657 2447 801 2489 cum
855 2426 946 2491 eis
999 2427 1069 2490 in
1122 2448 1347 2514 campo
1402 2427 1742 2493 metuimus
1796 2428 2135 2494 dimicare?
2197 2428 2307 2512 qui
2350 2432 2497 2493 cum'

427 2520 641 2607 plures
697 2531 902 2598 erant,
955 2521 1178 2608 paucis
1231 2522 1417 2587 nobis
1468 2522 1811 2607 exaequari
1858 2545 1991 2589 non
2039 2533 2359 2610 poterant,
2412 2522 2492 2600 ei,

425 2626 767 2701 postquam
800 2616 1131 2702 pauciores
1169 2626 1346 2696 sunt,
1381 2617 1753 2696 metuimus,
1790 2640 1872 2683 ne
1910 2617 2037 2683 sint
2072 2617 2491 2706 superiores?’

331 2736 384 2777 26
433 2711 554 2776 hoc
589 2710 1014 2777 exornationis
1043 2732 1247 2797 genus
1282 2710 1561 2776 breviter
1596 2722 1663 2776 et
1696 2712 2075 2777 continuatis
2104 2712 2316 2777 verbis
2349 2734 2497 2799 per-

428 2804 667 2868 fectum
703 2802 893 2869 debet
927 2827 1090 2882 esse,
1127 2814 1193 2869 et
1228 2826 1374 2869 cum
1410 2805 1815 2871 commodum
1850 2816 1951 2871 est
1986 2806 2205 2871 auditu
2235 2815 2500 2892 propter

425 2898 687 2961 brevem
731 2908 795 2960 et
839 2899 1198 2963 absolutam
1231 2898 1731 2976 conclusionem,
1778 2900 1917 2963 tum
1960 2922 2110 2963 vero
2156 2899 2495 2965 vehemen-

427 3000 551 3068 ter,
602 2988 672 3053 id
724 2991 894 3073 quod
945 3015 1105 3077 opus
1161 3002 1262 3057 est
1321 2992 1583 3071 oratori,
1638 2993 2008 3077 comprobat
2061 2992 2373 3057 contraria
2422 3017 2493 3058 re

429 3094 493 3148 et
546 3106 627 3147 ex
679 3106 783 3160 e0,
847 3085 1018 3167 quod
1071 3085 1334 3150 dubium
1385 3108 1518 3151 non
1570 3098 1699 3164 est,
1766 3086 2024 3173 expedit
2072 3086 2257 3164 illud,
2319 3089 2492 3170 quod

429 3186 528 3241 est
563 3176 852 3254 dubium,
897 3189 970 3243 ut
1003 3189 1114 3243 aut
1148 3179 1304 3243 dilui
1337 3202 1469 3245 non
1500 3180 1708 3265 possit
1742 3191 1853 3244 aut
1884 3179 2086 3246 multo
2122 3178 2489 3245 difficillime

428 3270 650 3355 possit.

323 3376 392 3432 19
547 3361 914 3429 Membrum
966 3365 1268 3431 orationis
1325 3365 1682 3453 appellatur
1721 3388 1827 3431 res
1871 3366 2145 3431 breviter
2200 3368 2491 3435 absoluta

429 3455 566 3521 sine
621 3454 812 3522 totius
867 3458 1216 3524 sententiae
1270 3459 1835 3539 demonstratione,
1889 3482 2052 3545 quae
2104 3462 2311 3529 denuo
2366 3460 2489 3527 alio

425 3552 710 3617 membro
749 3552 1048 3619 orationis
1095 3552 1434 3641 excipitur,
1488 3554 1611 3620 hoc
1651 3565 1871 3643 pacto:
1929 3560 2023 3621 ‘et
2054 3555 2307 3622 inimico
2340 3577 2490 3641 pro-

423 3644 639 3710 deras'
693 3682 784 3695 --
840 3645 909 3711 id
969 3657 1068 3713 est
1125 3670 1352 3727 unum,
1418 3649 1592 3732 quod
1650 3649 2043 3737 appellamus
2104 3649 2459 3716 membrum
2466 3671 2485 3725 3

426 3739 654 3805 deinde
690 3739 814 3806 hoc
858 3741 1206 3828 excipiatur
1249 3753 1501 3828 oportet
1544 3742 1770 3810 altero:
1825 3748 1920 3809 ‘et
1962 3743 2235 3809 amicum
2276 3741 2491 3807 laede-

427 3830 582 3897 bas.'
682 3856 765 3900 ex
819 3836 1068 3901 duobus
1119 3836 1422 3901 membris
1479 3837 1630 3902 solis
1682 3837 1843 3903 haec
1894 3836 2221 3903 exornatio
2276 3844 2490 3923 potest

323 4014 326 4018 Δ
427 3936 750 4005 constare,
805 3930 920 3996 sed
963 3930 1479 3997 commodissima
1522 3942 1585 3996 et
1628 3930 2101 3997 absolutissima
2142 3940 2269 4009 est,
2322 3952 2487 4013 quae

427 4042 510 4085 ex
560 4022 761 4089 tribus
815 4036 1090 4105 constat,
1154 4027 1278 4091 hoc
1325 4036 1543 4116 pacto:
1608 4032 1703 4091 ‘et
1750 4025 2007 4091 inimico
2066 4026 2371 4111 proderas
2422 4032 2487 4091 et
