2784 4575
899 253 1218 311 ORATOR
1252 254 1554 311 158—162.
2129 240 2262 307 315

182 382 386 460 citur,
439 380 508 445 in
543 378 772 445 ceteris
807 352 1102 445 omnibus
1143 376 1443 443 breviter.
1526 374 1807 461 itemque
1852 377 2260 463 ‘composuit,

181 474 530 542 consuevit
535 522 558 553 ,
615 472 1010 560 concrepuit,
1063 471 1396 539 confecit?
1452 470 1711 537 consule
1755 469 2117 549 veritatem,
2158 494 2261 537 re-

181 568 578 657 prehendet:
621 568 792 635 refer
827 566 910 631 ad
945 565 1147 643 auris,
1189 564 1574 653 probabunt.
1661 585 1923 648 quaere,
1968 564 2121 631 cur?
2170 564 2262 629 ita

185 684 266 729 se
303 662 518 727 dicent
549 659 782 738 iuvari3
838 658 1150 747 voluptati
1193 668 1408 724 autem
1442 655 1691 723 aurium
1742 656 2115 745 morigerari
2148 656 2261 723 de-

183 756 306 822 bet
339 754 564 823 oratio.
651 754 803 839 quin
837 775 962 841 ego
994 753 1164 841 ipse,
1211 774 1358 817 cum
1393 750 1622 817 scirem
1654 750 1747 815 ita
1778 750 2051 818 maiores
2085 750 2263 817 locu-
2296 776 2377 819 ιω

185 860 296 915 tos
334 871 508 926 esse,
543 857 616 913 ut
649 868 965 931 nusquam
997 846 1122 913 nisi
1154 846 1223 912 in
1257 844 1465 912 vocali
1499 843 1883 931 aspiratione
1914 854 2259 924 uterentur,

186 944 506 1029 loquebar
549 942 670 1021 sic,
723 952 798 1007 ut
840 948 859 979 ‘
867 941 1153 1029 pulcros,
1198 938 1513 1027 Cetegos‘,
1566 938 1902 1026 triumpos,
1955 939 2263 1027 Kartagi-

185 1037 374 1103 nem’
430 1036 708 1101 dicerem
715 1060 736 1113 3
790 1034 1162 1119 aliquando,
1213 1034 1407 1119 idque
1461 1056 1634 1112 sero,
1689 1032 1964 1100 convitio
2016 1032 2264 1099 aurium

189 1151 346 1194 cum
391 1138 640 1195 extorta
680 1128 841 1193 mihi
890 1128 1125 1195 veritas
1179 1140 1380 1207 esset,
1433 1146 1623 1193 usum
1674 1127 1977 1211 loquendi
2024 1126 2261 1215 populo

191 1222 518 1302 concessi,
572 1220 903 1289 scientiam
943 1221 1101 1288 mihi
1132 1222 1457 1288 reservavi
1464 1247 1485 1299 ;
1542 1228 1559 1258 ‘
1572 1220 1897 1288 Orcivios’
1941 1230 2157 1287 tamen
2199 1232 2265 1287 et

193 1317 561 1394 ‘Matones,
606 1315 886 1394 Otones,
926 1313 1318 1404 Caepiones,
1365 1316 1688 1402 sepulcra,
1736 1336 2033 1393 coronas,
2076 1313 2267 1381 lacri-

189 1434 337 1477 mas
350 1411 368 1441 ’
405 1410 702 1489 dicimus,
756 1410 906 1495 quia
945 1432 1062 1498 per
1106 1410 1354 1475 aurium
1394 1410 1700 1475 iudicium
1738 1405 2047 1497 [semper]
2091 1408 2261 1475 licet.

193 1504 535 1569 ‘Burrum’
573 1526 824 1591 semper
855 1504 1140 1583 Ennius,
1175 1526 1527 1589 numquam
1560 1502 1967 1590 ‘Pyrrhum3’

284 1596 353 1663 vi
385 1598 822 1685 patefecerunt
851 1598 1129 1685 Bruges,

192 1714 330 1759 non
365 1692 688 1779 ‘Phryges
695 1716 715 1770 3
729 1690 746 1720 ’
799 1690 1006 1779 ipsius
1051 1690 1293 1775 antiqui
1338 1688 1664 1756 declarant
1706 1690 1881 1756 libri:
1931 1710 2053 1755 nec
2094 1687 2267 1755 enim

197 1784 518 1853 Graecam
567 1786 844 1853 litteram
896 1785 1313 1863 adhibebant,
1365 1805 1539 1850 nunc
1583 1794 1797 1851 autem
1838 1784 2034 1850 etiam
2079 1783 2262 1861 duas,

195 1892 266 1946 et
300 1902 446 1945 cum
475 1881 770 1967 Brugum
806 1889 872 1945 et
909 1876 1112 1967 [cum]
1148 1878 1479 1965 Brugibus
1525 1878 1865 1945 dicendum
1907 1888 2107 1956 esset,
2152 1878 2267 1943 ab-

196 1974 466 2040 surdum
500 1984 638 2041 erat
671 1984 780 2041 aut
815 1995 958 2039 eam
991 1973 1062 2038 in
1095 1973 1382 2040 barbaris
1422 1974 1676 2039 casibus
1717 1970 2065 2059 [Graecam
2096 1972 2265 2039 litte-

192 2066 365 2155 ram]
423 2068 726 2134 adhibere
780 2077 890 2133 aut
929 2079 1105 2135 recto
1160 2088 1316 2134 casu
1361 2067 1571 2133 solum
1608 2065 1856 2133 Graece
1908 2067 2113 2151 loqui,
2167 2078 2263 2133 ta-

193 2186 348 2228 men
399 2172 465 2227 et
507 2161 858 2249 ‘Phryges'
897 2172 962 2227 et
1005 2160 1378 2246 ‘Pyrrhum’
1436 2160 1685 2227 aurium
1718 2180 1915 2227 causa
1966 2160 2257 2226 dicimus.

194 2256 353 2340 quin
396 2255 616 2335 etiam,
667 2255 841 2340 quod
881 2254 1011 2322 iam
1055 2254 1483 2322 subrusticum
1527 2255 1807 2335 videtur,
1860 2254 2013 2322 olim
2048 2265 2263 2322 autem
2298 2280 2377 2321 161

196 2348 488 2436 politius,
531 2371 754 2416 eorum
788 2351 1154 2428 verborum,
1201 2372 1472 2433 quorum
1507 2349 1770 2416 eaedem
1805 2359 1987 2416 erant
2017 2359 2266 2436 postre-

197 2463 343 2508 mae
387 2441 552 2507 duae
601 2441 878 2520 litterae,
934 2463 1096 2528 quae
1151 2452 1302 2508 sunt
1351 2443 1421 2506 in
1466 2443 1771 2528 ‘optimus
1782 2442 1821 2520 ,’
1876 2454 2267 2528 postremam

195 2538 474 2604 litteram
517 2535 964 2615 detrahebant,
1014 2536 1142 2600 nisi
1186 2536 1429 2602 vocalis
1464 2535 1949 2620 insequebatur3
2001 2535 2093 2599 ita
2132 2556 2265 2600 non

197 2641 338 2696 erat
370 2653 449 2696 ea
491 2630 762 2696 offensio
797 2630 866 2694 in
909 2629 1233 2709 versibus,
1287 2651 1485 2714 quam
1523 2650 1695 2696 nunc
1738 2628 1996 2716 fugiunt
2035 2633 2265 2715 poetae

197 2723 350 2790 novi
357 2748 378 2801 3
412 2724 506 2790 ita
537 2722 708 2790 enim
739 2723 1157 2808 loquebamur

289 2816 426 2903 ‘qui
460 2827 560 2884 est
594 2815 874 2884 omnibu’
911 2817 1240 2904 princeps’

197 2933 330 2978 non
365 2911 686 2978 ‘omnibus
720 2910 1018 2998 princeps
1028 2910 1068 2988 ,³
1105 2922 1174 2976 et

287 3006 418 3072 vita
447 3005 560 3072 illa
591 3004 818 3091 dignu'
853 3005 1124 3090 locoque

199 3123 331 3166 non
367 3099 667 3187 ‘dignus.'
757 3099 932 3184 quod
967 3099 1022 3165 si
1055 3100 1314 3166 indocta
1365 3098 1762 3166 consuetudo
1813 3110 1947 3165 tam
1979 3108 2081 3166 est
2112 3099 2263 3166 arti-

201 3197 312 3261 fex
347 3195 706 3274 suavitatis,
759 3195 914 3279 quid
947 3195 1030 3262 ab
1061 3194 1207 3283 ipsa
1247 3194 1507 3260 tandem
1550 3203 1685 3260 arte
1720 3206 1785 3260 et
1828 3194 2115 3262 doctrina
2145 3218 2262 3282 po-

205 3288 424 3352 stulari
464 3291 800 3375 putamus?
851 3289 1012 3356 haec
1055 3288 1190 3355 dixi
1229 3288 1519 3366 brevius,
1575 3308 1767 3372 quam
1800 3287 1859 3352 si
1898 3287 2023 3354 hac
2064 3288 2145 3353 de
2186 3309 2257 3353 re
2296 3317 2376 3360 162

203 3403 333 3445 una
382 3381 802 3469 disputarem,
835 3417 926 3432 -
968 3394 1068 3450 est
1119 3382 1289 3450 enim
1343 3382 1449 3448 hic
1498 3383 1679 3449 locus
1732 3383 1859 3448 late
1909 3392 2137 3469 patens
2181 3382 2261 3446 de

203 3486 430 3540 natura
461 3497 708 3560 usuque
744 3477 1082 3543 verborum
1106 3477 1467 3564 —longius
1504 3487 1716 3544 autem
1750 3498 1942 3563 quam
1976 3475 2263 3542 instituta

201 3570 364 3636 ratio
396 3570 784 3656 postulabat.

325 3661 461 3730 Sed
493 3663 642 3750 quia
673 3687 886 3730 rerum
921 3666 1383 3750 verborumque
1410 3665 1710 3732 iudicium
1733 3662 2107 3754 prudentiae
2140 3674 2259 3743 est,
2294 3679 2369 3736 49

205 3781 431 3824 vocum
466 3771 678 3827 autem
713 3771 780 3826 et
813 3783 1220 3827 numerorum
1257 3783 1443 3826 aures
1480 3770 1633 3826 sunt
1661 3761 1904 3828 iudices
1917 3809 1935 3839 ,
1990 3770 2056 3826 et
2089 3759 2261 3844 quod

207 3854 318 3919 illa
367 3854 452 3919 ad
501 3854 1004 3941 intellegentiam
1053 3857 1445 3933 referuntur,
1500 3854 1661 3920 haec
1711 3856 1796 3920 ad
1847 3855 2258 3942 voluptatem,

205 3947 275 4013 in
325 3945 450 4012 illis
506 3949 668 4016 ratio
721 3949 997 4028 invenit,
1069 3949 1140 4014 in
1187 3949 1291 4015 his
1353 3971 1583 4014 sensus
1638 3960 1837 4016 artem
1848 3975 1869 4027 3
1928 3959 2042 4016 aut
2076 3947 2260 4014 enim

203 4041 604 4128 neglegenda
653 4043 776 4110 fuit
825 4043 1010 4110 nobis
1063 4044 1356 4110 voluntas
1412 4065 1659 4124 eorum,
1722 4044 1950 4130 quibus
2002 4040 2259 4132 probari
