2784 4575
450 211 576 277 120
1011 219 1092 274 Μ.
1129 217 1405 276 TULLII
1440 215 1845 274 CICERONIS

443 344 650 412 ‘domi
689 342 947 431 negavit
979 363 1124 407 esse
1133 341 1174 421 ‚⁹
1227 341 1302 406 fit
1339 363 1554 406 rerum
1596 339 1995 406 multitudine
2040 340 2293 428 longus.
2382 363 2519 426 qua

442 464 515 507 re
557 439 680 506 hoc
724 459 974 523 quoque
1017 436 1088 502 in
1129 456 1363 522 genere
1416 434 1677 500 vitanda
1718 445 1819 500 est
1860 434 2189 500 brevitatis
2240 435 2513 504 imitatio

446 545 512 600 et
543 557 672 600 non
707 530 918 598 minus
951 553 1164 596 rerum
1199 551 1329 594 non
1361 529 1895 607 necessariarum,
1942 550 2136 613 quam
2169 530 2515 596 verborum

345 659 400 700 29
441 626 842 694 multitudine
895 623 1443 712 supersedendum
1486 633 1605 688 est.
1694 634 1915 710 aperta
1966 634 2178 690 autem
2228 624 2511 690 narratio

440 722 672 812 poterit
723 743 896 799 esse,
963 719 1048 797 si,
1111 728 1186 784 ut
1237 717 1515 804 quidque
1565 717 1842 806 primum
1900 729 2155 806 gestum
2206 719 2355 798 erit,
2416 719 2512 784 ita

441 819 718 905 primum
761 825 1142 902 exponetur,
1197 823 1263 877 et
1303 834 1517 878 rerum
1562 833 1638 877 ac
1680 823 2037 900 temporum
2080 812 2238 880 ordo
2290 835 2511 879 serva-

441 914 640 990 bitur,
693 921 766 976 ut
807 909 899 974 ita
939 917 1301 984 narrentur,
1353 916 1430 970 ut
1470 917 1693 994 gestae
1730 929 1837 973 res
1884 917 2071 974 erunt
2120 918 2232 976 aut
2272 918 2345 972 ut
2390 931 2511 996 po-

444 1007 642 1071 tuisse
678 1003 815 1092 geri
849 1001 1249 1066 videbuntur.
1337 999 1443 1064 hic
1476 999 1597 1066 erit
1630 1001 2189 1079 considerandum,
2233 1023 2315 1068 ne
2351 1001 2507 1086 quid

440 1098 836 1186 perturbate,
889 1118 970 1160 ne
1015 1094 1168 1180 quid
1210 1105 1495 1161 contorte
1541 1095 1813 1173 dicatur,
1868 1119 1949 1162 ne
1986 1117 2179 1182 quam
2210 1095 2278 1160 in
2314 1095 2503 1162 aliam

443 1216 581 1258 rem
615 1202 1001 1267 transeatur,
1035 1211 1118 1254 ne
1155 1189 1236 1254 ab
1268 1189 1494 1256 ultimo
1528 1201 1879 1276 repetatur,
1915 1213 1996 1255 ne
2033 1189 2117 1255 ad
2150 1201 2506 1256 extremum

442 1285 805 1374 prodeam,
842 1305 924 1349 ne
959 1282 1142 1369 quid,
1178 1283 1350 1368 quod
1383 1283 1467 1348 ad
1500 1305 1637 1348 rem
1668 1284 2008 1370 pertineat,
2043 1294 2505 1369 praetereatur3

447 1393 511 1446 et
545 1379 820 1458 omnino,
857 1401 1020 1464 quae
1054 1387 1397 1466 praecepta
1422 1377 1503 1443 de
1546 1377 1855 1444 brevitate
1894 1389 2060 1456 sunt,
2098 1378 2221 1444 hoc
2256 1399 2509 1462 quoque

444 1477 512 1540 in
537 1497 771 1563 genere
800 1484 950 1540 sunt
975 1472 1429 1550 conservanda,
1458 1493 1609 1537 nam
1634 1494 1826 1560 saepe
1844 1495 1947 1538 res
1964 1495 2191 1559 parum
2206 1481 2309 1538 est
2323 1471 2511 1537 intel-

442 1571 608 1636 lecta
633 1569 1024 1656 longitudine
1052 1566 1280 1654 magis,
1318 1587 1511 1651 quam
1544 1565 1931 1634 obscuritate
1964 1565 2361 1633 narrationis.
2432 1586 2511 1630 ac

444 1664 655 1728 verbis
691 1684 942 1748 quoque
996 1661 1286 1727 dilucidis
1343 1659 1654 1726 utendum
1694 1671 1795 1726 est
1801 1685 1822 1739 ;
1875 1681 2001 1744 quo
2020 1660 2100 1725 de
2142 1681 2376 1746 genere
2412 1659 2510 1725 di-

341 1775 407 1829 21
445 1759 716 1823 cendum
740 1757 922 1823 estin
947 1756 1302 1844 praeceptis
1331 1753 1723 1820 elocutionis,
1774 1752 2119 1842 probabilis
2149 1753 2267 1819 erit
2290 1775 2510 1818 narra-

444 1854 552 1931 tio,
589 1853 647 1918 si
688 1853 756 1916 in
782 1875 860 1917 ea
891 1851 1274 1917 videbuntur
1307 1850 1520 1916 inesse
1548 1873 1644 1928 ea,
1680 1871 1843 1934 quae
1861 1850 2069 1916 solent
2102 1872 2407 1937 apparere
2439 1849 2509 1915 in

447 1947 742 2024 veritate3
781 1947 837 2011 si
867 1967 1285 2031 personarum
1321 1944 1663 2030 dignitates
1700 1945 2147 2024 servabuntur3
2186 1945 2242 2010 si
2277 1966 2507 2012 causae

447 2042 762 2105 factorum
813 2038 1182 2115 exstabunt3
1249 2037 1304 2102 si
1355 2037 1557 2104 fuisse
1609 2038 1945 2106 facultates
1998 2039 2280 2104 faciundi
2329 2038 2508 2104 vide-

449 2136 708 2210 buntur-3
763 2131 818 2196 si
853 2141 1104 2218 tempus
1139 2132 1467 2210 idoneum,
1523 2133 1580 2198 si
1620 2133 1812 2220 spatii
1846 2133 2031 2212 satis,
2088 2133 2145 2199 si
2176 2133 2355 2199 locus
2390 2156 2508 2220 op·-

441 2236 751 2314 portunus
790 2226 873 2291 ad
905 2247 1048 2292 eam
1080 2246 1236 2305 rem,
1273 2247 1403 2311 qua
1436 2227 1516 2293 de
1548 2249 1620 2293 re
1654 2227 2028 2306 narrabitur,
2065 2225 2266 2293 fuisse
2292 2238 2509 2295 osten-

445 2322 655 2398 detur-3
712 2320 767 2385 si
800 2343 904 2386 res
941 2331 1006 2386 et
1041 2321 1124 2386 ad
1157 2342 1407 2399 eorum,
1462 2322 1573 2405 qui
1616 2332 1838 2409 agent,
1892 2332 2185 2387 naturam
2226 2332 2291 2388 et
2334 2322 2508 2409 volgi

443 2436 686 2480 morem
721 2424 787 2479 et
821 2415 904 2479 ad
949 2436 1196 2493 eorum,
1252 2415 1361 2499 qui
1406 2415 1691 2493 audient,
1746 2416 2108 2503 opinionem
2144 2416 2511 2482 adcommo-

446 2508 722 2589 dabitur3
761 2530 836 2573 ac
871 2508 1006 2575 veri
1041 2508 1296 2593 quidem
1325 2508 1548 2575 similis
1586 2532 1669 2574 ex
1702 2508 1801 2575 his
1836 2508 2189 2576 rationibus
2216 2531 2360 2576 esse
2392 2532 2511 2597 po-

349 2628 400 2671 so
447 2602 607 2668 terit.
694 2602 854 2668 illud
906 2612 1119 2667 autem
1169 2612 1501 2688 praeterea
1552 2602 1952 2669 considerare
2007 2603 2346 2691 oportebit,
2400 2626 2505 2683 ne,

445 2708 552 2763 aut
587 2719 733 2763 cum
767 2696 937 2763 obsit
969 2696 1246 2763 narratio
1282 2707 1394 2761 aut
1427 2718 1574 2762 cum
1607 2696 1765 2763 nihil
1798 2697 2029 2785 prosit,
2066 2709 2280 2763 tamen
2310 2697 2509 2763 inter-

441 2802 742 2877 ponatur3
795 2801 906 2855 aut
937 2813 1068 2857 non
1101 2790 1242 2855 loco
1289 2800 1403 2855 aut
1444 2814 1601 2869 non,
1654 2812 1847 2875 quem
1882 2791 1965 2856 ad
2006 2790 2267 2857 modum
2312 2812 2511 2858 causa

440 2884 749 2970 postulat,
811 2894 1118 2949 narretur.
1224 2884 1411 2950 obest
1462 2896 1625 2963 tum,
1690 2906 1837 2949 cum
1887 2884 2088 2972 ipsius
2139 2884 2233 2951 rei
2284 2896 2507 2973 gestae

444 2976 755 3063 expositio
803 2998 1102 3063 magnam
1146 2977 1384 3064 excipit
1427 2978 1876 3057 offensionem,
1932 3001 2123 3063 quam
2166 3000 2503 3066 argumen-

447 3070 640 3135 tando
677 3080 743 3135 et
785 3091 1044 3135 causam
1088 3071 1336 3159 agendo
1380 3071 1565 3138 leniri
1610 3073 1951 3159 oportebit,
2007 3074 2177 3158 quod
2218 3094 2363 3137 cum
2397 3093 2503 3137 ac-

445 3163 624 3241 cidit,
677 3163 1076 3231 membratim
1120 3166 1435 3253 oportebit
1475 3166 1673 3253 partis
1717 3168 1811 3232 rei
1862 3179 2083 3254 gestae
2139 3167 2505 3254 dispergere

443 3258 512 3321 in
547 3278 806 3322 causam
850 3267 915 3324 et
947 3258 1030 3323 ad
1070 3282 1265 3326 unam
1307 3282 1624 3346 quamque
1670 3260 2006 3327 confestim
2048 3263 2358 3327 rationem
2390 3259 2506 3325 ad·-

445 3352 874 3432 commodare,
943 3364 1016 3418 ut
1074 3355 1318 3421 volneri
1377 3366 1635 3441 praesto
1704 3356 2236 3422 medicamentum
2298 3353 2381 3419 sit
2442 3365 2507 3419 et

444 3446 660 3513 odium
715 3447 930 3513 statim
981 3448 1270 3515 defensio
1329 3449 1598 3537 mitiget.
1705 3449 1864 3515 nihil
1915 3450 2178 3538 prodest
2227 3448 2505 3515 narratio

444 3552 606 3620 tum,
652 3561 797 3607 cum
832 3543 914 3608 ab
952 3543 1331 3609 adversariis
1365 3566 1437 3609 re
1474 3543 1767 3631 exposita
1799 3556 2018 3611 nostra
2050 3543 2207 3609 nihil
2241 3544 2508 3609 interest
2568 3540 2574 3547 “

442 3636 670 3701 iterum
713 3647 824 3702 aut
867 3635 992 3703 alio
1034 3637 1224 3703 modo
1270 3660 1555 3716 narrare3
1612 3649 1721 3703 aut
1765 3640 1845 3704 ab
1891 3639 2012 3718 eis,
2067 3638 2176 3723 qui
2220 3636 2503 3715 audiunt,

440 3729 532 3793 ita
583 3740 833 3795 tenetur
882 3730 1238 3818 negotium,
1301 3741 1374 3795 ut
1425 3743 1647 3798 nostra
1696 3732 1855 3798 nihil
1914 3734 2164 3799 intersit
2214 3754 2324 3798 eos
2380 3732 2505 3798 alio

380 3876 383 3879 .
441 3834 629 3907 pacto
675 3825 932 3903 docere,
986 3824 1157 3908 quod
1200 3846 1346 3891 cum
1391 3826 1647 3905 accidit,
1702 3826 1957 3895 omnino
2002 3827 2360 3893 narratione
2398 3847 2507 3892 su-

442 3916 909 4000 persedendum
945 3929 1060 3983 est.
1147 3942 1278 3986 non
1311 3919 1467 3987 loco'
1488 3919 1733 4000 dicitur,
1772 3943 1915 3988 cum
1949 3946 2080 3989 non
2111 3922 2179 3987 in
2213 3944 2291 3987 ea
2321 3931 2505 4007 parte

445 4008 744 4076 orationis
783 4012 1172 4092 conlocatur,
1225 4014 1293 4080 in
1328 4036 1457 4099 qua
1487 4038 1591 4083 res
1626 4016 1908 4103 postulat
1916 4043 1934 4097 3
1956 4084 1967 4089 ,
1989 4038 2117 4102 quo
2152 4016 2233 4081 de
2268 4036 2507 4103 genere
