2784 4575
476 239 610 304 254
838 227 842 230 ’
1085 249 1164 304 M.
1202 247 1477 306 ‘runnu
1510 246 1914 304 memoras

477 371 695 439 didicit
745 383 812 438 et
861 369 1114 438 omissis
1169 371 1393 438 ceteris
1450 371 1675 436 studiis
1729 393 1926 435 unum
1977 369 2045 435 id
2098 369 2545 459 egit'seseque

355 494 442 536 250
476 466 804 532 cotidianis
842 465 1477 531 commentationibus
1514 465 1815 530 acerrime
1858 464 2169 530 exercuit:
2220 464 2437 552 itaque
2472 479 2541 534 et

473 559 654 626 lectis
687 559 884 625 utitur
932 557 1144 624 verbis
1181 568 1248 623 et
1287 557 1727 642 frequentibus
1764 569 1830 623 et
1874 555 2211 646 splendore
2255 560 2431 627 vocis
2470 574 2541 628 et

473 652 783 740 dignitate
839 661 1051 718 motus
1104 651 1179 716 fit
1237 651 1602 737 speciosum
1652 662 1719 716 et
1768 651 2065 729 inlustre,
2128 651 2300 736 quod
2350 653 2540 734 dicitg

473 745 811 829 omniaque
863 744 958 810 sic
1008 753 1383 831 suppetunt,
1437 755 1508 809 ut
1554 743 1614 809 ei
1662 743 1905 808 nullam
1956 745 2182 810 deesse
2235 745 2538 813 virtutem

470 839 738 906 oratoris
773 850 1022 924 putem3
1077 837 1481 920 maximeque
1516 836 1872 902 laudandus
1908 849 2035 916 est,
2072 838 2182 922 qui
2215 839 2339 906 hoc
2373 852 2539 907 tem-

469 955 626 1020 pore
659 933 830 1019 ipso,
885 930 1056 1017 quod
1089 930 1307 1010 liceat,
1362 931 1431 996 in
1465 930 1590 998 hoc
1632 931 1953 996 communi
1994 938 2213 999 nostro
2249 945 2315 999 et
2350 936 2537 1018 quasi

469 1026 652 1092 fatali
685 1026 852 1092 malo
889 1025 1248 1092 consoletur
1283 1048 1354 1091 se
1391 1045 1536 1091 cum
1572 1025 1956 1092 conscientia
1990 1026 2266 1114 optimae
2300 1028 2533 1094 mentis

468 1131 608 1186 tum
671 1120 861 1186 etiam
919 1118 1328 1205 usurpatione
1390 1128 1457 1184 et
1515 1119 1925 1186 renovatione
1988 1120 2338 1188 doctrinae:
2402 1121 2535 1188 vidi

471 1215 644 1280 enim
683 1213 1016 1300 Mytilenis
1062 1235 1265 1300 nuper
1309 1213 1519 1278 virum
1562 1224 1778 1297 atque,
1830 1226 1904 1279 ut
1948 1213 2107 1292 dixi,
2161 1215 2292 1279 vidi
2344 1216 2535 1304 plane

473 1307 699 1374 virum.
785 1308 999 1392 itaque
1043 1327 1190 1372 cum
1241 1329 1389 1372 eum
1443 1317 1629 1373 antea
1682 1307 1774 1372 tui
1826 1307 2099 1374 similem
2141 1308 2207 1373 in
2262 1309 2531 1376 dicendo

472 1400 768 1478 viderim,
823 1411 958 1464 tum
1010 1421 1162 1466 vero
1214 1420 1386 1464 nunc
1440 1423 1479 1465 a
1530 1398 1898 1466 doctissimo
1951 1401 2086 1466 viro
2140 1402 2407 1487 tibique,
2459 1416 2538 1468 ut

472 1492 784 1572 intellexi,
859 1491 1242 1558 amicissimo
1307 1491 1615 1581 Cratippo
1684 1495 2059 1559 instructum
2112 1496 2285 1560 omni
2347 1497 2533 1583 copia

351 1617 434 1658 πω
471 1587 671 1654 multo
717 1587 1013 1653 videbam
1066 1585 1474 1653 similiorem!
1563 1587 1669 1654 hic
1712 1611 1835 1674 ego
1886 1588 2065 1653 ‘etsi’
2118 1589 2381 1674 inquam
2422 1591 2533 1657 ‘de

473 1682 694 1768 optimi
727 1681 848 1748 viri
889 1681 1204 1765 nobisque
1257 1680 1627 1747 amicissimi
1678 1681 1972 1748 laudibus
2016 1681 2287 1748 libenter
2320 1685 2531 1762 audie,

473 1788 686 1842 tamen
743 1776 997 1842 incurro
1054 1776 1122 1840 in
1181 1776 1553 1841 memoriam
1620 1776 2049 1842 communium
2114 1777 2531 1856 miseriarum,

471 1893 740 1954 quarum
774 1869 1156 1937 oblivionem
1194 1889 1506 1952 quaerens
1544 1869 1713 1934 hunc
1744 1869 1957 1955 ipsum
1993 1893 2345 1938 sermonem
2380 1895 2532 1958 pro-

474 1964 628 2028 duxi
671 1963 946 2050 longius.
1036 1962 1151 2027 sed
1196 1962 1276 2028 de
1323 1960 1605 2028 Caesare
1658 1963 1847 2050 cupio
1894 1964 2139 2042 audire,
2194 1964 2345 2048 quid
2386 1976 2529 2029 tan-

301 2140 304 2148 ,
359 2073 438 2127 72
461 2060 621 2126 dem
653 2059 910 2124 Atticus
946 2057 1221 2123 iudicet’
1309 2069 1373 2123 et
1407 2059 1515 2124 ille
1552 2059 1927 2145 ‘praeclare’
1964 2059 2164 2143 inquit
2197 2058 2338 2124 ‘tibi
2372 2079 2526 2124 con-

473 2165 635 2229 stas,
679 2162 754 2217 ut
787 2152 869 2217 de
906 2151 1027 2229 eis,
1065 2151 1174 2235 qui
1208 2174 1379 2217 nunc
1417 2150 1569 2230 sint,
1614 2152 1774 2217 nihil
1809 2152 1969 2218 velis
2003 2153 2141 2239 ipse
2176 2150 2415 2230 dicere3
2460 2163 2529 2217 et

470 2245 682 2313 hercle
725 2245 782 2313 si
837 2246 928 2311 sic
982 2268 1236 2333 ageres,
1289 2257 1362 2313 ut
1416 2246 1494 2312 de
1548 2246 1640 2313 eis
1687 2247 1903 2334 egisti,
1958 2247 2068 2332 qui
2117 2247 2244 2313 iam
2293 2247 2529 2313 mortui

472 2349 648 2419 sunt,
698 2339 1016 2405 neminem
1059 2351 1130 2405 ut
1162 2341 1725 2427 praetermitteres,
1779 2363 1861 2407 ne
1896 2353 1968 2406 tu
2010 2342 2080 2406 in
2120 2342 2353 2408 multos
2388 2343 2529 2407 Au-

469 2434 708 2501 tronios
745 2444 810 2500 et
845 2434 1140 2501 Staienos
1174 2434 1560 2500 incurrerem
1605 2456 1731 2519 qua
1762 2458 1862 2513 re,
1910 2436 2045 2502 sive
2081 2436 2246 2501 hanc
2280 2436 2530 2501 uirbam

466 2529 753 2615 effugere
786 2528 1043 2594 voluisti
1077 2529 1214 2594 sive
1249 2528 1487 2593 veritus
1524 2550 1623 2606 es,
1669 2550 1750 2594 ne
1787 2529 1931 2613 quis
1968 2552 2039 2595 se
2074 2540 2186 2595 aut
2226 2528 2529 2618 praeteri-

469 2634 606 2687 tum
657 2632 767 2687 aut
817 2644 948 2688 non
1001 2622 1154 2688 satis
1206 2622 1536 2687 laudatum
1588 2624 1767 2707 queri
1815 2634 2067 2711 posset,
2122 2624 2204 2690 de
2248 2622 2531 2690 Caesare
2549 2690 2566 2715 ¹

469 2731 683 2783 tamen
715 2716 978 2807 potuisti
1030 2717 1267 2794 dicere,
1322 2716 1698 2803 praesertim
1722 2738 1889 2785 ,cum
1922 2729 1990 2785 et
2021 2729 2201 2783 tuum
2244 2717 2325 2783 de
2358 2716 2529 2783 illius

468 2810 726 2896 ingenio
769 2809 1175 2877 notissimum
1216 2809 1543 2875 iudicium'
1572 2823 1748 2878 esset
1787 2832 1909 2878 nec
1941 2812 2110 2878 illius
2156 2812 2236 2877 de
2270 2822 2381 2878 tuo
2415 2812 2531 2897 ob-

346 2926 436 2971 25²
471 2904 764 2969 scurum.’
837 2904 984 2969 ‘sed
1018 2915 1252 2982 tamen,
1285 2903 1531 2983 Brute,’
1566 2904 1774 2990 inquit
1804 2903 2061 2971 Atticus
2102 2906 2211 2970 ‘de
2246 2903 2529 2971 Caesare

467 3009 533 3063 et
565 2996 704 3085 ipse
738 2998 828 3063 ita
860 2997 1072 3063 iudico
1107 3008 1173 3063 et
1207 2998 1286 3064 de
1323 2998 1449 3064 hoc
1483 2999 1669 3064 huius
1696 2998 1950 3086 generis
1979 2997 2282 3062 acerrimo
2306 2997 2531 3062 existi-

465 3104 708 3159 matore
763 3090 1136 3179 saepissime
1192 3093 1416 3171 audio,
1465 3092 1643 3157 illum
1694 3090 1974 3155 omnium
2019 3090 2155 3154 fere
2202 3100 2527 3153 oratorum

466 3186 701 3252 Lat'me
734 3185 908 3272 loqui
942 3185 1443 3272 elegantissime3
1496 3205 1615 3249 nec
1647 3184 1716 3247 id
1750 3184 1955 3249 solum
1990 3180 2338 3247 domestica
2370 3201 2527 3246 eon-

468 3280 832 3358 suetudine,
865 3289 941 3361 ut
974 3279 1218 3345 dudum
1253 3279 1333 3346 de
1367 3276 1735 3343 Laeliorum
1769 3286 1835 3341 et
1864 3274 2233 3341 Muciorum
2264 3273 2525 3341 familiis

467 3374 908 3453 audiebamus,
971 3374 1118 3453 sed,
1183 3392 1565 3459 quamquam
1614 3368 1684 3435 id
1736 3392 1987 3455 quoque
2050 3370 2241 3437 credo
2300 3368 2523 3449 fixisse,

466 3479 708 3547 tamen,
761 3479 831 3532 ut
865 3479 1038 3535 esset
1079 3468 1364 3556 perfecta
1396 3465 1507 3531 illa
1536 3464 1701 3532 bene
1744 3464 2057 3576 loquendi
2086 3464 2258 3544 laus,
2306 3462 2525 3530 multis

465 3561 690 3628 litteris
733 3574 801 3628 et
841 3561 935 3628 eis
979 3561 1237 3646 quidem
1276 3558 1621 3626 reconditis
1664 3571 1732 3626 et
1764 3559 2095 3645 exquisitis
2148 3579 2523 3643 summoque

345 3680 433 3722 25³
468 3656 675 3723 studio
711 3668 776 3722 et
810 3655 1140 3744 diligentia
1171 3665 1272 3720 est
1305 3664 1715 3721 consecutus.
1760 3654 1871 3739 qui
1904 3655 2095 3720 etiam
2124 3653 2198 3718 in
2228 3651 2521 3719 maximis

466 3749 983 3837 occupationibus
1011 3770 1156 3815 cum
1185 3748 1269 3813 ad
1295 3758 1358 3813 te
1391 3747 1631 3835 ipsum’
1667 3748 1871 3833 inquit
1892 3748 1961 3814 in
1984 3768 2092 3813 me
2122 3746 2374 3813 intuens
2410 3745 2523 3811 ‘de

463 3844 708 3910 ratione
749 3843 986 3909 Latine
1037 3842 1337 3927 loquendi
1389 3840 1868 3908 adcuratissime
1922 3840 2246 3927 scripserit
2286 3839 2525 3927 primo·

465 3956 590 4016 que
633 3935 702 3999 in
742 3935 906 4000 libro
957 3936 1216 4014 dixerit,
1270 3935 1608 4002 verborum
1660 3935 1974 4002 delectum
2024 3933 2334 4020 originem
2376 3952 2523 3999 esse

463 4026 893 4107 eloquentiae,
938 4028 1376 4114 tribuci-itque,
1412 4029 1501 4093 mi
1536 4028 1765 4107 Brute,
1802 4027 1948 4095 huic
1981 4037 2228 4105 nostro,
2274 4024 2383 4111 qui
2417 4048 2524 4091 me
