2784 4575
559 301 644 369 38
1051 312 1472 373 CORNIFICII
1504 315 2123 377 RHETORIOORUM

559 442 820 509 tientem
879 440 1421 507 incommodorum
1485 441 1890 506 ostendemus
1942 440 2244 509 futurum.
2352 444 2617 511 commi-

557 535 937 602 serationem
970 535 1230 600 brevem
1267 554 1410 599 esse
1438 546 1704 621 oportet,
1741 535 1897 601 nihil
1935 537 2103 603 enim
2130 537 2393 603 lacrima
2426 539 2613 605 citius

557 629 805 695 arescit.

672 724 838 789 Fere
889 724 1066 788 locos
1120 720 1607 789 obscurissimos
1662 721 1853 787 totius
1900 722 2145 789 artificii
2198 726 2609 792 tractavimus

550 815 619 883 in
661 817 784 883 hoc
824 816 1017 895 libro,
1071 824 1454 903 quapropter
1505 815 1652 880 huic
1702 816 2007 881 volumini
2056 818 2285 885 modus
2338 819 2441 885 hic
2494 822 2609 898 sit;

549 913 828 997 reliquas
888 912 1396 999 praeceptiones,
1451 910 1660 995 quoad
1710 909 2053 1003 videbitur,
2106 912 2174 977 in
2226 913 2480 979 tertium
2530 914 2613 978 li-

548 1009 737 1073 brum
789 1006 1264 1072 transferemus.
1352 1005 1510 1071 haec
1564 1003 1647 1083 si,
1701 1016 1771 1069 ut
1824 1005 2174 1090 conquisite
2228 1008 2611 1094 conscripsi·

549 1124 716 1179 mus,
751 1100 842 1165 ita
875 1110 944 1163 tu
980 1098 1312 1186 diligenter
1347 1096 1543 1163 fueris
1580 1110 1977 1177 consecutus,
2017 1110 2081 1166 et
2112 1123 2230 1166 nos
2257 1100 2605 1167 industriae

551 1196 794 1259 fructus
833 1216 914 1259 ex
949 1204 1059 1258 tua
1093 1192 1358 1259 scientia
1393 1191 1715 1279 capiemus
1752 1204 1813 1258 et
1848 1203 1982 1258 tute
2016 1204 2301 1259 nostram
2336 1194 2605 1281 diligen-

549 1289 702 1353 tiam
745 1288 1034 1353 laudabis
1079 1298 1312 1371 tuaque
1353 1287 1757 1374 perceptione
1802 1286 2118 1354 laetabere
2128 1312 2147 1365 ;
2193 1298 2263 1353 tu
2308 1288 2605 1354 scientior

550 1384 673 1449 eris
726 1393 1206 1471 praeceptorum
1261 1380 1534 1459 artificii,
1596 1404 1715 1446 nos
1770 1380 2103 1447 alacriores
2156 1383 2240 1447 ad
2288 1382 2601 1468 reliquum

547 1477 1057 1564 persolvendum.
1145 1498 1366 1540 verum
1420 1474 1579 1540 haec
1631 1474 1846 1539 futura
1890 1476 2044 1540 satis
2104 1475 2264 1553 scio,
2317 1488 2379 1541 te
2432 1476 2603 1541 enim

547 1594 678 1637 non
717 1572 960 1659 ignoro.
1049 1593 1167 1635 nos
1213 1568 1513 1655 deinceps
1560 1568 1643 1633 ad
1684 1580 1895 1635 cetera
1937 1580 2277 1657 praecepta
2316 1582 2601 1635 transeae

545 1688 718 1744 mus,
771 1677 872 1743 ut,
927 1666 1098 1748 quod
1147 1663 1564 1730 libentissime
1618 1662 1956 1741 faciemus,
2020 1674 2166 1729 tuae
2207 1663 2605 1730 rectissimae

546 1762 855 1829 voluntati
889 1783 1133 1827 morem
1166 1782 1485 1847 geramus·

917 2030 1431 2098 CORNIFICII
1472 2030 2239 2100 RHETORICORUM

1143 2134 1275 2199 AD
1324 2130 1403 2201 C.
1447 2134 2009 2202 HERENNIUM

1381 2268 1621 2324 LIBER
1654 2268 1759 2324 ΙΙΙ.

475 2419 506 2472 1
661 2418 774 2482 Ad
807 2441 1058 2484 omnem
1094 2417 1453 2483 iudicialem
1498 2438 1756 2482 causam
1803 2415 2009 2501 quem'
2035 2418 2117 2481 ad
2150 2418 2411 2484 modum
2446 2441 2603 2483 con-

482 2492 505 2530 ²
541 2512 784 2578 veniret
815 2511 1246 2578 inventionem
1278 2533 1491 2576 rerum
1527 2510 2021 2588 adcommodari,
2070 2511 2222 2576 satis
2270 2513 2601 2577 abundan-

541 2618 660 2685 ter,
700 2607 998 2684 arbitror,
1036 2605 1467 2692 superioribus
1501 2604 1677 2670 libris
1716 2605 2217 2670 demonstratum
2252 2617 2376 2684 est3
2424 2629 2601 2671 nunc

537 2725 756 2768 earum
789 2701 1100 2766 rationem
1132 2723 1346 2765 rerum
1386 2699 1935 2777 inveniendarum,
1990 2721 2150 2782 quae
2196 2700 2602 2785 pertinebant

537 2797 622 2860 ad
657 2797 883 2860 causas
911 2793 1354 2859 deliberativas
1392 2803 1458 2858 et
1484 2791 2030 2870 demonstrativas,
2066 2793 2133 2857 in
2160 2793 2329 2858 hunc
2362 2792 2602 2858 librum

538 2888 1001 2964 transtulimus,
1057 2899 1130 2950 ut
1173 2887 1376 2952 omnis
1421 2886 1789 2952 inveniundi
1838 2887 2199 2973 praeceptio
2245 2886 2360 2952 tibi
2404 2907 2603 2970 quam

536 2981 812 3069 primum
861 2980 1343 3066 persolveretur.
1448 2979 1729 3063 reliquae
1784 2991 2079 3064 quattuor
2137 2991 2349 3066 partes
2412 2993 2605 3046 erant

539 3074 814 3140 artificii:
869 3074 948 3138 de
983 3072 1183 3138 tribus
1219 3072 1506 3160 partibus
1542 3074 1610 3139 in
1642 3074 1764 3140 hoc
1799 3073 1970 3140 libro‘
2006 3075 2245 3140 dictum
2280 3085 2408 3139 est:
2464 3074 2610 3140 dis-

536 3166 878 3254 positione,
921 3167 1455 3254 pronuntiatione,
1501 3167 1836 3236 memoria:
1891 3169 1970 3234 de
2016 3168 2367 3235 elocutione
2380 3217 2399 3246 ,
2444 3168 2608 3251 quia

429 3339 433 3341 .
535 3261 722 3348 plura
763 3260 1028 3326 dicenda
1078 3261 1480 3340 videbantur,
1535 3262 1603 3327 in
1646 3272 1870 3346 quarto
1923 3261 2084 3326 libro
2130 3262 2405 3326 scribere
2455 3283 2607 3326 ma-

537 3355 797 3433 luimus,
861 3377 1074 3439 quem,
1135 3367 1207 3422 ut
1261 3355 1553 3434 arbitror,
1610 3356 1724 3422 tibi
1777 3356 2009 3421 librum
2061 3355 2347 3422 celeriter
2403 3356 2607 3420 abso-

534 3450 742 3516 lutum
791 3448 1140 3529 mittemus,
1203 3473 1284 3516 ne
1347 3449 1501 3534 quid
1551 3450 1666 3515 tibi
1732 3450 2083 3532 rhetoricae
2148 3449 2298 3514 artis
2365 3449 2605 3515 deesse

533 3543 757 3633 possit.
844 3544 1086 3610 interea
1118 3544 1325 3632 prima
1359 3566 1647 3629 quaeque
1682 3555 1747 3610 et
1789 3542 2151 3622 nobiscum,
2208 3565 2353 3608 cum
2388 3543 2605 3622 voleS,

533 3651 598 3706 et
630 3639 946 3705 interdum
983 3639 1120 3704 sine
1155 3638 1340 3704 nobis
1385 3637 1658 3723 legendo
1704 3660 2121 3723 consequere,
2167 3660 2249 3702 ne
2285 3637 2439 3721 quid
2472 3637 2605 3702 im-

531 3734 786 3820 pediare
799 3783 814 3810 ,
871 3733 1022 3818 quin
1075 3734 1160 3797 ad
1202 3733 1367 3797 hanc
1409 3730 1745 3798 utilitatem
1796 3732 2033 3820 pariter
2075 3732 2409 3796 nobiscum
2440 3753 2605 3818 pro-

532 3827 712 3912 gredi
745 3827 977 3912 possis.
1049 3847 1220 3890 nunc
1254 3835 1324 3889 tu
1359 3825 1463 3889 fac
1490 3836 1795 3891 attentum
1824 3840 1887 3890 te
1920 3825 2260 3913 praebeas:
2295 3847 2414 3890 nos
2440 3847 2603 3910 pro-

531 3920 729 3984 ficisci
765 3921 848 3986 ad
881 3919 1172 3985 instituta
1202 3941 1563 4005 pergemus.
1623 3957 1627 3961 ·

463 4011 498 4066 2
650 4014 1160 4080 Deliberationes
1213 4013 1444 4100 partim
1488 4025 1637 4079 sunt
1681 4014 1817 4080 eius
1858 4014 2058 4091 modi,
2111 4024 2185 4078 ut
2226 4022 2598 4096 quaeratur,

470 4085 498 4124 ²
529 4119 744 4174 utrum
785 4107 1000 4195 potius
1044 4108 1405 4174 faciendum
1440 4109 1547 4189 sit,
1594 4108 1827 4197 partim
1870 4109 2005 4174 eius
2042 4108 2240 4186 modi,
2286 4118 2384 4185 ut,
2434 4107 2601 4191 quid
