2784 4575
369 1820 472 1877 693
541 1820 606 1873 61

370 2702 472 2759 694
543 2704 612 2760 60

374 3449 476 3506 695
543 3450 612 3505 59

371 663 474 717 692
545 660 614 716 62
683 660 841 715 Coss.
911 662 985 715 D.
1003 663 1190 715 Iunius
1207 663 1451 729 Silanus,
1482 661 1553 717 L.
1575 662 1811 715 Lidm’us
1829 660 2074 715 Murena.

963 251 1373 296 monum
1409 250 1587 295 vnum
1625 250 1933 295 clcmoms

686 530 828 593 sent,
866 522 1063 579 Cicero
1083 524 1286 579 habuit
1303 527 1565 579 orationes
1584 524 1953 591 Catilinarias3
1988 525 2054 577 L.
2074 524 2375 594 Murenam,

686 610 803 648 cos.
824 592 1182 663 designatum
1193 632 1209 659 ‚
1245 592 1318 647 de
1335 592 1553 649 ambitu
1572 598 1903 648 accusatum
1921 592 2192 648 defendit.
2205 597 2230 637 1

749 727 1014 799 Catilina,
1042 730 1316 785 adversus
1335 745 1503 800 quem
1525 728 1808 784 Antonius
1826 738 2051 799 procos.
2074 744 2201 785 cum
2219 745 2379 785 exer·-

682 797 800 852 citu
817 797 1024 852 missus
1045 804 1184 867 erat,
1213 797 1399 851 victus
1418 797 1493 854 ab
1514 798 1635 852 eius
1653 798 1847 868 legato
1868 796 1945 851 M.
1963 796 2192 853 Petreio
2211 798 2377 868 perit.

678 865 964 921 Antonius
985 866 1044 921 in
1063 865 1489 934 Macedoniam,
1518 880 1664 937 quae
1682 864 1978 936 provincia
1996 866 2051 921 ei
2070 865 2191 920 obti
2235 870 2375 935 erat,

677 932 1075 1056 prgficiscitur.
1145 933 1454 1004 Pompeius
1490 933 1755 989 confecto
1792 932 2183 989 Mithridatico
2194 883 2375 989 gbello

678 1018 740 1057 re

679 1144 740 1192 et
765 1145 1026 1193 senatum
1051 1137 1365 1208 invehitur,
1402 1154 1619 1209 negans
1647 1139 1801 1193 cives
1831 1136 2240 1193 coniurationis
2268 1135 2377 1192 Ca-

677 1206 876 1261 tilinae
913 1206 1102 1261 socios
1129 1205 1346 1261 indicta
1373 1222 1550 1261 causa
1583 1207 1875 1261 necandos
1901 1205 2096 1261 fuisse.
2164 1206 2238 1261 Ei
2276 1220 2373 1275 op—

721 1274 842 1329 onit
862 1272 1062 1329 Cicero
1085 1274 1403 1329 orationem
1420 1273 1851 1329 Metellianam.2
1915 1273 2073 1328 Idem
2092 1273 2148 1327 h.
2168 1290 2221 1327 a.
2240 1272 2378 1327 emit

677 1292 910 1465 {camum-
933 1340 992 1399 in
1009 1334 1288 1422 Pfflsstfi⁰z⁸
1330 1342 1603 1464 Extrggno:
1628 1341 2041 1465 εωωὲαῦιοᾴἰαε
2064 1340 2209 1463 ἰἓιίοκιι
2247 1340 2375 1463 ἓξὲξ

765 1427 944 1465 esans
988 1427 1181 1464 uxoris
1226 1427 1421 1465 amore
1602 1427 1671 1464 us
1827 1428 1883 1465 m
1926 1428 1986 1463 in
2032 1427 2062 1465 e
2126 1427 2153 1463 s

679 1478 878 1559 Bonae
915 1478 1078 1533 Deae
1111 1494 1216 1549 pro
1239 1478 1469 1559 ‘populo
1548 1450 1701 1547 eret:
1734 1478 1881 1559 clam
1914 1484 2076 1535 veste
2114 1475 2376 1531 muliebri

679 1546 2006 1694 aas{matrasta{Qash-aasz...-
2016 1545 2204 1683 83232,
2222 1560 2375 1667 ⁸:²32

681 1683 978 1753 Torquato
1026 1690 1434 1738 coniurationis
1482 1691 1771 1737 accusat0.
1862 1682 2083 1739 Eodem
2118 1698 2271 1737 anno
2307 1681 2375 1747 Q.

679 1749 878 1805 Cicero
898 1750 977 1805 M.
1001 1749 1179 1805 frater
1195 1758 1525 1820 praeturam
1544 1752 1740 1821 gessit.

681 1817 840 1873 Coss.
911 1820 990 1872 M.
1020 1820 1226 1939 Pupi&
1250 1820 1374 1873 Hso
1406 1819 1823 1888 Calpurnianus,
1859 1818 1939 1871 Μ.
1966 1820 2206 1873 Valerius
2231 1818 2374 1871 Mes-

1020 1890 1140 1939 sala
1220 1889 1242 1938 i
1274 1904 1346 1939 er.

749 1950 986 2006 Clodius
1021 1905 1496 2006 incesti'qcrimine
1533 1958 1835 2007 accusatus
1862 1954 1923 2008 id
1950 1950 2172 2006 amoliri
2206 1968 2375 2007 cona-

683 2027 774 2073 tus
793 2026 898 2087 est,
929 2034 1055 2073 cum
1075 2020 1315 2085 diceret,
1356 2036 1417 2074 se
1436 2020 1538 2074 illa
1555 2027 1725 2075 nocte
1743 2037 1861 2075 non
1877 2021 2094 2075 Romae
2106 2059 2122 2088 ,
2162 2021 2265 2074 sed
2281 2020 2373 2074 In-

682 2094 972 2141 teramnae
1001 2086 1196 2141 fuisse.
1267 2084 1467 2141 Cicero
1496 2087 1660 2141 testis
1698 2090 2014 2158 productus
2043 2088 2183 2142 dicit
2215 2088 2375 2142 illum

683 2155 884 2209 eodem
921 2154 1013 2208 die
1039 2155 1204 2209 adse
1235 2156 1463 2209 domum
1490 2155 1744 2225 venisse3
1782 2155 2019 2212 Clodius
2054 2162 2247 2211 tamen
2274 2157 2373 2211 ab·

683 2222 936 2277 solvitur.
1008 2222 1075 2287 Q.
1101 2220 1362 2278 Ciceroni
1389 2225 1468 2279 M.
1496 2223 1659 2278 fratri
1686 2240 1754 2279 ex
1779 2230 2056 2306 praetura
2080 2226 2218 2281 Asia
2244 2241 2373 2296 pro—

684 2291 870 2347 vincia
908 2291 1176 2361 obtingit.
1251 2291 1456 2348 Cicero
1486 2291 1749 2348 Clodium
1774 2311 1835 2347 in
1864 2299 2067 2348 senatu
2094 2310 2221 2348 cum
2250 2309 2373 2348 ora-

682 2360 838 2414 tione
873 2366 1177 2440 perpetua,
1223 2367 1342 2415 tum
1389 2361 1765 2416 altercatione
1809 2363 2079 2433 frangit.⁸
2156 2363 2376 2418 Eodem

683 2445 833 2483 anno
854 2435 1170 2483 orationem
1189 2445 1294 2500 pro
1315 2431 1511 2483 Archia
1565 2437 1681 2483 οὲϊα
1698 2429 1914 2485 habuit.

748 2497 1055 2566 Pompeius
1081 2497 1186 2551 ΠΙ.
1215 2503 1273 2552 et
1298 2497 1444 2566 prid.
1530 2498 1605 2552 al.
1636 2496 1762 2552 Oct.
1792 2499 1863 2552 de
1881 2498 2243 2567 Mithridate,
2279 2498 2374 2554 Ti-

681 2581 857 2636 grane
878 2565 1372 2647 aliisqueregihus
1400 2565 1565 2646 victis
1584 2564 1928 2637 triumphum
1956 2567 2092 2637 agit.
2164 2565 2377 2622 Caesar

679 2632 1665 2783 325255⁶21211325215331¹⁸33&BQ-²333
1683 2703 1930 2758 Maean.
1949 2704 2115 2758 Gezer.

747 2771 919 2826 Initio
947 2787 1086 2826 anni
1113 2771 1314 2826 Cicero
1347 2769 1564 2843 effecit,
1602 2790 1673 2828 ne
1704 2772 1773 2838 Q.
1803 2771 1968 2826 fratri
1994 2772 2053 2826 in
2081 2770 2223 2828 Asia
2252 2787 2377 2828 suc-

682 2840 996 2893 cederetur.
1067 2841 1148 2895 Le
1189 2857 1278 2894 em
1295 2839 1556 2896 Flaviam
1570 2841 1631 2896 in
1660 2841 1927 2896 contione
1959 2845 2153 2894 tuetur
2168 2841 2374 2910 impro-

679 2907 852 2984 hante
883 2913 1102 2962 senatu.
1151 2858 1240 2961 gP.
1268 2906 1502 2962 Clodius
1531 2908 1821 2964 Ciceronis
1850 2908 2165 2962 ulciscendi
2200 2924 2376 2962 causa

680 2973 1002 3027 tribunatus
1039 2975 1278 3044 cupidus
1315 2976 1712 3030 transitionem
1747 2977 1823 3030 ad
1856 2975 2085 3043 plebem
2128 2975 2375 3028 molitur.

681 3039 852 3094 Anno
884 3042 958 3094 ad
983 3040 1156 3094 finem
1183 3058 1284 3095 ver
1359 3048 1459 3096 nte
1485 3043 1792 3112 Pompeius
1818 3059 1946 3098 cum
1970 3039 2032 3096 C.
2061 3041 2208 3095 Iulio
2240 3041 2375 3096 Cae-

683 3125 811 3162 sare
831 3115 892 3164 et
909 3109 988 3162 M.
1007 3107 1232 3162 Licinio
1299 3125 1463 3163 rasso
1486 3110 1789 3164 coitionem
1806 3109 1965 3164 facit.

749 3174 946 3231 Cicero
983 3179 1407 3230 commentarium
1444 3181 1746 3233 consulatus
1782 3179 1871 3246 sui
1906 3176 2129 3244 scribit3
2176 3177 2246 3232 de
2283 3194 2374 3232 eo-

685 3245 812 3298 dem
840 3245 1046 3299 librum
1069 3244 1290 3299 Graece
1322 3245 1593 3314 scriptum
1621 3246 1766 3313 edit3
1804 3245 2051 3316 denique
2123 3246 2285 3300 oema
2304 3247 2374 3301 de

683 3313 984 3368 consulatu
1000 3313 1186 3367 tribus
1206 3312 1366 3367 libris
1396 3314 1769 3383 conscribit38
1807 3312 2066 3369 defendit
2144 3315 2375 3370 etellum

684 3381 1056 3452 Scipionem?

684 3448 847 3504 Coss.
917 3451 981 3504 C'.
1003 3451 1175 3504 Iulius
1195 3450 1412 3516 Caesar,
1449 3451 1529 3504 M.
1548 3453 1871 3520 Calpurnius
1889 3451 2130 3506 Bibulus.

753 3518 952 3573 Cicero
971 3519 1159 3590 legem
1176 3535 1212 3572 a
1283 3519 1459 3573 ariam
1478 3515 1741 3575 Caesaris
1759 3536 1877 3574 non
1895 3519 2151 3589 adiuvat,
2188 3519 2375 3575 locum

683 3585 742 3640 in
767 3587 823 3642 V
851 3587 984 3642 viris
1019 3603 1160 3658 agro
1246 3604 1488 3658 ampano
1527 3587 1837 3643 dividundo
1873 3588 2162 3659 repudiat,
2200 3589 2261 3642 in
2295 3588 2375 3642 iu-

684 3655 833 3711 dicio
881 3654 944 3710 C.
981 3655 1218 3710 Antonii
1261 3662 1373 3710 tem
1420 3673 1579 3710 orum
1624 3661 1832 3714 statum
1878 3657 2165 3726 deplorat:
2222 3657 2374 3728 quod

684 3739 856 3795 aegre
883 3723 1075 3780 ferens
1105 3720 1320 3778 Caesar
1393 3725 1635 3794 lodium,
1674 3725 1771 3796 qui
1800 3741 1859 3780 se
1887 3726 1952 3779 P.
1980 3724 2226 3779 Fonteio
2256 3725 2373 3793 ple-

785 3867 808 3904 1
844 3875 922 3914 pro
939 3865 1098 3904 Flacco
1114 3865 1165 3905 98
1183 3867 1227 3904 et
1245 3865 1298 3904 de
1317 3867 1437 3906 omni
1456 3863 1551 3906 Cic.
1572 3865 1799 3906 consulatu
1816 3865 1863 3905 in
1882 3865 1971 3905 Pis.
1991 3867 2017 3904 4
2036 3875 2128 3914 sqq.
2260 3864 2285 3902 2
2321 3862 2375 3901 ad

681 3914 776 3956 Ate.
795 3915 834 3955 1.
852 3917 919 3964 13,
939 3918 979 3956 5.
1110 3917 1136 3956 8
1161 3916 1216 3955 ad
1233 3916 1353 3956 Fam.
1372 3917 1429 3958 V.
1448 3918 1489 3964 6,
1508 3919 1549 3957 2.
1670 3919 1697 3956 4
1723 3917 1777 3956 ad
1793 3915 1888 3956 Att.
1907 3916 1944 3955 1.
1965 3918 2031 3963 13,
2050 3917 2091 3955 8.
2126 3913 2276 3953 Pal-ad.
2297 3913 2373 3953 IV.

681 3967 706 4006 2
725 3971 836 4007 extr.
941 3969 968 4008 ⁶
994 3968 1048 4007 ad
1065 3967 1159 4007 Att.
1177 3967 1214 4008 1.
1236 3970 1302 4016 1⁶,
1320 3969 1360 4008 8.
1384 3968 1483 4009 Otr.
1502 3968 1572 4008 ed.
1591 3969 1631 4008 1.
1654 3967 1789 4010 oren.
1806 3968 1865 4008 11.
1884 3969 1962 4008 152
1980 3977 2059 4016 sqq
2160 3967 2185 4004 6
2207 3965 2263 4004 ad
2278 3964 2373 4004 Att.

681 4018 717 4059 1.
737 4020 802 4068 19,
821 4021 886 4060 10.
993 4021 1017 4060 7
1052 4020 1107 4060 ad
1125 4019 1217 4060 Att.
1237 4018 1294 4061 11.
1315 4022 1354 4070 1,
1373 4023 1414 4062 9.

745 1070 1015 1125 Metellus
1037 1067 1238 1139 Nepos
1274 1068 1406 1124 trib.
1442 1070 1519 1140 pl.
1554 1069 1615 1123 in
1650 1070 1915 1126 contione
1950 1070 2011 1124 in
2046 1066 2377 1124 Ciceronem
2436 1093 2445 1100 ·

2444 1812 2515 1867 46

2442 2699 2513 2754 47
