2784 4575
998 77 1051 88 -.,
1066 85 1097 96 ἡ.

1191 101 1264 117 .½

513 233 600 298 92
1003 236 1424 294 CORNIFICII
1458 231 2078 292 RHETORICORUM

418 398 471 440 ω
512 363 788 432 venire?
853 359 1108 448 [eadem
1155 383 1259 426 res
1309 358 1501 445 igitur
1552 356 1652 422 his
1706 354 1907 422 tribus
1956 355 2026 420 in
2077 354 2349 422 dicendo
2398 377 2581 424 eom-

511 458 854 524 mutabitur
903 456 1126 522 rebus.
1109 480 1126 496 ·
1188 453 1430 532 verbis,
1483 450 1977 538 pronuntiando,
2038 450 2399 527 enatando,
2456 453 2579 518 sed

513 551 841 618 uenando
911 548 1274 636 dupliciter.
1345 543 1869 614 sermocinatione
1930 554 1996 608 et
2055 542 2573 611 exsuscitatione.

513 644 656 732 sed]
701 645 782 710 de
827 643 1052 709 eadem
1089 663 1164 708 re
1205 663 1354 706 eum
1397 639 1711 717 dicemus,
1764 636 2051 724 pluribus
2102 646 2355 704 utemur
2398 659 2575 704 eom-

512 739 996 806 mutationibus·
977 785 997 816 ,
1061 758 1212 802 nem
1263 756 1411 800 cum
1460 755 1599 798 rem
1650 731 2017 818 simpliciter
2066 733 2576 819 pronuntiaveri-

511 855 683 912 mus,
735 832 1046 898 rationem
1079 828 1427 916 poterimus
1466 828 1781 906 subicere3
1834 825 2063 892 deinde
2100 825 2433 914 dupliciter
2464 829 2573 894 vel

514 928 650 994 sine
701 925 1054 992 rationibus
1107 923 1210 988 vel
1261 943 1408 988 cum
1448 921 1799 988 rationibus
1848 920 2255 1006 pronuntiare
2266 945 2286 999 3
2340 920 2570 987 deinde

513 1021 766 1086 adferre
797 1017 1281 1084 contrarium—
1298 1016 1379 1082 de
1414 1014 1645 1099 quibus
1686 1014 1982 1080 omnibus
2018 1012 2291 1080 diximus
2324 1015 2393 1080 in
2426 1037 2571 1080 ver-

510 1115 740 1180 borum
773 1109 1183 1177 exornatione
1215 1145 1306 1158 --
1339 1109 1569 1176 deinde
1612 1107 1818 1176 simne
1862 1117 1928 1172 et
1971 1107 2334 1193 exemplum
2364 1143 2453 1162 --
2488 1109 2567 1174 de

512 1227 642 1290 quo
697 1227 813 1270 suo
864 1203 1005 1268 loco
1065 1203 1250 1290 plur-a
1309 1203 1593 1268 dicemus
1642 1237 1733 1250 --
1783 1200 2011 1268 deinde
2073 1199 2567 1280 conclusionem3

520 1297 630 1384 [de
665 1319 794 1381 qua
824 1295 892 1362 in
939 1297 1216 1362 secundo
1268 1297 1460 1374 libre,
1511 1317 1679 1380 quae
1722 1317 1883 1381 opus
1935 1294 2219 1373 filerunt,
2271 1293 2569 1373 diximus,

518 1391 1050 1469 demonstrantes,
1105 1389 1717 1476 argumentationem
1758 1409 1951 1472 quem
1993 1389 2077 1452 ad
2116 1389 2377 1454 modum
2418 1409 2572 1454 con-

413 1501 486 1557 44
517 1487 770 1554 cludere
805 1496 1117 1572 oporteat:
1149 1485 1221 1550 in
1254 1485 1378 1551 hoc
1407 1484 1572 1550 libro
1600 1482 1948 1560 docuimus,
1983 1482 2167 1548 euius
2192 1482 2365 1549 modi
2398 1493 2572 1550 esset

517 1579 842 1648 exornatio
876 1579 1084 1656 verbi,
1136 1579 1242 1644 cui
1277 1576 1669 1644 conclusioni
1710 1598 1952 1642 nomen
1984 1587 2103 1641 est.
2186 1597 2343 1662 ergo
2375 1576 2569 1642 ‚huius

512 1676 686 1742 modi
717 1674 1127 1742 vehementer
1151 1683 1384 1738 ornata
1416 1670 1651 1758 poterit
1684 1693 1827 1736 esse
1862 1668 2181 1755 expolitiO,
2220 1691 2385 1754 quae
2416 1692 2570 1736 eon-

515 1771 711 1836 stabit
743 1792 826 1834 ex
849 1767 1286 1852 frequentibus
1315 1763 1831 1832 esox-nationibus
1860 1765 2199 1830 verborum
2226 1774 2293 1830 et
2317 1775 2571 1831 senten-

515 1860 774 1948 tiarum]
819 1861 942 1926 hoe
982 1860 1202 1936 modo,
1261 1857 1483 1945 [igitur
1537 1868 1783 1944 septem
1832 1857 2117 1944 partibus
2170 1857 2567 1946 tractabitur]

513 1967 589 2021 ut
641 1957 722 2021 ab
777 1954 1063 2020 eiusdem
1116 1952 1466 2038 sententiae
1517 1973 1651 2016 non
1698 1951 2070 2018 recedamus
2124 1950 2415 2036 exemplo
2472 1949 2573 2036 [ut

520 2048 681 2113 scire
741 2047 982 2132 poesie,
1056 2067 1246 2130 quam
1305 2045 1491 2112 facile
1552 2045 1997 2132 praeceptione
2053 2045 2408 2112 >rhetoricae
2465 2069 2569 2112 res
2730 2105 2748 2138 r

423 2165 474 2207 ⁵7
521 2140 792 2226 simplex
824 2139 1156 2224 multiplici
1185 2139 1431 2206 ratione
1468 2137 1829 2227 tractetur}
1868 2139 2151 2225 ‘sapiens
2177 2140 2421 2205 nullum
2448 2163 2569 2226 pro

513 2257 584 2299 re
617 2233 874 2320 publica
905 2233 1254 2319 periculum
1288 2233 1540 2313 vitabit3
1576 2233 1722 2301 ideo
1757 2234 1931 2318 quod
1956 2255 2157 2320 saepe
2190 2234 2291 2313 fit,
2316 2244 2425 2313 ut,
2462 2235 2572 2319 qui

515 2350 632 2414 pro
665 2350 736 2393 re
768 2327 1024 2413 publica
1053 2327 1262 2413 perire
1296 2328 1597 2405 noluerit,
1630 2327 1995 2395 necessario
2020 2349 2178 2398 ›cum
2208 2351 2279 2393 re
2314 2328 2573 2413 publica

512 2429 760 2507 pereat,
813 2432 906 2497 et,
961 2420 1259 2504 quoniam
1311 2421 1525 2488 omnia
1570 2432 1719 2487 sunt
1768 2420 2103 2487 commoda
2146 2444 2185 2487 a
2216 2421 2423 2507 patria
2464 2444 2573 2487 ae-

515 2527 726 2602 cepta,
780 2516 1026 2581 nullum
1059 2516 1530 2582 incommodum
1572 2537 1689 2601 pro
1736 2516 1947 2601 patria
1988 2538 2185 2601 grave
2214 2516 2575 2602 putandam

515 2622 631 2677 est.
721 2634 874 2698 ergo
910 2611 1019 2695 qui
1054 2610 1310 2697 fugiunt
1339 2610 1410 2675 id
1443 2610 1821 2697 perieulum,
1859 2609 2031 2694 quod
2062 2632 2178 2695 pro
2212 2634 2282 2675 re
2309 2610 2575 2697 ,publica

515 2706 916 2771 subeundum
948 2715 1079 2783 est,
1135 2706 1328 2769 stulte
1380 2704 1651 2769 faciunt:
1702 2727 1855 2769 nam
1896 2725 2105 2787 neque
2156 2704 2439 2790 effligere
2472 2704 2573 2769 in-

513 2800 848 2865 commoda
887 2809 1160 2884 possunt
1193 2808 1260 2865 et
1293 2798 1528 2885 ingrati
1562 2798 1629 2861 in
1666 2797 1985 2863 civitatem
2025 2797 2449 2883 reperiuntur3
2507 2809 2574 2864 at

516 2891 624 2975 qui
655 2891 898 2977 patriae
931 2891 1214 2975 pericula
1237 2913 1365 2956 suo
1418 2891 1699 2977 periculo
1744 2890 2095 2976 excipiunt,
2148 2890 2217 2955 hi
2250 2890 2572 2976 sapientes

513 2984 780 3069 putandi
831 2994 1008 3061 sunt,
1064 3006 1212 3049 cum
1255 2995 1321 3050 et
1363 3006 1512 3049 eum
1564 3006 1753 3067 quem
1804 2982 2066 3062 debent,
2122 2983 2429 3050 honorem
2476 2985 2575 3051 rei

513 3075 807 3162 publicae
848 3078 1126 3143 reddunt
1169 3090 1236 3143 et
1267 3101 1385 3164 pro
1429 3078 1643 3143 multis
1680 3078 1886 3163 perire
1919 3078 2164 3143 malunt
2200 3099 2391 3162 quam
2424 3100 2573 3143 cum

514 3168 751 3234 multis.
837 3171 1072 3237 etenim
1114 3160 1521 3237 vehementer
1558 3181 1657 3236 est
1696 3171 1983 3255 iniquum
2025 3170 2251 3250 vitam,
2304 3194 2497 3255 quam
2532 3196 2575 3237 a

514 3272 742 3327 natura
791 3274 1114 3351 acceptam
1163 3276 1423 3352 propter
1458 3264 1743 3375 ‘patriam
1793 3264 2223 3343 conservaris,
2284 3274 2570 3343 numme,

516 3376 660 3421 cum
703 3368 916 3445 cogat,
945 3360 1260 3437 reddere,
1311 3359 1583 3447 patriae,
1638 3381 1785 3423 cum
1828 3370 2043 3445 roget,
2098 3382 2229 3425 non
2272 3360 2453 3438 dare3
2508 3371 2574 3425 et

514 3470 660 3515 cum
717 3451 928 3537 possis
991 3474 1137 3518 cum
1197 3476 1449 3518 summa
1500 3452 1731 3518 virtute
1780 3462 1848 3517 et
1896 3453 2137 3520 honore
2187 3475 2304 3542 pro
2364 3453 2574 3539 patria

445 3594 454 3601 .
511 3544 794 3624 interire,
830 3546 1018 3611 malle
1051 3569 1166 3633 per
1201 3546 1477 3611 dedecus
1514 3557 1579 3613 et
1610 3546 1933 3632 ignaviam
1966 3548 2209 3625 vivere3
2260 3569 2378 3633 pro
2414 3546 2574 3611 ami-

515 3637 605 3703 cis
642 3649 709 3703 et
741 3638 1109 3724 parentibus
1157 3648 1223 3705 et
1265 3640 1490 3704 ceteris
1542 3641 1918 3705 necessariis
1974 3642 2147 3706 adire
2198 3638 2571 3725 periculum,

511 3754 630 3817 pro
663 3754 734 3796 re
764 3731 1097 3818 publica,’
1077 3756 1145 3797 m
1180 3752 1306 3815 qua
1339 3743 1406 3797 et
1438 3732 1507 3796 hi
1542 3743 1606 3797 et
1636 3732 1795 3798 illud
1824 3734 2293 3801 sanctissimum
2324 3732 2573 3816 patariae

513 3846 746 3889 nomen
783 3825 1169 3903 continetur,
1219 3824 1394 3889 *nolle
1429 3826 1497 3891 in
1532 3827 1871 3893 discrimen
1904 3828 2137 3894 venire.
2226 3825 2441 3908 itaque
2474 3826 2574 3891 uti

515 3919 1010 3984 contemnendus
1057 3930 1184 3998 est,
1238 3917 1348 4002 qui
1387 3918 1457 3983 in
1506 3921 1840 4007 naufragio
1891 3920 2209 3987 neminem
2261 3940 2453 4003 quam
2498 3942 2571 3985 se

515 4011 758 4075 mavult
796 4010 1206 4093 incolumem,
1259 4012 1350 4077 ita
1391 4024 1492 4079 est
1533 4015 2015 4102 vituperandus,
2070 4014 2181 4101 qui
2212 4014 2281 4080 in
2321 4013 2419 4081 rei
2447 4035 2572 4101 pu-
