2784 4575
489 270 619 336 114
1093 282 1171 338 Μ.
1208 281 1481 340 TULLII
1520 281 1923 340 CICERONIS

485 407 636 472 ficta
685 406 989 485 nal-ratim
1043 404 1344 470 addidisti
1396 405 1771 472 clausulam:
1828 415 1963 471 tota
2013 404 2383 471 Tarracina
2402 416 2549 473 tum

486 501 778 566 omnibus
839 500 908 564 in
965 499 1310 588 parietibus
1369 499 1707 587 inscriptas
1768 500 1968 566 fuisse
2026 499 2268 565 litteras
2289 501 2549 567 L.L.L.

485 594 702 666 M.M.;
740 616 886 660 cum
922 615 1256 678 quaereres
1291 593 1357 659 id
1393 594 1547 678 quid
1580 605 1781 671 esset,
1820 615 2038 660 senem
2072 593 2187 658 tibi
2220 595 2550 678 quendam

491 685 934 775 [oppidanum]
999 687 1268 754 dixisset
1341 687 1605 753 ‘lacerat
1661 687 1968 754 lacertum
2018 687 2222 774 Largi
2272 687 2551 753 mordax

373 809 453 851 841
485 781 873 848 Memmius?
926 781 1282 868 perspicitis
1312 804 1516 868 genus
1547 782 1671 846 hoc
1696 803 1887 866 quam
1914 781 1998 846 sit
2022 782 2317 858 facetum,
2347 803 2549 864 quam

487 875 776 962 elegans,
813 897 1004 960 quam
1039 875 1407 954 oratorium,
1454 875 1589 941 sive
1623 875 1861 942 habeas
1897 897 2046 941 vere
2080 875 2252 958 quod
2283 897 2553 942 narrare

486 970 730 1056 possis,
795 970 967 1055 quod
1026 979 1241 1035 tamen
1291 979 1392 1034 est
1449 967 1986 1034 mendaciunculis
2050 969 2548 1056 aspergendum,

485 1064 624 1130 sive
658 1066 887 1151 fingas.
977 1075 1078 1130 est
1111 1075 1324 1130 autem
1357 1064 1518 1130 haec
1550 1064 1739 1130 huius
1774 1063 2025 1152 generis
2062 1063 2291 1142 virtus,
2344 1074 2417 1132 ut
2448 1064 2551 1128 ita

487 1158 658 1225 facta
717 1161 1144 1238 demonstres,
1167 1201 1178 1210 ·
1205 1171 1280 1224 ut
1337 1182 1548 1224 mores
1602 1159 1769 1238 eius,
1831 1159 1911 1223 de
1971 1180 2096 1242 quo
2154 1180 2404 1236 narres,
2468 1173 2549 1222 ut

489 1273 726 1332 sermo,
759 1265 834 1317 ut
867 1254 1078 1319 voltus
1113 1275 1334 1320 omnes
1369 1252 1819 1340 exprimantur,
1853 1264 1927 1317 ut
1960 1253 2073 1331 eis,
2110 1253 2221 1336 qui
2254 1251 2542 1329 audiunt,

376 1369 453 1410 242
490 1356 626 1413 tum
676 1346 814 1434 geri
861 1347 972 1413 illa
1019 1347 1279 1431 fierique
1329 1348 1683 1412 videantur.
1788 1347 1857 1412 in
1907 1369 1977 1411 re
2030 1356 2131 1411 est
2182 1347 2334 1411 item
2384 1346 2549 1410 ridi-

489 1442 728 1521 culum,
765 1443 935 1526 quod
970 1465 1052 1508 ex
1085 1442 1359 1526 quadam
1396 1442 1739 1529 depravata
1770 1440 2117 1506 imitatione
2154 1439 2319 1505 sumi
2354 1440 2548 1518 solet,

485 1547 557 1602 ut
606 1536 778 1602 idem
831 1535 1136 1602 Crassum
1203 1543 1346 1624 ‘per
1375 1549 1572 1602 ·tuam
1622 1537 2040 1615 nobilitatem,
2093 1559 2209 1622 per
2258 1547 2547 1602 vestram

486 1631 849 1696 familiaml'
889 1631 1042 1715 quid
1075 1629 1251 1696 aliud
1285 1631 1433 1710 fuit,
1466 1631 1536 1696 in
1572 1655 1695 1717 quo
1730 1631 1939 1697 contio
1971 1631 2231 1708 rideret,
2268 1629 2395 1696 nisi
2426 1631 2543 1696 illa

485 1727 696 1792 voltus
751 1736 815 1790 et
863 1725 1038 1792 vocis
1091 1725 1394 1791 imitatio?
1448 1731 1589 1812 ‘per
1624 1738 1766 1791 tuas
1822 1725 2121 1790 statuasl'
2185 1746 2338 1791 vero
2390 1745 2543 1788 cum

487 1819 645 1885 dixit
680 1831 744 1885 et
777 1831 1034 1886 extento
1068 1820 1326 1886 brachio
1361 1820 1688 1906 paululum
1722 1820 1911 1885 etiam
1948 1820 2027 1885 de
2062 1828 2249 1906 gestu
2276 1818 2543 1896 addidit,

485 1913 922 1980 vehementius
974 1913 1249 1979 risimus.
1337 1937 1421 1979 ex
1450 1914 1587 1979 'hoc
1638 1935 1871 2002 genere
1924 1924 2022 1978 est
2072 1913 2185 1977 illa
2214 1911 2542 1978 Rosciana

483 2007 748 2072 imitatio
786 2008 983 2072 senis:
1038 2013 1058 2044 ‘
1068 2007 1182 2072 tibi
1217 2030 1366 2094 ego,
1411 2007 1727 2094 Antipho,
1775 2007 1891 2072 has
1935 2029 2107 2085 ser0,
2151 2007 2379 2091 inquit3
2434 2029 2543 2072 se·-

485 2103 659 2166 nium
695 2113 822 2179 est,
877 2123 1022 2166 cum
1058 2102 1287 2168 audio.'
1376 2113 1565 2186 atque
1598 2103 1691 2168 ita
1724 2113 1823 2168 est
1854 2112 2058 2168 toturn
2092 2102 2215 2168 hoc
2245 2102 2385 2186 ipso
2418 2123 2541 2186 ge-

483 2217 634 2261 nere
667 2196 1031 2275 ridiculum,
1085 2208 1158 2262 ut
1191 2197 1554 2263 cautissime
1597 2198 1993 2263 tractandum
2038 2198 2120 2262 sit
2128 2223 2148 2276 3
2199 2197 2541 2261 mimorum

485 2300 584 2355 est
619 2290 788 2355 enim
821 2291 1290 2378 ethologorum,
1329 2292 1385 2357 si
1418 2292 1613 2357 nimia
1647 2304 1747 2358 est
1778 2292 2071 2370 imitatio,
2118 2292 2283 2358 sicut
2314 2290 2539 2357 obsce-

482 2385 672 2451 nitas.
765 2397 978 2452 orator
1030 2387 1326 2473 surripiat
1375 2397 1625 2473 oportet
1673 2386 2115 2466 imitationem,
2168 2396 2242 2452 ut
2289 2386 2373 2463 is,
2427 2386 2539 2469 qui

486 2480 726 2559 audiet,
781 2481 1016 2567 cogitet
1047 2481 1258 2567 plura,
1313 2502 1504 2565 quam
1548 2480 1787 2560 videat3
1840 2491 2121 2567 praestet
2153 2479 2324 2546 idem
2356 2479 2540 2565 inge-

483 2576 792 2641 nuitatem
835 2586 900 2639 et
941 2576 1237 2641 ruborem
1282 2598 1469 2640 suum
1520 2575 1858 2641 verborum
1910 2575 2295 2661 turpitudine
2339 2584 2407 2638 et
2434 2595 2541 2637 re-

370 2665 451 2775 ἐξ
484 2690 628 2733 rum
675 2667 1066 2733 obscenitate
1118 2667 1392 2733 vitanda.
1501 2691 1655 2755 ergo
1708 2669 1867 2733 haec
1920 2668 2045 2733 duo
2099 2690 2337 2753 genera
2390 2681 2541 2732 sunt

397 2738 422 2777 4
485 2761 620 2827 eius
655 2761 929 2839 ridiculi,
983 2760 1155 2846 quod
1187 2761 1256 2825 in
1287 2782 1356 2825 re
1390 2762 1670 2847 positum
1705 2773 1831 2840 est,
1884 2784 2047 2849 quae
2092 2772 2239 2825 sunt
2282 2760 2538 2848 propria

482 2865 929 2940 perpetuarum
979 2855 1376 2933 facetiarum,
1431 2856 1499 2921 in
1558 2856 1785 2941 quibus
1842 2855 2279 2921 describuntur
2334 2855 2542 2919 homi-

483 2970 638 3013 num
688 2972 898 3014 mores
951 2958 1015 3013 et
1049 2948 1139 3014 ita
1191 2950 1608 3036 effinguntur,
1661 2962 1733 3016 ut
1768 2962 1879 3015 aut
1906 2972 1977 3015 re
2018 2959 2272 3013 narrata
2324 2949 2539 3033 aliqua

485 3042 706 3125 quales
761 3043 888 3107 sint
940 3041 1386 3129 intellegantur
1438 3054 1549 3109 aut
1590 3044 1937 3109 imitatione
1971 3042 2150 3107 brevi
2200 3041 2435 3105 iniecta
2466 3042 2539 3107 in

371 3161 451 3201 244
489 3135 702 3219 aliquo
735 3135 973 3221 insigni
1007 3136 1092 3199 ad
1123 3136 1525 3201 inridendum
1564 3136 1717 3202 vitio
1762 3134 2169 3222 reperiantur.
2258 3133 2326 3197 in
2361 3133 2543 3201 dicto

483 3240 696 3295 autem
743 3229 1076 3295 ridiculum
1112 3240 1210 3294 est
1260 3230 1356 3309 id,
1410 3231 1581 3315 quod
1614 3230 1791 3295 verbi
1834 3237 1943 3293 aut
1992 3227 2341 3293 sententiae
2376 3249 2543 3312 quo-

485 3324 633 3389 dam
685 3324 970 3389 acumine
1021 3335 1310 3390 movetur
1319 3350 1338 3403 3
1396 3325 1509 3389 sed
1550 3335 1621 3388 ut
1662 3323 1728 3387 in
1772 3322 1881 3388 illo
1934 3320 2254 3407 superiore
2297 3342 2539 3407 genere

483 3417 586 3483 vel
619 3414 992 3485 narrationis
1027 3418 1132 3483 vel
1164 3418 1529 3483 imitationis
1566 3417 1825 3482 vitanda
1858 3426 1958 3482 est
1980 3415 2317 3481 mimorum
2353 3414 2539 3480 etho-

481 3511 774 3597 logorum
811 3510 1180 3591 similitudo,
1237 3504 1333 3577 sic'
1361 3511 1431 3576 in
1464 3512 1587 3577 hoc
1622 3510 1899 3578 scurrilis
1954 3509 2187 3577 oratori
2229 3508 2534 3573 dicacitas

479 3627 714 3692 magno
765 3626 958 3692 opere
1008 3606 1314 3693 fugienda
1365 3616 1485 3671 est.
1572 3607 1683 3690 qui
1732 3606 1926 3693 igitur
1978 3604 2437 3691 distinguemus
2492 3626 2532 3667 a

483 3697 752 3777 Crass0‚
790 3722 829 3765 a
865 3698 1124 3779 Catule,
1161 3724 1200 3765 a
1231 3699 1459 3765 ceteris
1494 3698 1867 3764 familiarem
1902 3710 2184 3765 vestrum
2220 3695 2530 3763 Granium

481 3804 591 3858 aut
620 3792 976 3879 Vargulam
1010 3793 1280 3859 amicum
1315 3794 1565 3857 meum?
1597 3815 1728 3858 non
1760 3792 2119 3858 mehercule
2151 3792 2218 3855 in
2251 3800 2528 3856 mentem

478 3886 634 3949 mihi
677 3887 933 3969 quidem
975 3886 1175 3951 venit:
1231 3896 1380 3950 sunt
1422 3884 1592 3949 enim
1640 3886 1921 3965 dicaces3
1980 3884 2219 3951 Granio
2274 3881 2528 3969 quidem

478 3998 668 4043 nemo
702 3978 996 4045 dicacior.
1084 3978 1232 4055 hoc,
1271 3978 1522 4063 opinor,
1557 3979 1859 4066 primum,
1893 4001 2005 4057 ne,
2058 3978 2527 4062 quotienscum-

363 4091 446 4133 245
483 4088 606 4148 que
638 4073 915 4153 potuerit
949 4073 1186 4137 dictum
1221 4071 1374 4149 dici,
1430 4094 1693 4139 necesse
1728 4074 2073 4138 habeamus
2110 4071 2336 4137 dicere.
2407 4089 2541 4159 pu·-
