2784 4575
807 252 916 307 AD
955 250 1014 307 C.
1049 252 1519 309 HERENNIUM
1554 253 1599 321 Ι,
1638 252 1807 307 3-8.
2200 247 2204 253 ’
2292 242 2335 308 3

263 377 567 445 omnibus
587 374 1060 441 defendendum
1075 374 1344 453 videtur,
1365 385 1475 441 aut
1490 374 1559 439 id
1576 398 2041 462 oppugnamus,
2064 378 2235 462 quod
2252 379 2335 445 ab

266 472 568 539 omnibus
603 470 858 535 videtur
881 468 1238 555 oppugnari
1261 470 1513 546 debere,
1548 480 1623 533 ut
1652 490 1769 555 pro
1804 470 1941 535 viro
1976 470 2147 551 forti,
2184 494 2337 539 con·-

267 582 374 631 tra
407 564 786 653 parricidam
793 588 812 643 3
849 573 1032 651 turpe
1067 584 1270 649 gemus
1295 563 1702 649 intellegitur,
1740 584 1887 629 cum
1922 574 2031 629 aut
2064 565 2337 633 honesta

263 682 378 724 res
417 668 824 745 oppugnatur
861 668 970 721 aut
1003 656 1365 724 defenditur
1400 656 1605 743 turpis
1612 683 1631 735 ;
1677 656 1941 749 dubium
1974 680 2177 743 genus
2214 670 2333 737 est,

265 774 425 817 eum
459 750 654 816 habet
685 750 754 815 in
797 770 868 815 se
903 770 1100 815 causa
1139 758 1205 813 et
1246 750 1597 815 honestatis
1643 760 1709 815 et
1750 750 2157 837 turpitudinis
2190 774 2336 838 par-

265 858 436 925 tem;
501 844 739 909 humile
791 866 995 931 genus
1059 856 1186 921 est,
1249 866 1394 907 cum
1454 854 1817 930 contempta
1866 868 1975 910 res
2034 846 2333 911 adfertur.

269 963 428 1006 eum
480 940 640 1005 haec
691 938 780 1003 ita
831 939 985 1016 sint,
1049 939 1383 1005 conveniet
1434 938 1837 1004 exordiorum
1897 940 2207 1005 rationem
2256 940 2339 1007 ad
2370 932 2409 987 4

267 1052 513 1099 causae
547 1054 754 1119 genus
790 1031 1280 1097 adcommodati.

407 1126 836 1191 Exordiorum
863 1126 988 1191 duo
1017 1136 1166 1189 sunt
1190 1148 1455 1213 genera.
1485 1126 1881 1212 principium,
1904 1126 2075 1209 quod
2092 1124 2339 1192 Graece

266 1224 636 1305 προοίμιον
673 1219 1052 1307 appellatum
1088 1218 1451 1296 inanuatio,
1490 1241 1653 1303 quae
1691 1217 1935 1307 ἔφοδος
1959 1220 2337 1290 nominatur.

271 1315 662 1403 principium
697 1328 825 1393 est,
882 1336 1026 1380 cum
1072 1316 1286 1380 statim
1321 1317 1601 1381 animum
1638 1318 1941 1383 auditoris
1982 1318 2167 1384 nobis
2202 1319 2340 1384 ido-

270 1432 476 1476 neum
507 1410 834 1475 reddimus
869 1408 952 1473 ad
987 1410 1390 1475 audiendum.
1480 1410 1548 1473 id
1577 1412 1671 1475 'ita
1706 1411 1991 1488 sumitur,
2028 1423 2102 1475 ut
2136 1422 2339 1477 atten-

269 1516 406 1583 tos,
451 1514 527 1568 ut
569 1503 820 1581 docilis,
863 1514 937 1567 ut
977 1502 1322 1568 benevolos
1367 1502 1687 1569 auditores
1725 1504 1959 1569 habere
1993 1501 2335 1589 possimus.

269 1598 330 1663 si
363 1617 576 1684 genus
612 1618 844 1661 causae
879 1597 1143 1661 dubium
1176 1596 1581 1673 habebimus,
1620 1619 1659 1661 a
1696 1598 2137 1662 benevolentia
2166 1599 2341 1683 prin-

267 1692 516 1778 cipium
551 1691 1012 1757 constituemus
1025 1739 1044 1768 ,
1081 1713 1165 1755 ne
1199 1690 1353 1773 quid
1385 1688 1497 1753 illa
1530 1689 1935 1776 turpitudinis
1968 1713 2117 1777 pars
2152 1690 2336 1756 nobis
2449 1765 2453 1769 .

269 1786 512 1851 obesse
561 1784 794 1871 possit3
849 1785 950 1849 sin
1000 1783 1238 1848 humile
1291 1806 1495 1869 genus
1549 1782 1668 1847 erit
1720 1805 1977 1860 causae,
2030 1783 2337 1849 faciemus

271 1889 554 1945 attentos
562 1904 584 1957 3
631 1878 732 1943 sin
766 1889 948 1965 turpe
984 1898 1214 1943 causae
1258 1900 1463 1963 genus
1510 1878 1655 1956 erit,
1699 1877 2121 1943 insinuatione
2155 1887 2339 1943 uten-

273 1973 431 2037 dum
469 1983 596 2051 est,
645 1972 724 2037 de
759 1994 887 2055 qua
926 1971 1244 2057 posterius
1290 1971 1603 2049 dicemus,
1657 1970 1783 2036 nisi
1816 1971 1970 2054 quid
2012 1972 2183 2037 nacti
2218 1970 2338 2037 eri-

271 2089 442 2144 mus,
482 2088 609 2150 qua
632 2087 702 2133 re
727 2065 1126 2133 adversarios
1155 2066 1543 2132 criminando
1571 2067 2078 2134 benevolentiam
2114 2088 2338 2153 capere

273 2160 622 2269 possimus.
713 2160 768 2226 si
811 2160 1150 2225 honestum
1195 2182 1428 2225 causae
1472 2183 1677 2247 genus
1722 2161 1866 2239 erit,
1911 2161 2127 2226 licebit
2166 2173 2337 2227 reete

275 2254 382 2320 vel
417 2254 514 2318 uti
547 2254 652 2320 vel
683 2276 814 2320 non
847 2250 942 2319 uti
973 2254 1312 2342 principio.
1351 2255 1407 2320 si
1438 2256 1535 2320 uti
1568 2256 1873 2334 volemus,
1912 2266 2023 2322 aut
2053 2255 2121 2321 id
2156 2278 2341 2344 opor·-

277 2348 446 2413 tebit
487 2349 848 2426 ostendere,
903 2367 1031 2433 qua
1071 2373 1142 2414 re
1185 2370 1381 2414 causa
1425 2349 1511 2415 sit
1551 2349 1866 2426 honesta,
1900 2361 2011 2414 aut
2044 2351 2337 2427 breviter,

279 2442 514 2525 quibus
561 2442 640 2507 de
682 2444 874 2508 rebus
921 2441 1146 2507 simus*
1175 2442 1432 2519 dicturi,
1479 2465 1823 2528 exponere3
1878 2443 1979 2508 sin
2028 2443 2338 2528 principio

275 2535 372 2600 uti
425 2534 744 2612 nolemus,
801 2535 884 2600 ab
931 2535 1105 2622 lege,
1161 2536 1240 2600 ab
1295 2535 1633 2622 scriptura,
1688 2536 1769 2600 ab
1822 2535 2031 2619 aliquo
2083 2547 2339 2600 nostrae

276 2649 513 2694 causae
548 2629 912 2694 adiumento
948 2629 1327 2715 principium
1363 2651 1591 2716 capere
1627 2628 1958 2716 oportebit.

410 2721 734 2804 Quoniam
774 2723 968 2810 igitur
1011 2722 1308 2800 docilem,
1356 2732 1693 2798 attentum,
1739 2720 2119 2786 benevolum
2162 2719 2341 2784 audi-

279 2827 486 2882 torem
519 2815 756 2882 habere
791 2817 1113 2895 volumus,
1159 2838 1286 2900 quo
1319 2817 1511 2882 modo
1545 2815 1823 2899 >quidque
1859 2813 2083 2878 confici
2114 2812 2337 2900 possit,

282 2910 670 2996 aperiemus:
716 2910 936 2976 docilis
983 2909 1305 2975 auditores
1345 2909 1583 2974 habere
1634 2908 1981 2994 poterimus
1992 2955 2013 2986 ,
2066 2907 2125 2972 si
2168 2929 2341 2972 sum·
2372 2929 2408 2977 ι,

279 3025 456 3070 mam
491 3027 720 3071 causae
756 3005 1032 3070 breviter
1065 3027 1459 3091 exponemus
1498 3015 1565 3070 et
1596 3003 1655 3068 si
1690 3014 1962 3070 attentos
2001 3025 2111 3072 eos
2146 3003 2342 3068 facie-

281 3119 458 3176 mus3
501 3121 652 3163 nam
695 3099 916 3164 docilis
962 3110 1088 3176 est,
1125 3099 1234 3182 qui
1279 3108 1518 3163 attente
1564 3097 1696 3162 volt
1740 3097 1976 3162 audire.
2066 3107 2339 3162 attentos

281 3191 656 3258 habebimus
669 3243 686 3271 ‚
743 3193 798 3259 si
830 3193 1296 3280 pollicebimur,
1333 3216 1452 3259 nos
1490 3193 1569 3258 de
1603 3193 1794 3257 rebus
1822 3192 2092 3278 magnis,
2130 3191 2336 3267 novis,

281 3285 600 3352 inusitatis
637 3289 834 3352 verba
866 3289 1146 3353 facturos
1160 3336 1178 3365 ,
1224 3297 1334 3352 aut
1369 3287 1451 3352 de
1495 3286 1587 3352 eis
1622 3287 1812 3350 rebus
1827 3334 1845 3363 ,
1890 3307 2053 3369 quae
2090 3285 2172 3348 ad
2204 3305 2342 3349 rem

282 3379 605 3463 publicam
637 3381 1019 3468 pertineant,
1075 3394 1185 3446 aut
1219 3381 1304 3446 ad
1337 3403 1449 3446 eos
1495 3379 1702 3465 ipsos,
1758 3379 1866 3462 qui
1902 3379 2185 3455 audient,
2233 3387 2343 3441 aut

282 3473 367 3538 ad
401 3474 666 3539 deorum
698 3474 1149 3540 immortalium
1182 3474 1585 3562 religionem3
1633 3483 1697 3537 et
1734 3473 1788 3536 si
1829 3473 2225 3558 rogabimus,
2270 3480 2343 3534 ut

277 3576 521 3642 ⁴attente
559 3569 820 3634 audiant
827 3593 845 3647 ;
891 3579 958 3634 et
992 3569 1048 3636 si
1081 3591 1344 3634 numero
1382 3589 1771 3654 exponemus
1816 3589 1919 3634 res
1929 3614 1947 3644 ,
1994 3565 2223 3649 quibus
2259 3563 2340 3626 de

285 3662 472 3729 rebus
512 3664 738 3730 dicturi
775 3685 1014 3730 sumus.
1075 3661 1419 3730 benevolos
1456 3663 1773 3728 auditores
1800 3661 2011 3725 facere
2044 3666 2339 3742 quattuor
2372 3682 2401 3724 s

265 3754 891 3845 'modis-possumus.
875 3784 891 3800 ·
931 3760 1011 3824 ab
1038 3767 1275 3836 nostra,
1313 3759 1394 3822 ab
1430 3755 1935 3821 adversariorum
1960 3761 2339 3828 nostrorum,

289 3849 368 3914 ab
413 3851 772 3918 auditorum
820 3875 1122 3938 persona,
1178 3852 1260 3916 ab
1301 3851 1507 3915 rebus
1540 3849 1718 3936 ipsis.
1809 3847 1889 3911 ab
1937 3855 2159 3910 nostra
2198 3857 2410 3930 per-5

289 3962 444 4011 eona
494 3947 1004 4014 benevolentiam
1067 3946 1541 4021 contrahemus,
1606 3943 1662 4008 si
1710 3951 1998 4024 nostrum
2062 3939 2343 4006 officium

291 4037 423 4106 sine
461 4043 834 4130 adrogantia
866 4043 1288 4118 laudabimus,
1336 4050 1525 4122 atque
1558 4037 1627 4102 in
1659 4057 1796 4102 rem
1828 4020 2149 4190 publicam
2184 4056 2343 4118 qua-
