2784 4575
472 276 514 347 8
1084 284 1167 342 Μ.
1206 286 1482 345 TULLn
1519 284 1926 345 cmmoms

468 410 744 479 maxime
786 408 1007 477 bestiis
1044 408 1416 497 praestent,
1465 410 1533 475 in
1577 409 1702 477 hoc
1743 411 2104 479 hominibus
2149 412 2308 501 ipsis
2355 424 2535 481 ante-

471 506 697 575 collat?
746 514 818 573 ut
850 527 1005 573 vero
1046 504 1176 571 iam
1218 504 1303 571 ad
1342 505 1460 573 illa
1508 528 1760 573 summa
1807 505 2168 587 veniamus,
2221 530 2388 593 quae
2431 511 2534 577 vis

470 600 593 671 alia
632 600 843 691 potuit
890 610 1003 667 aut
1052 598 1379 687 dispersos
1431 599 1722 667 homines
1773 623 1978 669 unum
2005 602 2076 669 in
2113 602 2329 669 locum
2381 625 2535 672 con-

468 718 737 785 gregare
788 706 901 761 aut
953 717 994 760 a
1042 694 1183 761 fera
1230 693 1596 781 agrestique
1645 695 1782 763 vita
1829 696 1918 763 ad
1963 696 2134 763 hunc
2183 696 2532 765 humanum

469 791 713 859 cultum
752 788 1131 875 civilemque
1176 788 1490 855 deducere
1533 800 1644 855 aut
1685 789 1814 857 iam
1859 790 2217 857 constitutis
2263 792 2535 861 civitati·

390 902 445 947 84
468 886 591 953 bus
640 885 819 972 leges
888 882 1123 949 iudicia
1178 882 1321 949 iura
1370 884 1767 951 describere?
1837 907 1914 951 ac
1962 908 2046 952 ne
2097 886 2310 974 plura,
2363 911 2530 973 quae

472 989 619 1046 sunt
644 1001 849 1066 paene
874 976 1377 1055 innumerabilia,
1397 989 1744 1059 consecter,
1774 980 2310 1066 comprehendam
2321 983 2528 1049 brevi:

470 1073 567 1141 sic
596 1072 767 1139 enim
792 1082 1023 1150 statuo,
1058 1069 1327 1157 perfecti
1360 1072 1628 1139 oratoris
1653 1072 2088 1141 moderatione
2122 1086 2189 1141 et
2223 1076 2528 1164 sapientia

468 1192 603 1235 non
651 1166 862 1234 solum
912 1164 1116 1253 ipsius
1171 1164 1573 1252 dignitatem,
1629 1167 1745 1233 sed
1787 1178 1852 1233 et
1891 1167 2282 1256 privatorum
2331 1170 2534 1258 pluri-

470 1284 721 1329 morum
762 1271 829 1327 et
871 1260 1207 1327 universae
1248 1260 1343 1325 rei
1384 1261 1678 1348 publicae
1731 1262 2000 1329 salutem
2049 1264 2322 1330 maxime
2373 1286 2536 1331 con-

468 1355 673 1421 tineri.
760 1376 952 1439 quam
1002 1355 1087 1421 ob
1136 1376 1275 1421 rem
1323 1355 1600 1442 pergite,
1652 1366 1728 1421 ut
1775 1355 2014 1435 facitis,
2069 1358 2532 1439 adulescentes,

470 1460 659 1535 atque
692 1448 765 1515 in
793 1449 863 1514 id
898 1448 1207 1528 studium,
1242 1447 1313 1513 in
1346 1471 1474 1533 quo
1509 1449 1693 1529 estis,
1728 1450 2102 1531 incumbite,
2134 1463 2210 1518 ut
2243 1465 2309 1520 et
2341 1454 2534 1521 vobis

468 1543 693 1610 honori
727 1554 792 1611 et
824 1542 1045 1609 amicis
1078 1541 1337 1609 utilitati
1369 1553 1436 1609 et
1465 1544 1561 1609 rei
1592 1544 1886 1631 publicae
1923 1546 2350 1615 emolumento
2383 1570 2536 1615 esse

399 1634 433 1689 9
390 1636 767 1749 35Ρῡεείῑίεἶ
848 1647 985 1704 tum
1022 1634 1337 1703 Scaevola
1368 1637 1665 1716 comiter,
1695 1649 1768 1703 ut
1803 1638 2076 1717 solebat,
2133 1645 2154 1677 ‘
2161 1642 2399 1706 cetera
2433 1642 2534 1707 in·

390 1704 607 1817 “quit
656 1731 1011 1799 ‘adsentior
1055 1728 1329 1809 Crasso,
1380 1754 1464 1797 ne
1509 1744 1620 1797 aut
1663 1732 1745 1799 de
1791 1730 1868 1800 C.
1904 1733 2118 1799 Laelii
2159 1734 2366 1801 soceri
2405 1736 2530 1801 mei

470 1840 581 1894 aut
614 1828 695 1895 de
738 1827 931 1897 huius
981 1825 1203 1914 generi
1252 1834 1361 1891 aut
1416 1837 1552 1892 arte
1595 1836 1707 1893 aut
1747 1828 1952 1914 gloria
2001 1828 2364 1909 detraham3
2417 1831 2534 1897 sed

466 1921 579 1989 illa
611 1923 767 2000 duc,
806 1920 1072 1997 Crasse,
1108 1941 1333 1985 vereor
1364 1930 1440 1987 ut
1473 1920 1590 1987 tibi
1621 1920 1866 2008 possim
1899 1923 2276 1989 concedere.
2309 1947 2534 2002 unum,
2601 1942 2606 1947 ·

470 2016 643 2099 quod
675 2016 757 2080 ab
792 2012 1146 2080 oratoribus
1182 2011 1472 2081 civitates
1508 2026 1574 2081 et
1605 2014 1784 2081 initio
1827 2016 2204 2083 constitutas
2239 2029 2304 2083 et
2339 2042 2534 2107 saepe

470 2117 879 2175 conservatas
915 2129 1059 2175 esse
1096 2104 1331 2185 dixisti,
1368 2107 1656 2187 alterum,
1703 2111 1876 2195 quod
1901 2122 2146 2179 remoto
2181 2113 2344 2190 fore,
2381 2135 2537 2179 con·-

469 2201 669 2278 tione,
712 2200 992 2280 iudiciis,
1048 2208 1276 2267 senatu
1321 2204 1597 2269 statuisti
1638 2214 1954 2270 oratorem
1984 2204 2054 2271 in
2087 2206 2261 2271 omni
2295 2229 2534 2294 genere

392 2323 445 2365 36
473 2295 781 2362 sermonis
818 2306 882 2363 et
915 2295 1326 2366 humanitatis
1380 2320 1526 2364 esse
1569 2298 1943 2385 perfectum.
1977 2343 1982 2350 -
2031 2299 2174 2384 quis
2210 2301 2383 2366 enim
2417 2302 2538 2368 tibi

468 2390 591 2456 hoc
642 2390 1028 2458 concesserit
1079 2405 1190 2459 aut
1238 2392 1419 2460 initio
1472 2415 1678 2479 genus
1729 2393 2058 2460 hominum
2097 2392 2167 2459 in
2207 2395 2540 2462 montibus

470 2506 545 2552 ac
578 2483 757 2551 silvis
794 2484 1173 2573 dissipatum
1204 2509 1337 2554 non
1368 2485 1777 2574 prudentium
1813 2486 2094 2554 consiliis
2131 2489 2538 2576 compulsum

464 2577 677 2666 potius
738 2600 933 2664 quam
992 2580 1371 2648 disertorum
1421 2580 1704 2646 oratione
1759 2580 2102 2648 delenitum
2155 2605 2226 2647 se
2277 2582 2537 2670 oppidis

466 2673 927 2759 moenibusque
982 2675 1341 2762 saepsisse?
1376 2685 1504 2740 -aut
1547 2697 1700 2742 vero
1749 2675 2028 2761 reliquas
2077 2675 2384 2743 utilitates
2421 2689 2540 2744 aut

466 2767 535 2834 in
586 2766 1043 2834 constituendis
1106 2780 1217 2835 aut
1264 2769 1333 2836 in
1384 2769 1840 2835 conservandis
1895 2769 2256 2838 civitatibus
2307 2793 2442 2838 non
2495 2796 2542 2836 a

470 2861 863 2948 sapientibus
914 2872 981 2927 et
1029 2862 1301 2930 fortibus
1362 2862 1547 2941 viris,
1611 2863 1726 2928 sed
1775 2887 1818 2929 a
1867 2863 2123 2930 disertis
2183 2875 2544 2949 ornateque

390 2978 441 3020 87
470 2953 825 3021 dicentibus
879 2977 1023 3022 esse
1075 2957 1494 3024 constitutas?
1553 2980 1637 3022 an
1688 2979 1840 3023 vero
1891 2957 2008 3023 tibi
2055 2957 2370 3025 Romulus
2419 2958 2544 3025 ille

470 3057 580 3114 aut
638 3058 929 3133 pastores
982 3060 1047 3116 et
1096 3071 1428 3118 convenas
1477 3071 1921 3138 congregasse
1983 3062 2094 3117 aut
2145 3049 2544 3118 Sabinorum

470 3139 741 3206 conubia
774 3142 1182 3210 coniunxisse
1218 3157 1329 3212 aut
1360 3144 1772 3210 finitimorum
1803 3145 1936 3210 vim
1977 3147 2354 3232 repressisse
2389 3143 2550 3212 elo-

469 3233 727 3318 quentia
759 3235 1027 3316 videtur,
1062 3261 1193 3304 non
1219 3237 1483 3305 consilio
1517 3249 1584 3304 et
1621 3238 1934 3325 sapientia
1959 3238 2300 3326 singulari?
2335 3237 2546 3322 quid?

467 3326 537 3393 in
584 3327 797 3395 Numa
844 3330 1197 3419 Pompili03
1261 3331 1451 3417 quid?
1509 3331 1578 3396 in
1633 3329 1860 3398 Servio
1912 3332 2153 3412 Tullio,
2217 3332 2410 3418 quid?
2465 3335 2544 3399 in

469 3422 694 3490 ceteris
727 3424 1009 3512 regibus,
1046 3447 1317 3510 quorum
1348 3425 1552 3492 multa
1579 3436 1732 3492 sunt
1753 3425 1987 3492 eximia
2021 3427 2105 3493 ad
2139 3426 2548 3495 constituen-

469 3515 619 3582 dam
648 3539 785 3588 rem
817 3517 1166 3604 publicam,
1220 3543 1375 3586 num
1411 3519 1806 3606 eloquentiae
1850 3520 2194 3607 vestigium
2227 3523 2550 3608 apparet?

468 3609 657 3693 quid?
709 3611 949 3678 exactis
983 3613 1273 3700 regibus,
1325 3615 1580 3682 tametsi
1611 3615 1822 3702 ipsam
1864 3615 2260 3682 exactionem
2292 3625 2550 3694 mente,

465 3725 597 3770 non
630 3703 851 3791 lingua
880 3706 1231 3792 perfectam
1264 3708 1351 3774 L.
1384 3708 1574 3774 Bruti
1609 3732 1754 3776 esse
1796 3709 2144 3789 cernimus,
2197 3709 2316 3779 sed
2350 3709 2554 3775 dein·

469 3817 619 3884 ceps
672 3798 887 3865 omnia
936 3822 1145 3867 nonne
1195 3803 1388 3888 plena
1424 3802 1860 3882 consiliorum,
1919 3803 2134 3869 inania
2185 3804 2550 3870 verborum

388 3907 443 3949 88
468 3890 795 3959 videmus?
838 3913 959 3979 ego
995 3916 1150 3960 vero
1184 3895 1240 3962 si
1281 3895 1474 3962 velim
1509 3907 1573 3963 et
1605 3907 1862 3964 nostrae
1905 3895 2176 3963 civitatis
2215 3895 2552 3983 exemplis

466 3983 561 4046 uti
604 3995 669 4049 et
712 3985 1007 4065 aliarum,
1056 3975 1243 4073 plura
1289 3989 1576 4073 proferre
1618 3991 1864 4078 possim
1907 3990 2282 4056 detrimenta
2314 3991 2556 4078 publi-

471 4073 563 4138 cis
597 4077 816 4154 rebus,
872 4101 1061 4161 quam
1096 4080 1460 4148 adiumenta
1491 4106 1610 4169 per
1643 4084 1932 4154 homines
1969 4085 2575 4170 eloquentissimos.
