2784 4575
491 235 494 238 ’
533 262 618 328 48
1023 270 1445 328 conmmcn
1479 269 2103 328 nnnromconuu

533 396 843 486 principia
878 395 1186 472 dicemus3
1233 417 1382 460 nam
1414 393 1751 460 laeduntur
1786 393 2079 471 arteriae,
2126 391 2209 470 si,
2249 401 2604 475 antequam

537 511 694 558 voce
727 490 856 556 leni
888 490 1245 576 permulsae
1283 499 1461 567 sunt,
1518 489 1647 554 acri
1690 490 1965 555 clamore
2008 487 2469 574 compleantur3
2528 499 2602 552 et

535 584 879 652 intervallis
924 584 1314 671 longioribus
1349 585 1444 649 uti
1485 584 1823 649 conveniet
1830 608 1847 661 3
1899 593 2219 648 recreatur
2244 579 2424 646 ‘enim
2458 581 2599 666 spi-

533 681 660 748 ritu
693 700 822 744 vox
856 689 920 743 et
954 679 1218 745 arteriae
1261 678 1585 744 reticendo
1631 679 2066 762 acquiescunt3
2114 687 2178 742 et
2222 675 2597 741 continuum

535 776 876 844 clamorem
944 777 1257 842 omittere‘
1293 787 1357 841 et
1418 777 1501 840 ad
1562 797 1917 841 sermonem
1974 773 2243 838 transire
2311 782 2563 858 oportet
2570 795 2592 848 3

535 871 1058 938 commutationes
1095 869 1264 935 enim
1300 869 1558 947 faciunt,
1594 880 1667 934 ut
1698 868 1872 935 nullo
1907 889 2140 955 genere
2167 867 2343 932 vocis
2380 865 2595 930 effuso

529 966 597 1030 in
633 965 806 1032 omni
839 985 996 1030 voce
1038 963 1268 1049 integri
1312 963 1543 1040 simus;
1596 975 1661 1029 et
1694 973 1911 1028 acutas
1954 961 2131 1026 vocis
2182 960 2594 1026 exclamatio-

530 1084 646 1126 nes
700 1061 902 1124 vitare
956 1059 1290 1134 debemus3
1353 1058 1516 1122 ictus
1579 1057 1748 1122 enim
1795 1057 1869 1121 fit
1920 1067 1985 1122 et
2032 1055 2259 1121 volnus
2322 1054 2593 1120 arteriae

537 1152 714 1241 [hac]
755 1163 941 1217 acuta
975 1161 1162 1234 atque
1199 1160 1523 1216 attenuata
1564 1150 1752 1215 nimis
1789 1149 2245 1216 exclamatione
2288 1159 2352 1214 et
2388 1146 2443 1213 si
2477 1147 2592 1231 qui

538 1247 836 1335 splendor
890 1256 990 1311 est
1031 1245 1234 1323 vocis,
1291 1245 1681 1310 consumitur
1732 1265 1861 1309 uno
1905 1244 2178 1309 clamore
2218 1243 2557 1308 universus
2569 1267 2588 1320 3

535 1352 600 1407 et
629 1363 758 1408 uno
797 1339 1019 1428 spiritu
1070 1340 1462 1406 continenter
1513 1340 1714 1404 multa
1758 1339 1965 1403 dicere
2004 1338 2074 1402 in
2118 1348 2401 1402 extrema
2434 1359 2591 1404 con-

535 1434 709 1501 venit
743 1434 1051 1512 oratione3
1073 1435 1305 1499 'fauces
1343 1433 1511 1499 enim
1538 1433 1833 1498 calefiunt
1866 1442 1933 1498 et
1965 1431 2231 1498 arteriae
2266 1429 2589 1518 complen-

457 1575 462 1580 ς
535 1540 638 1594 tur
673 1540 737 1594 et
771 1549 917 1606 voX,
954 1549 1116 1612 quae
1152 1537 1419 1592 tractata
1454 1528 1626 1592 varie
1662 1538 1778 1604 est,
1812 1525 2133 1592 reducitur
2164 1525 2232 1589 in
2269 1526 2590 1608 quendam

535 1647 761 1689 sonum
797 1620 1191 1706 aequabilem
1236 1634 1424 1705 atque
1470 1631 1881 1687 constantem.
1972 1640 2097 1703 qua
2140 1641 2331 1706 saepe
2372 1641 2591 1709 rerum

463 1727 466 1730 ’
529 1727 793 1782 naturae
829 1715 1034 1804 gratia
1068 1716 1380 1799 quaedam
1415 1715 1551 1780 iure
1586 1715 1877 1791 debetur,
1914 1714 2067 1778 item
2102 1712 2330 1777 accidit
2362 1713 2429 1776 in
2463 1712 2587 1778 hac

447 2019 498 2058 22

431 3768 498 3821 13

447 3840 498 3880 23

529 1834 627 1877 re:
679 1834 830 1875 nam
888 1832 1050 1893 quae
1103 1809 1376 1873 diximus
1422 1809 1507 1873 ad
1549 1829 1773 1873 vocem
1828 1807 2205 1873 servandam
2254 1807 2584 1892 prodesse,

532 1905 756 1970 eadem
800 1903 1101 1969 orationis
1147 1902 1563 1967 enuntiationi
1610 1901 1917 1978 serviunt,
1970 1912 2068 1978 ut,
2122 1901 2293 1984 quod
2326 1902 2585 1966 nostrae

531 1997 674 2062 voci
719 1996 948 2082 prosit,
1001 1996 1173 2060 idem
1207 1995 1517 2060 voluntati
1562 1995 1865 2061 auditoris
1915 1996 2245 2080 probetur:
2296 1994 2449 2059 utile
2483 2005 2587 2060 est

533 2089 616 2153 ad
656 2088 1106 2153 firmitudinem
1149 2089 1325 2154 vocis
1374 2088 1595 2154 sedata
1637 2111 1765 2154 vox
1807 2088 1875 2153 in
1906 2088 2245 2176 principio:
2300 2087 2454 2171 quid
2485 2087 2585 2151 in-

535 2181 792 2246 suavius
805 2230 823 2258 ,
869 2204 1059 2264 quam
1095 2183 1331 2248 clamor
1374 2183 1444 2246 in
1486 2181 1744 2248 exordio
1790 2183 2057 2248 causae?
2098 2181 2429 2246 intervalla
2471 2203 2586 2248 vo-

533 2298 672 2341 cem
707 2277 1107 2355 confirmant3
1163 2277 1387 2343 eadem
1425 2279 1767 2345 sententias
1804 2278 2236 2345 concinniores
2274 2276 2585 2345 divisione

531 2372 805 2436 reddunt
847 2384 913 2437 et
955 2372 1223 2437 auditori
1277 2373 1551 2459 spatium
1602 2373 1923 2459 cogitandi
1965 2373 2346 2457 relinquunt.
2434 2394 2586 2437 con-

534 2475 746 2531 servat
789 2484 1019 2531 *vocem
1071 2465 1351 2531 continui
1404 2466 1693 2534 clamoris
1744 2466 2064 2532 remissio:
2120 2478 2183 2533 et
2234 2466 2584 2531 auditorem

533 2559 787 2644 quidem
821 2560 1094 2625 varietas
1129 2560 1405 2625 maxime
1440 2560 1739 2638 delectat,
1788 2582 1933 2625 cum
1969 2571 2079 2626 aut
2124 2582 2412 2625 sermone
2448 2560 2585 2624 ani-

529 2676 672 2719 mus
707 2654 1010 2719 retinetur
1046 2666 1155 2719 aut
1195 2655 1620 2719 exsuscitatur
1666 2655 1959 2720 clamore.
2050 2665 2235 2719 acuta
2270 2654 2587 2719 exclamas-

531 2747 618 2813 tio
655 2768 878 2814 vocem
913 2748 1229 2813 volneratz
1283 2749 1508 2813 eadem
1541 2747 1737 2814 laedit
1772 2747 2150 2825 auditorem3
2187 2747 2380 2811 habet
2414 2747 2587 2812 enim

532 2840 832 2923 quiddam
885 2842 1211 2907 inliberale
1263 2852 1329 2905 et
1374 2842 1457 2905 ad
1500 2841 1872 2907 muliebrem
1922 2841 2133 2928 potius
2187 2841 2588 2907 vociferatio—

531 2954 679 2997 nem
715 2954 904 3016 quam
939 2934 1023 2997 ad
1055 2935 1300 2999 virilem
1336 2935 1762 3021 dignitatem
1742 2959 1811 2998 m
1845 2934 2113 2999 dicendo
2142 2934 2589 2999 adcommoda-

531 3038 686 3091 tum.
791 3028 859 3092 in
911 3038 1193 3094 extrema
1243 3030 1525 3096 oratione
1586 3030 1913 3095 continens
1967 3052 2095 3094 vox
2154 3029 2432 3095 remedio
2486 3040 2589 3094 est

531 3120 693 3186 voci.
784 3120 972 3203 quid?
1008 3122 1166 3187 haec
1201 3124 1426 3189 eadem
1456 3132 1671 3189 'nonne
1717 3123 1996 3187 animum
2030 3122 2587 3189 vehementissime

534 3212 822 3279 calefacit
855 3211 1155 3280 auditoris
1191 3217 1258 3280 in
1293 3218 1485 3282 totius
1514 3218 1917 3282 conclusione
1952 3216 2219 3281 causae?
2258 3212 2588 3299 [quoniam

455 3319 458 3322 “
531 3306 636 3372 res
689 3307 880 3393 igitur
943 3310 1203 3375 eaedem
1263 3310 1439 3376 vocis
1492 3309 1871 3376 'firmitudini
1932 3320 1996 3374 et
2054 3308 2585 3395 pronuntiationis

536 3400 919 3467 suavitudini
951 3414 1246 3489 prosunt,
1285 3404 1364 3469 de
1400 3415 1669 3488 utraque
1702 3425 1772 3468 re
1810 3403 1998 3467 simul
2034 3401 2152 3467 erit
2184 3400 2251 3465 in
2284 3423 2588 3488 praesen-

533 3494 624 3559 tia
656 3494 920 3572 dictum,
976 3496 1055 3561 de
1088 3496 1502 3575 firmitudine,
1558 3520 1720 3581 quae
1774 3496 1979 3561 divisa
2026 3504 2200 3573 sunt,
2256 3496 2335 3559 de
2372 3496 2588 3559 suavi-

533 3598 692 3667 tate,
740 3610 902 3673 quae
939 3590 1272 3655 coniuncta
1305 3592 1589 3655 fuerunt·
1639 3600 1849 3655 cetera
1884 3612 2000 3654 suo
2034 3588 2175 3655 loco
2210 3587 2401 3673 paulo
2435 3599 2588 3672 post

535 3682 836 3748 dicemus.
839 3680 868 3769 ]

649 3775 990 3842 Mollitudo
1031 3773 1278 3862 [igitur]
1327 3776 1531 3853 vocis,
1586 3777 1883 3859 quoniam
1934 3774 2138 3841 omnis
2186 3771 2268 3837 ad
2309 3770 2583 3838 rhetoris

531 3868 1037 3953 praeceptionem
1061 3868 1355 3976 pertinet,
1383 3869 1744 3955 diligentius
1772 3868 1956 3935 nobis
1976 3864 2435 3933 consideranda
2460 3878 2581 3931 est.

535 3980 676 4021 eam
710 3959 1102 4024 dividimus
1081 3984 1149 4023 m
1185 3984 1567 4039 sermonem,
1615 3962 2105 4038 contentionem,
2146 3958 2583 4045 amplificatio-

532 4071 698 4114 nem.
807 4074 1012 4127 sermo
1067 4063 1165 4117 est
1215 4054 1417 4119 oratio
1465 4056 1734 4121 remissa
1784 4065 1849 4119 et
1897 4054 2164 4118 finitima
2224 4052 2581 4119 cotidianae
