2784 4575
938 217 1255 274 ORATOR
1289 215 1598 274 145—152.
2164 205 2292 271 311

230 347 573 415 dederem?
634 366 798 430 quae
857 340 1115 428 quidem
1164 363 1269 406 me
1330 350 1520 406 antea
1542 410 1543 413 ,
1567 339 1635 404 in
1693 339 1926 406 iudicia
1989 333 2184 426 atque
2227 341 2295 408 in

233 442 482 509 curiam
534 439 965 517 deducebant,
1015 457 1187 502 nunc
1230 435 1550 502 oblectant
1592 431 1764 500 domi
1769 460 1790 514 3
1843 457 1964 501 nec
2004 457 2158 502 vero
2201 447 2296 501 ta-

230 535 405 604 libus
456 534 648 601 modo
688 533 913 612 rebus,
967 530 1171 616 qualis
1225 527 1331 595 hic
1372 528 1534 594 liber
1575 528 1884 608 continet,
1939 530 2056 595 sed
2095 529 2296 595 multo

236 627 435 694 etiam
470 626 867 715 gravioribus
904 635 970 691 et
1001 623 1379 700 maioribus3
1433 642 1596 706 quae
1640 621 1697 687 si
1731 631 1916 687 erunt
1955 620 2295 710 perfectae,

232 723 527 812 profecto
578 722 941 790 forensibus
992 719 1228 786 nostris
1278 718 1472 784 rebus
1527 717 1720 782 etiam
1769 718 2154 784 domesticae
2197 716 2299 782 lit-

234 829 415 884 terae
473 817 972 904 respondebunt.
1080 814 1195 881 sed
1247 812 1331 878 ad
1390 810 1749 878 institutam
1809 811 2301 900 disputationem

234 921 653 977 revertamur.

364 1001 882 1070 Conlocabuntur
940 1001 1133 1087 igitur
1192 1002 1420 1078 verba,
1478 1009 1552 1064 ut
1603 1008 1709 1064 aut
1771 998 1935 1065 inter
1987 1021 2058 1065 se
2111 1021 2301 1084 quam
2333 995 2404 1048 44

240 1095 571 1183 aptissime
632 1095 1013 1162 cohaereant
1072 1103 1357 1160 extrema
1419 1113 1566 1158 cum
1623 1092 1845 1180 primis
1913 1115 2114 1178 eaque
2175 1094 2302 1159 sint
2335 1067 2416 1108 ¹⁴²⁹

240 1212 437 1274 quam
472 1187 866 1254 suavissimis
902 1188 1189 1265 vocibus,
1227 1197 1337 1252 aut
1369 1197 1442 1251 ut
1475 1185 1734 1252 forma
1714 1210 1859 1274 ipsa
1883 1186 2304 1254 concinnitas-

241 1300 369 1368 que
403 1283 741 1349 verborum
774 1280 1065 1348 conficiat
1110 1282 1331 1346 orbem
1374 1301 1589 1358 suum,
1645 1293 1754 1346 aut
1787 1292 1858 1346 ut
1892 1281 2303 1370 comprehen-

244 1377 343 1443 sio
393 1398 733 1443 numerose
784 1386 851 1441 et
902 1386 1049 1463 apte
1110 1375 1317 1440 cadat.
1425 1385 1615 1460 atque
1665 1374 1825 1440 illud
1881 1375 2157 1462 primum
2205 1375 2306 1441 vi·

241 1471 509 1536 deamus
562 1470 748 1555 quale
802 1467 912 1549 sit,
966 1469 1139 1555 quod
1179 1469 1285 1534 vel
1336 1469 1616 1534 maxime
1666 1469 1987 1536 desiderat
2036 1470 2304 1558 diligen-

245 1565 401 1630 tiam
408 1589 430 1642 3
482 1576 584 1631 est
626 1564 799 1630 enim
842 1563 1027 1649 quasi
1072 1574 1389 1629 structura
1434 1562 1777 1647 quaedam,
1827 1587 1948 1630 nec
1979 1564 2048 1629 id
2089 1573 2303 1628 tamen

242 1659 357 1724 fiet
398 1679 695 1745 operose3
748 1681 903 1724 nam
952 1669 1126 1727 esset
1177 1678 1323 1722 cum
1374 1655 1660 1722 infinitus
1713 1667 1850 1720 tum
1900 1654 2159 1742 puerilis
2209 1656 2305 1720 la-

244 1752 363 1817 bor
370 1776 391 1830 3
461 1751 635 1837 quod
692 1751 875 1839 ‘apud
930 1750 1259 1818 Lucilium
1330 1750 1488 1816 scite
1555 1749 1841 1836 exagitat
1899 1750 1983 1815 in
2025 1749 2303 1815 Albucio

248 1843 593 1912 Scaevolat

330 1963 523 2026 quam
556 1939 768 2028 lepide
803 1940 1009 2020 λέξεις
1045 1949 1446 2029 compostae,
1479 1949 1553 2006 ut
1587 1937 1962 2016 tesserulae,
1998 1959 2220 2005 omnes

330 2045 465 2102 arte
498 2035 863 2123 pavimento
900 2045 1089 2120 atque
1126 2035 1504 2100 emblemate
1539 2031 1978 2101 vermiculato!

242 2129 396 2196 nolo
441 2141 573 2194 tam
616 2129 860 2196 minuta
903 2129 1063 2196 haec
1114 2128 1502 2196 constructio
1545 2140 1880 2216 appareat3
1934 2127 2052 2195 sed
2093 2137 2305 2194 tamen
2340 2153 2418 2194 150

247 2221 429 2286 stilus
464 2223 845 2290 exercitatus
880 2223 1116 2291 efficiet
1159 2223 1414 2290 facilem
1447 2221 1614 2289 hanc
1659 2222 1829 2291 viam
1865 2223 2302 2311 componendi.

244 2338 395 2380 nam
437 2326 509 2379 ut
548 2316 617 2381 in
658 2317 933 2403 legendo
986 2318 1239 2396 oculus,
1292 2318 1386 2384 sic
1437 2317 1712 2387 animus
1727 2318 1796 2383 in
1839 2318 2108 2384 dicendo
2157 2341 2308 2405 pro-

247 2408 497 2495 spiciet,
534 2409 689 2493 quid
726 2423 1045 2494 sequatur,
1082 2434 1164 2479 ne
1200 2421 1626 2477 extremorum
1660 2412 1997 2478 verborum
2031 2433 2178 2476 cum
2209 2411 2307 2476 in·-

194 2530 203 2539 ·
250 2501 654 2589 sequentibus
681 2504 902 2589 primis
939 2526 1285 2572 concursus
1314 2514 1426 2571 aut
1447 2504 1696 2571 hiulcas
1715 2526 1905 2571 voces
1937 2503 2172 2571 efficiat
2197 2517 2308 2570 aut

249 2620 504 2684 asperas
515 2622 536 2675 3
573 2598 863 2681 quamvis
892 2599 1060 2664 enim
1086 2622 1316 2666 suaves
1343 2622 1656 2687 gravesve
1675 2599 2044 2677 sententiae,
2072 2609 2304 2676 tamen,

248 2690 305 2754 si
334 2690 673 2756 inconditis
703 2691 916 2757 verbis
944 2693 1314 2772 efferuntur,
1340 2693 1673 2759 offendunt
1700 2693 1890 2771 auris,
1917 2714 2184 2777 quarum
2208 2702 2310 2757 est

246 2783 547 2851 iudicium
581 2785 1135 2871 superbissimum3
1190 2788 1364 2871 quod
1398 2787 1656 2872 quidem
1687 2786 1926 2853 Latina
1955 2786 2178 2874 lingua
2216 2785 2308 2852 sic

248 2877 565 2957 observat,
592 2901 781 2945 nemo
808 2890 880 2944 ut
906 2890 1038 2947 tam
1062 2881 1335 2947 rusticus
1366 2882 1450 2947 sit
1465 2881 1578 2966 qui
1603 2880 1840 2947 vocalis
1865 2880 2026 2947 nolit
2047 2881 2308 2948 coniun-

247 2993 398 3057 gere
405 2997 427 3049 3
477 2972 545 3037 in
580 2993 707 3057 quo
752 2973 1013 3057 quidam
1047 2973 1534 3062 Theopompum
1572 2974 1764 3040 etiam
1814 2974 2304 3062 reprehendunt,
2342 2999 2420 3039 151

248 3067 417 3150 quod
445 3088 553 3133 eas
573 3067 815 3135 litteras
836 3078 1012 3135 tanto
1032 3092 1223 3156 opere
1250 3069 1504 3157 fugerit,
1525 3070 1644 3137 etsi
1661 3067 1833 3135 idem
1849 3069 2152 3156 magister
2169 3068 2309 3135 eius

245 3160 592 3229 Isocrates:
630 3173 696 3229 at
728 3186 859 3229 non
893 3163 1326 3249 Thucydides,
1360 3186 1444 3229 ne
1477 3164 1584 3230 ille
1619 3163 1876 3249 quidem
1909 3162 2083 3229 haud
2113 3162 2306 3250 paulo

247 3253 447 3318 maior
482 3255 751 3342 scriptor
793 3257 983 3323 Plato
1028 3278 1148 3323 nec
1201 3257 1409 3322 solum
1451 3255 1520 3323 in
1559 3257 1662 3323 his
1717 3256 2145 3336 sermonibus,
2198 3256 2310 3339 qui

251 3344 548 3431 διάλογοι
567 3349 877 3429 dicuntur,
904 3351 1016 3415 ubi
1042 3351 1233 3417 etiam
1260 3350 1341 3414 de
1364 3350 1680 3416 industria
1695 3351 1764 3416 id
1779 3350 2142 3417 faciendum
2166 3350 2307 3426 fuit,

250 3439 363 3505 sed
394 3439 465 3505 in
495 3442 787 3528 populari
820 3445 1134 3521 oratione,
1180 3465 1309 3527 qua
1341 3468 1484 3511 mos
1519 3454 1620 3511 est
1652 3445 1928 3510 Athenis
1962 3442 2209 3509 laudari
2241 3444 2310 3510 in

249 3534 539 3601 contione
593 3558 703 3603 eos
718 3585 737 3615 ‚
791 3538 901 3621 qui
954 3538 1083 3603 sint
1134 3538 1201 3603 in
1252 3538 1512 3625 proeliis
1567 3538 1910 3617 interfecti3
1969 3535 2161 3624 [quae
2215 3539 2310 3603 sic

246 3629 513 3717 probata
547 3642 674 3709 est,
726 3641 801 3696 ut
842 3654 985 3697 eam
1028 3632 1398 3715 quotannis,
1451 3643 1526 3698 ut
1561 3633 1715 3711 scis,
1767 3633 1877 3699 illo
1914 3632 2016 3698 die
2057 3630 2310 3699 recitari

247 3745 509 3800 necesse
556 3723 689 3812 sit.]
776 3725 845 3790 in
881 3748 958 3790 ea
1001 3738 1102 3791 est
1153 3728 1379 3794 crebra
1428 3726 1554 3793 ista
1598 3726 1912 3793 vocalium
1956 3726 2308 3803 concursio,

249 3838 439 3901 quam
481 3842 718 3906 magna
770 3843 850 3885 ex
900 3831 1083 3907 parte
1134 3832 1207 3885 ut
1258 3820 1558 3887 vitiosam
1612 3820 1778 3908 fugit
1812 3818 2308 3888 Demosthenes.

251 3913 364 3976 sed
392 3911 625 3979 Graeci
660 3914 960 3993 viderint3
997 3914 1183 3980 nobis
1218 3938 1299 3980 ne
1338 3914 1397 3981 si
1431 3915 1760 4024 cupiamus
1787 3914 2043 3999 quidem
2079 3911 2310 3979 distra-
2339 3906 2410 3961 45

246 4003 397 4071 here
424 4028 614 4074 voces
642 4009 1031 4075 conceditur.
1068 4008 1349 4075 indicant
1374 4009 1692 4075 orationes
1720 4008 1912 4076 illae
1893 4031 2071 4098 ipsae
2105 4004 2308 4074 horri-
2340 3980 2417 4022 ²⁵²
