2784 4575
451 207 580 276 252
949 191 954 196 ’
1067 219 1146 273 M.
1183 217 1449 275 TULLn
1482 215 1885 273 οιοιιιιοιιιε

328 379 422 419 -ειι
457 366 703 432 parum.
794 353 930 408 erat
971 340 1108 406 eius
1163 339 1443 425 aequalis
1486 338 1568 404 P.
1601 337 1955 405 Autronius
2002 359 2159 405 voce
2211 351 2519 427 peracuta

457 449 645 522 atque
680 459 944 522 magna,
979 457 1100 500 nec
1133 435 1260 500 alia
1291 456 1362 500 re
1396 432 1527 498 ulla
1559 433 1936 520 probabilis,
1972 443 2039 498 et
2070 432 2157 498 L.
2194 433 2515 502 Octavius

377 597 380 600 ,
452 530 782 608 Reatinus,
819 529 926 613 qui
961 549 1106 593 cum
1138 527 1372 592 multas
1406 527 1535 592 iam
1568 547 1795 591 causas
1831 525 2098 604 diceret,
2135 527 2513 594 adulescens

450 635 555 692 >est
603 633 918 700 mortuus3
951 655 1042 670 -—-
1073 621 1130 686 is
1173 633 1390 686 tamen
1440 620 1524 685 ad
1573 619 1914 685 dicendum
1965 619 2259 686 veniebat
2300 621 2514 710 magis

443 718 753 783 ‚audacter
805 739 996 800 quam
1045 725 1264 801 parate
1315 749 1407 764 --
1448 724 1539 778 et.
1566 711 1645 779 O.
1702 711 2032 791 Staienus,
2088 713 2197 799 qui
2249 733 2319 780 se
2371 715 2516 801 ipse

457 813 868 899 adoptaverat
920 820 984 875 et
1025 810 1106 874 de
1143 807 1407 875 Staieno
1422 833 1429 838 ·
1442 807 1702 872 Aelium
1745 807 2009 885 fecerat,
2064 806 2308 873 fervido
2349 829 2516 893 quo-

457 907 606 971 dam
647 916 714 970 et
763 904 1070 992 petulanti
1113 913 1178 970 et
1228 901 1469 968 furioso
1522 923 1757 988 genere
1808 901 2086 979 dicendi3
2140 902 2312 986 quod
2362 901 2517 987 quia

456 997 672 1064 multis
724 1008 976 1108 gratum
1011 1008 1148 1062 erat
1181 1007 1256 1066 et
1288 995 1704 1082 probabatur,
1758 995 2151 1061 ascendisset
2194 996 2280 1061 ad
2312 995 2516 1062 hono-

453 1115 587 1172 res,
635 1092 760 1158 nisi
793 1091 860 1156 in
902 1090 1183 1156 facinore
1215 1089 1555 1155 manifesto
1603 1089 2034 1177 deprehensus
2078 1111 2317 1176 poenas
2350 1088 2515 1177 legi-

355 1193 424 1246 69
458 1188 579 1252 bus
615 1197 680 1252 et
721 1184 952 1251 iudicio
997 1184 1298 1250 dedisset.
1387 1182 1615 1249 eodem
1655 1193 1938 1270 tempore
1975 1180 2054 1249 C.
2088 1183 2172 1247 L.
2213 1181 2515 1270 Caepasii

344 1265 425 1304 ²⁴²
458 1280 686 1345 fratres
721 1278 1006 1355 fuerunt,
1059 1276 1168 1360 qui
1209 1276 1411 1341 multa
1452 1290 1672 1363 opera,
1723 1276 1929 1362 ignoti
1977 1276 2267 1342 homines
2314 1287 2379 1342 et
2410 1298 2513 1342 re-

455 1369 726 1456 pentini,
793 1381 1156 1454 quaestores
1209 1369 1495 1436 celeriter
1547 1367 1701 1434 facti
1754 1379 1931 1447 sunt,
1984 1369 2301 1457 oppidano
2354 1392 2514 1455 quo-

456 1465 607 1529 dam
649 1474 714 1529 et
761 1463 1082 1530 incondito
1133 1485 1366 1549 genere
1420 1462 1687 1528 dicendi.
1778 1462 2085 1530 addamus
2130 1463 2257 1530 huc
2299 1465 2509 1544 etiam,

456 1581 539 1624 ne
583 1579 773 1642 quem
814 1557 1100 1630 vocalem
1151 1556 1529 1644 praeterisse
1580 1555 1937 1636 videamur,
1997 1555 2075 1624 C.
2122 1555 2513 1625 Cosconium

460 1650 889 1728 Calidianum,
935 1651 1044 1736 qui
1075 1651 1251 1716 nullo
1285 1649 1575 1716 acumine
1610 1672 1753 1716 eam
1787 1662 2001 1716 tamen
2034 1651 2371 1718 verborum
2404 1673 2511 1720 co·

454 1745 654 1832 piam,
719 1746 774 1810 si
825 1767 1016 1829 quam
1066 1745 1371 1822 habebat,
1433 1744 1779 1831 praebebat
1828 1744 2065 1831 populo
2118 1767 2263 1810 cum
2311 1745 2513 1811 multa

455 1839 934 1906 concursatione
970 1861 1329 1925 magnoque
1363 1839 1667 1916 clamore,
1705 1839 1878 1923 quod
1909 1839 2081 1905 idem
2114 1840 2386 1906 faciebat
2420 1839 2507 1922 Q.

457 1936 716 2012 Arrius,
774 1935 882 2019 qui
916 1935 1036 2001 fuit
1069 1934 1166 2001 M.
1205 1933 1430 2000 Crassi
1472 1933 1657 2023 quasi
1691 1935 2131 2000 secundarum.
2213 1935 2271 2000 is
2306 1935 2507 1999 omni-

457 2029 578 2098 bus
631 2027 922 2115 exemplo
973 2027 1165 2093 debet
1200 2049 1372 2104 esse,
1430 2038 1736 2110 quantum
1786 2027 1853 2093 in
1904 2029 2026 2094 hac
2066 2027 2220 2093 urbe
2270 2027 2507 2115 polleat

459 2123 798 2188 multorum
843 2122 1140 2188 oboedire
1182 2121 1453 2209 tempori
1494 2122 1961 2207 multorumque
2004 2123 2107 2187 vel
2146 2121 2372 2188 honori
2404 2121 2511 2188 vel

343 2241 424 2282 243
461 2214 740 2302 periculo
779 2215 1042 2281 servire:
1077 2215 1178 2281 his
1214 2215 1384 2280 enim
1416 2217 1607 2281 rebus
1643 2215 1860 2281 infimo
1895 2215 2037 2282 loco
2072 2227 2257 2282 natus
2294 2227 2364 2282 et
2392 2215 2508 2283 ho·

451 2330 644 2375 nores
689 2321 755 2375 et
802 2310 1138 2397 pecuniam
1190 2320 1252 2376 et
1304 2310 1576 2397 gratiam
1628 2321 2007 2377 consecutus
2060 2311 2253 2377 etiam
2291 2310 2359 2377 in
2398 2313 2511 2401 pa-

455 2414 782 2471 tronorum
833 2402 968 2470 sine
1023 2403 1308 2470 doctrina
1361 2404 1497 2471 sine
1548 2403 1804 2491 ingenio
1856 2404 2131 2489 aliquem
2181 2427 2511 2471 numerum

450 2508 857 2583 pervenerat3
914 2498 1030 2563 sed
1081 2510 1150 2563 ut
1200 2498 1450 2585 pugiles
1495 2498 1917 2577 inexercitati,
1970 2499 2219 2565 etiamsi
2260 2522 2509 2587 pugnos

449 2601 523 2656 et
561 2590 786 2677 plagas
836 2590 1282 2679 Olympiorum
1333 2592 1547 2678 cupidi
1598 2594 1761 2658 ferre
1814 2605 2112 2679 possunt,
2166 2594 2367 2659 solem
2418 2606 2512 2659 ta-

455 2706 604 2750 men
657 2707 848 2771 saepe
900 2686 1066 2751 ferre
1117 2708 1248 2751 non
1297 2697 1598 2771 possunt,
1652 2687 1745 2752 sic
1794 2688 1929 2765 ille,
1982 2708 2129 2752 cum
2172 2688 2345 2754 omni
2384 2688 2511 2752 iam

457 2777 709 2844 fortuna
757 2802 1060 2866 prospere
1122 2778 1377 2846 functus
1438 2779 1689 2847 labores
1750 2782 1939 2847 etiam
2000 2804 2271 2869 magnos
2326 2802 2509 2847 exce-

453 2870 682 3029 pffiet,
733 2871 900 2937 illius
935 2872 1246 2938 iudicialis
1293 2874 1445 2939 anni
1482 2876 1884 2941 severitatem
1918 2875 2101 2958 quasi
2144 2874 2345 2939 solem
2380 2894 2509 2939 non

458 2974 486 3027 t
555 2964 618 3029 ’t-

351 3082 431 3121 244
576 3057 746 3123 Tum
760 3058 1016 3123 Atticus
1046 3064 1145 3123 ‘tu
1174 3060 1431 3143 quidem
1458 3061 1537 3127 de
1565 3060 1771 3126 faece’
1796 3058 2000 3141 inquit
2026 3056 2287 3135 ‘hauris,
2316 3055 2506 3140 idque

455 3150 582 3215 iam
617 3152 856 3217 dudum
864 3177 883 3230 3
921 3152 1038 3217 sed
1070 3155 1386 3220 tacebamz
1423 3154 1543 3219 hoc
1576 3174 1727 3217 vero
1762 3174 1889 3216 non
1922 3150 2261 3237 putabam,
2300 3160 2363 3216 te
2396 3172 2507 3215 us-

342 3306 346 3309 ,
456 3266 578 3327 que
606 3245 691 3309 ad
715 3243 1012 3311 Staienos
1049 3256 1114 3311 et
1139 3247 1487 3313 Autronios
1514 3265 1657 3310 esse
1684 3254 2039 3309 venturum.
2041 3243 2058 3272 ’
2131 3249 2292 3311 ‘non
2323 3244 2505 3331 puto’

454 3338 712 3448 inquam
747 3339 1142 3407 ‘existimare
1177 3352 1241 3406 te
1275 3339 1617 3414 ambitione
1640 3361 1745 3404 me
1770 3338 1923 3419 labi,
1957 3339 2191 3427 quippe
2226 3339 2309 3405 de
2341 3362 2509 3405 mor-

455 3432 612 3511 tuis3
647 3433 764 3499 sed
797 3434 1084 3501 ordinem
1120 3455 1388 3519 sequens
1424 3433 1495 3498 in
1526 3432 1896 3500 memoriam
1928 3444 2145 3500 notam
2180 3444 2246 3499 et
2280 3454 2508 3543 aequa«-

454 3524 584 3593 lem
615 3526 973 3593 necessario
1015 3526 1294 3605 incur-ro;
1346 3527 1495 3594 volo
1534 3540 1744 3594 autem
1785 3527 1911 3595 hoc
1952 3526 2255 3617 perspici,
2309 3526 2509 3593 omni-

456 3618 577 3683 bus
649 3619 1048 3704 conquisitis,
1117 3620 1226 3704 qui
1275 3619 1344 3685 in
1402 3620 1804 3687 multitudine
1876 3622 2085 3688 dicere
2154 3620 2293 3685 ausi
2362 3620 2505 3698 sint,

455 3712 760 3780 memoria
811 3714 1068 3796 quidem
1119 3714 1346 3800 dignos
1402 3737 1783 3802 perpaucos,
1838 3738 2059 3781 verum
2102 3714 2211 3799 qui
2252 3713 2507 3781 omnino

457 3827 688 3871 nomen
724 3805 1088 3885 habuerint,
1140 3830 1272 3873 non
1302 3807 1394 3873 ita
1426 3808 1661 3875 multos
1695 3808 1914 3875 fuisse.
2004 3809 2121 3873 sed
2154 3807 2237 3871 ad
2272 3829 2509 3873 sermo-

357 3891 426 3943 70
457 3918 604 3962 nem
637 3898 994 3963 institutum
1026 3911 1446 3978 revertamur.
1482 3901 1563 3967 T.
1592 3902 1953 3986 Torquatus
1981 3901 2059 3965 Τ.
2087 3900 2165 3965 F.
2194 3910 2260 3965 et
2284 3901 2507 3966 doctus

345 3959 424 4017 445
459 3986 554 4048 vir
597 4010 679 4051 ex
711 3988 966 4055 Rhodia
1009 3990 1344 4078 disciplina
1383 3993 1667 4063 Molonis
1712 4005 1777 4061 et
1819 4018 1859 4061 a
1898 4004 2127 4060 natura
2170 3993 2253 4058 ad
2296 3992 2511 4059 dicen-
