2784 4575
681 250 791 307 AD
830 250 890 306 O.
927 250 1393 311 HERENNIUM
1426 252 1472 307 Ι.
1508 252 1738 307 26—11.
1774 253 1823 308 1.
2200 241 2283 307 13

225 378 412 445 tionis
449 398 527 442 eo
564 374 851 441 conferre
887 374 1218 461 oportebit.
1295 374 1366 441 in
1400 374 1693 441 omnibus
1728 376 2279 443 constitutionibus
2318 376 2385 431 17

225 486 284 539 et
319 470 610 559 partibus
647 470 1167 535 constitutionum
1207 468 1332 533 hac
1365 467 1473 533 via
1505 468 1919 537 iudicationes
1962 471 2283 558 reperien-
2323 450 2377 491 ²⁷

225 580 326 631 tur
357 574 806 651 praeterquam
846 563 916 628 in
959 561 1364 629 coniecturali
1410 563 1883 629 constitutione:
1938 562 2005 627 in
2048 586 2127 630 ea
2166 588 2287 631 nec

224 660 412 737 ratio,
469 680 598 743 qua
645 681 717 724 re
768 658 1016 735 fecerit,
1073 657 1421 743 quaeritur,
1482 657 1715 723 fecisse
1767 657 1937 723 enim
1985 670 2255 745 negatur
2264 686 2282 737 3

225 776 344 821 nec
377 755 848 818 firmamentum
883 751 1258 835 exquiritur,
1315 750 1614 835 quoniam
1656 774 1786 818 non
1831 752 2055 817 subest
2092 754 2281 832 ratio;

223 871 352 935 qua
393 871 466 913 rc
501 870 584 913 ex
634 846 983 913 intentione
1027 858 1092 912 et
1123 846 1495 913 infitiatione
1539 846 1837 913 iudicatio
1884 848 2284 915 constituitur

222 946 348 1009 hoc
381 943 604 1008 modo:
645 939 966 1029 [intentio]
1007 941 1323 1007 ‘occidisti
1341 938 1649 1008 Aiacem.’
1736 939 2085 1029 [infitiatio]
2128 949 2285 1007 ‘non

221 1036 468 1103 occidi?
563 1033 917 1122 [iudicatio]
975 1036 1372 1101 occideritne.
1476 1036 1638 1101 ratio
1692 1036 1898 1102 omnis
1953 1037 2285 1120 utriusque

223 1129 559 1209 orationis,
596 1142 668 1195 ut
703 1141 850 1195 ante
886 1130 1127 1195 dictum
1163 1142 1288 1208 est,
1337 1132 1421 1195 ad
1454 1130 1621 1195 hanc
1652 1130 2101 1197 iudicationem
2136 1151 2286 1195 con-

221 1225 494 1291 ferenda
525 1236 652 1303 est3
691 1225 746 1289 si
779 1224 994 1311 plures
1031 1235 1217 1289 erunt
1243 1224 1722 1290 constitutiones
1758 1235 1868 1289 aut
1892 1236 2107 1311 partes
2137 1246 2287 1290 con-

223 1319 643 1397 stitutionum,
669 1318 1084 1385 iudicatione-s
1114 1340 1364 1429 quoque
1389 1319 1603 1407 plures
1626 1324 1809 1383 erunt
1832 1319 1900 1384 in
1924 1342 2055 1384 una
2072 1340 2283 1397 causa,

223 1414 347 1480 sed
379 1436 600 1479 omnes
637 1412 828 1477 simili
860 1413 1106 1479 ratione
1139 1413 1554 1499 reperientur.

352 1504 590 1573 Sedulo
627 1508 918 1573 dedimus
953 1530 1240 1595 operam,
1286 1518 1360 1572 ut
1391 1508 1666 1573 breviter
1702 1517 1766 1571 et
1801 1506 2103 1586 dilucide,
2148 1507 2288 1591 qui·-

219 1604 346 1667 bus
399 1602 482 1667 de
531 1602 726 1667 rebus
782 1602 991 1667 adhuc
1043 1602 1383 1667 dicendum
1436 1601 1583 1679 fuit,
1647 1600 2029 1667 diceremus:
2094 1624 2284 1680 nunc,

220 1696 524 1781 quoniam
561 1696 716 1761 satis
752 1695 942 1761 huius
971 1696 1310 1762 voluminis
1343 1696 1719 1783 magnitudo
1754 1696 1971 1773 crevit,
2010 1716 2289 1762 commo-

222 1791 370 1856 dius
425 1801 526 1856 est
574 1790 642 1856 in
697 1790 892 1855 altero
943 1790 1107 1856 libro
1162 1792 1242 1855 de
1297 1790 1523 1855 ceteris
1576 1791 1768 1856 rebus
1821 1789 2123 1876 deinceps
2176 1812 2288 1854 ex-

218 1906 488 1971 ponere,
541 1906 626 1949 ne
680 1905 806 1968 qua
855 1895 1113 1971 propter
1163 1884 1631 1949 multitudinem
1681 1882 2031 1948 litterarum
2082 1884 2288 1970 possit

221 1978 507 2043 animum
541 1989 722 2043 tuum
758 1979 1126 2065 defatigatio
1161 1979 1503 2045 retardare.
1546 2018 1561 2047 ι
1578 1978 1633 2043 si
1669 1998 1793 2063 quo
1829 1978 2071 2043 tardius
2107 1979 2286 2057 haec,

221 2094 418 2158 quam
463 2073 703 2150 studeS,
753 2072 1181 2151 absolventur,
1228 2096 1374 2138 cum
1417 2096 1629 2139 rerum
1671 2072 2115 2159 magnitudini,
2150 2083 2288 2137 tum

219 2166 460 2233 nostris
498 2187 749 2251 quoque
785 2167 1303 2253 occupationibus
1341 2168 1679 2254 adsignare
1707 2166 1997 2233 debebis:
2036 2189 2287 2233 verum-

219 2260 904 2328 tamenmaturabimus
924 2273 1005 2340 et,
1021 2263 1190 2346 quod
1204 2262 1462 2349 negotio
1482 2262 1857 2328 diminutum
1874 2261 2083 2341 fuerit,
2099 2284 2286 2328 exae-

220 2354 566 2439 quabimus
599 2355 927 2434 industria,
964 2369 1036 2422 ut
1061 2379 1178 2443 pro
1212 2367 1322 2422 tuo
1358 2357 1427 2421 in
1459 2379 1577 2421 nos
1615 2357 1825 2424 officio
1848 2354 1943 2444 [in
1965 2367 2185 2422 nostro
2220 2356 2289 2419 in

219 2461 288 2516 te
329 2447 566 2536 studio]
595 2473 825 2515 munus
853 2450 976 2517 hoc
1004 2450 1581 2516 adcumulatissime
1616 2461 1763 2515 tuae
1797 2449 2141 2536 largiamur
2176 2470 2289 2514 vo-

220 2544 475 2609 luntati.

597 2727 1112 2800 OORNIFIOH
1155 2729 1923 2799 RHETORIOORUM

825 2835 959 2900 AD
1007 2832 1085 2902 O.
1131 2831 1695 2900 HERENNIUM

1087 2969 1325 3024 LIBER
1359 2967 1435 3023 11.

345 3108 426 3172 In
441 3108 648 3218 primo
665 3108 847 3186 libro,
875 3109 1184 3187 Herenni,
1204 3107 1481 3174 breviter
1498 3107 1928 3194 exposuimus,
1958 3127 2115 3191 quas
2140 3128 2288 3171 cau-
2324 3099 2355 3206 ᾖ

219 3225 332 3268 sas
358 3201 641 3288 recipere
677 3213 990 3268 oratorem
1017 3212 1336 3290 oporteret
1361 3213 1426 3268 et
1449 3202 1517 3267 in·
1551 3203 1782 3286 quibus
1816 3198 2158 3288 [partibus]
2192 3202 2289 3266 of-

215 3295 384 3360 ficiis
427 3292 638 3382 [artis]
678 3296 1001 3362 elaborare
1037 3297 1404 3365 conveniret
1438 3307 1505 3362 et
1538 3318 1617 3361 ea
1651 3295 1860 3362 officia
1896 3317 2023 3379 qua
2044 3296 2289 3361 ratione

221 3388 524 3456 facilffle
551 3391 856 3473 consequi
877 3403 1128 3477 posset3
1164 3413 1407 3469 verum,
1445 3389 1619 3500 quod
1642 3411 1849 3474 neque
1878 3391 1957 3454 de
1994 3389 2286 3456 omnibus

214 3483 418 3549 rebus
473 3485 662 3550 simul
715 3483 839 3550 dici
895 3496 1143 3572 poterat
1185 3496 1251 3550 et
1294 3485 1374 3550 de
1428 3483 1721 3549 maximis
1773 3485 1965 3550 rebus
2012 3483 2288 3569 primum

219 3578 635 3643 scribendum
668 3579 808 3657 fuit,
847 3601 970 3664 quo
1005 3591 1220 3646 cetera
1251 3579 1367 3646 tibi
1393 3579 1681 3644 faciliora
1704 3579 1964 3666 cognitu
2000 3577 2291 3640 videren-

217 3681 346 3750 tm,
383 3672 476 3738 ita
509 3673 693 3740 nobis
728 3673 1034 3759 placitum
1069 3683 1186 3754 est,
1220 3684 1295 3740 ut
1327 3695 1425 3752 ea,
1463 3696 1625 3758 quae
1654 3673 2026 3737 difficillima
2052 3679 2287 3744 essent,

217 3764 630 3854 potissimum
702 3768 1152 3834 scriberemus:
1223 3789 1561 3834 causarum
1620 3767 1741 3833 tria
1812 3787 2049 3852 genera
2113 3771 2287 3826 sunt·

219 3861 826 3940 demonstrativum,
873 3861 1383 3940 deliberativum,
1427 3861 1751 3939 iudiciale3
1797 3860 1995 3924 multo
2042 3855 2290 3922 difficil-

9 4005 11 4008 <
195 3953 448 4024 dimum
492 3966 593 4020 est
633 3957 957 4034 iudiciale,
995 3979 1148 4045 ergo
1174 3957 1241 4022 id
1277 3955 1554 4043 primum
1602 3955 2004 4021 absolvemus
2042 3952 2163 4017 hoc
2198 3948 2292 4035 [et

8 4041 13 4182 ἰ
214 4047 464 4139 priore]
493 4050 684 4116 libro-
666 4099 685 4130 ,
723 4053 804 4117 de
833 4051 1098 4118 oratoris
1126 4050 1353 4118 officiis
1381 4050 1659 4134 quinque
1686 4047 1967 4114 inventio
1998 4058 2061 4112 et
2086 4044 2291 4135 prima
