2784 4575
550 257 678 324 366
1158 267 1233 324 Μ.
1271 265 1544 324 TULLII
1581 264 1984 322 CICERONIS

542 390 822 478 pellendi
857 389 1133 456 criminis
1170 411 1390 468 causa,
1427 411 1588 475 quae
1623 389 1748 454 nisi
1781 399 1981 466 esset,
2028 387 2198 473 quod
2229 389 2626 457 defenderet

547 509 675 552 non
710 485 999 564 haberet3
1052 483 1518 550 firmamentum
1554 494 1792 562 autem,
1847 483 2022 566 quod
2059 493 2274 568 contra
2310 485 2397 548 ad
2435 483 2626 550 labe-

546 578 911 646 factandam
958 579 1271 644 rationem
1327 578 1627 655 refertur,
1691 577 1828 642 sine
1873 599 2008 661 ⁷quo
2059 577 2380 642 accusatio
2439 590 2624 644 stare

444 673 515 726 30
548 697 676 739 non
716 683 948 760 potest.
1036 694 1118 739 ex
1157 671 1420 737 rationis
1476 681 1687 736 autem
1739 682 1805 736 et
1841 667 1980 758 [ex]
2035 671 2424 737 firmamenti
2463 694 2623 739 con-

446 745 524 785 ²⁰⁴
547 768 819 834 flictione
872 777 937 832 et
988 765 1171 851 quasi
1220 787 1532 832 concursu
1585 765 1872 849 quaestio
1935 765 2249 848 quaedam
2299 766 2618 844 exoritur,

544 884 739 946 quam
788 859 1309 947 disceptationem
1342 881 1532 937 voco;
1586 857 1654 923 in
1705 879 1832 943 qua
1876 858 2028 944 quid
2081 857 2292 925 veniat
2337 859 2410 923 in
2450 861 2620 925 iudi-

546 955 715 1020 cium
748 965 813 1020 et
844 955 927 1020 de
962 977 1087 1038 quo
1122 953 1508 1041 disceptetur
1543 952 1760 1036 quaeri
1797 951 1978 1018 solet.
2063 974 2214 1016 nam
2247 951 2470 1039 prima
2507 957 2618 1019 ad-

547 1048 967 1117 versariorum
1000 1047 1317 1114 contentio
1352 1046 1653 1112 diffusam
1686 1045 1880 1111 habet
1913 1047 2380 1130 quaestionem,
2438 1060 2521 1113 ut
2551 1049 2617 1113 in

540 1141 932 1208 coniectura:
970 1140 1287 1227 ceperitne
1318 1139 1620 1226 pecunias
1647 1138 1920 1218 Decius3
1955 1139 2023 1203 in
2049 1139 2416 1206 definitione
2429 1167 2450 1206 ε
2499 1144 2616 1206 mi-

543 1236 833 1302 nueritne
868 1233 1263 1300 maiestatem
1294 1234 1633 1300 Norbanus
1644 1258 1663 1312 3
1699 1233 1770 1299 in
1801 1233 2144 1317 aequitate:
2181 1232 2402 1300 iurene
2444 1237 2616 1301 occi-

545 1330 711 1394 derit
754 1328 1049 1415 Opimius
1098 1327 1478 1396 Gracchum.
1567 1327 1752 1406 haec,
1807 1349 1970 1410 quae
2019 1326 2290 1413 primam
2343 1341 2612 1396 conten-

544 1423 783 1490 tionem
835 1423 1073 1488 habent
1122 1445 1205 1488 ex
1256 1422 1580 1509 arguendo
1633 1433 1700 1487 et
1743 1421 2129 1500 resistendo,
2190 1420 2322 1486 lata
2383 1435 2486 1502 et,
2542 1437 2612 1488 ut

543 1517 697 1596 dixi,
743 1517 977 1582 diffusa
1018 1527 1194 1584 sunt:
1244 1517 1561 1582 rationum
1603 1526 1668 1581 et
1709 1515 2245 1581 firmamentorum
2279 1519 2608 1582 contentio

548 1611 802 1678 adducit
852 1611 919 1676 in
974 1621 1313 1698 angustum
1366 1609 1905 1696 disceptationem.
1995 1632 2072 1675 ea
2121 1610 2188 1674 in
2237 1609 2609 1676 coniectura

545 1705 724 1774 nulla.
755 1717 881 1784 est,
915 1728 1103 1772 nemo
1140 1705 1307 1772 enim
1342 1702 1508 1782 eius,
1545 1703 1716 1788 quod
1749 1713 1944 1790 negat
1977 1703 2243 1780 factum,
2287 1704 2607 1770 rationem

548 1813 658 1868 aut
688 1811 903 1887 potest
936 1812 1045 1866 aut
1080 1801 1270 1866 debet
1306 1810 1417 1864 aut
1451 1799 1614 1864 solet
1645 1798 1930 1876 reddere,
1967 1797 2180 1882 itaque
2211 1799 2282 1862 in
2314 1799 2416 1864 his
2457 1823 2607 1866 cau-

547 1894 635 1960 sis
674 1892 896 1959 eadem
932 1905 995 1958 et
1037 1892 1242 1980 prima
1294 1891 1580 1974 quaestio
1614 1901 1679 1956 et
1713 1890 2088 1978 disceptatio
2139 1903 2424 1958 extrema
2471 1904 2600 1970 est3

440 2011 522 2054 1⁰5
544 1988 612 2052 in
646 1987 769 2052 illis
808 1997 1046 2062 autom,
1098 1985 1209 2051 ubi
1258 1984 1348 2050 ita
1390 1985 1645 2050 dicitur:
1703 1990 1861 2050 ‘non
1901 1984 2128 2050 minuit
2177 1985 2603 2065 maiestatem,

546 2080 717 2163 quod
768 2080 901 2164 egit
954 2079 1033 2142 de
1088 2075 1412 2162 Caepione
1464 2077 1912 2145 turbulentius:
1971 2079 2186 2166 populi
2233 2077 2398 2141 enim
2447 2079 2604 2144 Ro-

541 2171 715 2234 mani
749 2171 929 2236 dolor
960 2170 1165 2234 iustus
1201 2169 1331 2234 vim
1364 2169 1541 2235 illam
1586 2171 1913 2248 excitavit,
1967 2195 2097 2238 non
2127 2169 2350 2236 tribuni
2386 2171 2602 2250 acti03

542 2262 846 2328 maiestas
882 2272 1121 2341 autem,
1159 2263 1458 2348 quoniam
1493 2274 1594 2331 est
1624 2265 1998 2352 magnitudo
2034 2264 2338 2351 quaedam
2369 2265 2600 2353 populi

541 2356 818 2424 Romani
850 2356 918 2421 in
952 2356 1087 2421 eius
1122 2368 1438 2443 potestate
1474 2381 1550 2425 ac
1582 2359 1718 2425 iure
1751 2360 2111 2439 retinendo,
2165 2370 2350 2424 aucta
2382 2360 2597 2445 potius

544 2461 645 2517 est
697 2471 888 2534 quam
940 2451 1289 2530 deminuta3
1303 2452 1319 2481 '
1374 2466 1442 2519 et
1479 2452 1592 2519 ubi
1631 2453 1724 2519 ita
1771 2454 2070 2520 refertur:
2123 2454 2455 2519 ‘maiestas
2503 2464 2600 2519 est

538 2545 609 2609 in
655 2544 903 2631 imperii
961 2555 1151 2629 atque
1201 2546 1269 2611 in
1322 2547 1594 2613 nominis
1655 2548 1874 2634 populi
1924 2548 2202 2613 Romani
2261 2547 2596 2634 dignitate,

543 2661 734 2723 quam
767 2638 994 2704 minuit
1025 2639 1102 2717 is,
1142 2639 1250 2723 qui
1282 2663 1399 2727 per
1433 2640 1564 2707 vim
1596 2640 2012 2707 multitudinis
2048 2664 2186 2706 rem
2221 2640 2303 2707 ad
2339 2641 2601 2706 seditio-

540 2756 690 2799 nem
724 2734 1022 2812 vocavit,’
1080 2734 1329 2799 exsistit
1362 2735 1472 2799 illa
1517 2734 1918 2821 disceptatio:
1973 2734 2350 2801 minueritne
2401 2735 2600 2799 maie-

544 2836 770 2891 statem
784 2874 803 2903 ,
866 2827 975 2909 qui
1035 2828 1357 2895 voluntate
1418 2828 1637 2915 populi
1693 2829 1970 2896 Romani
2026 2852 2163 2894 rem
2221 2840 2478 2915 gratam
2539 2840 2600 2895 et
2718 2894 2719 2897 ,

369 2928 381 2943 “
440 2940 519 2984 ιοσ
545 2941 809 3002 aequam
860 2937 977 3006 per
1027 2920 1159 2985 vim
1208 2922 1430 3008 egerit.
1515 2922 1584 2987 in
1633 2922 1728 2987 eis
1780 2934 1991 2989 autem
2035 2923 2274 3001 causis,
2325 2922 2439 2987 ubi
2487 2923 2599 2987 ali-

543 3011 705 3095 quid
728 3022 898 3078 recte
933 3014 1171 3079 factum
1208 3025 1317 3080 aut
1350 3014 1823 3081 concedendum
1859 3038 2001 3082 esse
2040 3014 2334 3102 [factum]
2375 3016 2598 3082 defen-

544 3107 738 3183 ditur,
798 3128 945 3173 cum
994 3118 1095 3173 est
1144 3109 1299 3173 facti
1352 3110 1638 3175 subiecta
1694 3110 1884 3187 ratio,
1949 3110 2112 3176 sicut
2163 3112 2244 3176 ab
2297 3110 2598 3197 Opimio:

543 3200 705 3265 ‘iure
740 3200 891 3280 feci,
928 3202 1167 3267 salutis
1221 3203 1503 3268 omnium
1538 3213 1602 3269 et
1645 3205 2116 3270 conservandae
2155 3204 2249 3269 rei
2299 3206 2598 3290 publicae

542 3294 790 3373 causa3'
853 3295 1247 3379 relatumque
1300 3298 1381 3362 ab
1433 3296 1639 3364 Decio
1693 3308 1818 3363 est:
1874 3304 1983 3365 ‘ne
2036 3296 2597 3364 sceleratissimum

540 3388 797 3475 quidem
832 3388 1035 3454 civem
1070 3388 1207 3455 sine
1240 3389 1472 3455 iudicio
1505 3391 1642 3457 iure
1677 3390 1807 3457 ullo
1841 3413 2068 3459 necare
2102 3390 2392 3479 potuisti3
2405 3390 2423 3418 ’
2471 3397 2599 3464 ori-

540 3497 644 3547 tur
676 3482 787 3548 illa
830 3482 1232 3569 disceptatio:
1284 3485 1642 3571 potu-eritne
1674 3496 1844 3551 recte
1899 3485 2118 3551 salutis
2152 3486 2246 3550 rei
2295 3484 2598 3571 publicae

540 3596 736 3643 causa
770 3576 974 3643 civem
1008 3600 1367 3645 eversorem
1413 3578 1682 3645 civitatis
1717 3580 2150 3646 indemnatum
2182 3580 2452 3645 necare?
2506 3579 2600 3644 ita

541 3668 1031 3755 disceptationes
1094 3694 1235 3749 eae,
1298 3694 1462 3757 quae
1512 3672 1581 3737 in
1631 3673 1724 3739 eis
1775 3672 2219 3741 controversiis
2281 3672 2595 3750 oriuntur,

543 3784 704 3846 quae
758 3773 906 3827 sunt
956 3764 1142 3829 certis
1202 3764 1492 3852 personis
1545 3787 1621 3831 ac
1656 3766 2042 3853 temporibus
2091 3776 2376 3843 notatae,
2429 3766 2601 3833 fiunt

538 3876 771 3921 rursus.
810 3855 1092 3923 infinitae
1144 3859 1446 3925 detractis
1495 3860 1782 3946 personis
1821 3871 1884 3926 et
1926 3860 2314 3947 temporibus
2351 3870 2418 3925 et
2447 3882 2600 3925 rur-

435 4001 507 4053 31
544 3970 686 4014 sum
720 3947 803 4013 ad
836 3950 1365 4017 consultationum
1415 3953 1700 4021 formam
1717 3953 2148 4039 rationemque
2187 3965 2596 4019 revocantur.

430 4070 508 4109 107
547 4041 660 4102 sed
692 4041 759 4103 in
792 4043 1182 4125 gravissimis
1234 4046 1644 4111 firmamentis
1697 4048 1888 4113 etiam
1921 4049 2030 4114 illa
2077 4048 2372 4137 ponenda
2418 4060 2598 4127 sunt,
