2784 4575
889 281 1204 342 BRUTUS
1237 283 1545 340 amm-219.
2114 275 2245 342 245

169 435 264 477 ex
299 409 402 475 his
437 405 618 497 paria
661 425 808 474 cum
845 401 1116 486 Crasso,
1171 405 1486 492 quaedam
1536 406 1727 474 etiam
1774 407 2129 495 superioraz
2182 423 2248 476 at

175 504 416 570 Crassi
457 503 664 589 magis
717 501 998 570 enitebat
1039 501 1259 568 oratio.
1347 521 1469 567 nec
1510 503 1664 568 vero
1710 497 1998 590 Sulpicio
2038 525 2245 589 neque

173 598 418 664 Cottae
453 597 664 663 dicere
696 615 1038 685 possumus
1071 617 1280 680 neque
1315 595 1609 680 cuiquam
1642 595 1811 662 bono
1847 597 2078 663 oratori
2110 620 2248 664 rem

174 693 382 757 ullam
417 714 500 757 ex
531 689 658 755 illis
696 689 976 774 quinque
1025 689 1312 776 partibus
1366 689 1557 777 plane
1610 689 1799 775 atque
1842 688 2101 757 omnino
2136 692 2248 758 de-

171 787 417 852 fuisset
469 785 684 869 itaque
726 783 795 850 in
832 781 1113 850 Curione
1159 783 1282 849 hoc
1331 783 1663 849 verissime
1716 783 1979 850 iudicari
2010 796 2244 873 potest,

177 879 362 945 nulla
392 897 464 944 re
507 901 636 943 una
678 877 886 965 magis
937 887 1253 943 oratorem
1305 877 1735 943 commendari
1786 899 1979 962 quam
2020 879 2247 946 verbo-

175 997 328 1040 rum
372 973 710 1060 splendore
753 983 820 1038 et
862 972 1075 1059 copia:
1131 994 1283 1037 nam
1327 994 1473 1037 cum
1525 972 1743 1037 tardus
1786 971 1855 1036 in
1908 972 2245 1060 cogitando

171 1081 334 1154 tum·
353 1067 423 1132 in
454 1063 824 1132 instruendo
850 1066 1196 1154 dissipatus
1231 1066 1380 1145 fui't3
1416 1066 1659 1151 reliqua
1694 1066 1821 1132 duo
1849 1077 2017 1145 sunt,
2055 1089 2244 1154 agere

175 1174 250 1227 et
285 1161 684 1228 meminisset
737 1161 806 1227 in
837 1171 1108 1246 utroque
1140 1160 1486 1227 cachinnos
1522 1161 1929 1226 inridentium
1963 1182 2243 1230 commo-

181 1257 411 1322 vebat:
485 1266 698 1321 motus
742 1266 881 1321 erat
921 1255 1008 1334 is,
1063 1277 1253 1340 quem
1297 1267 1362 1321 et
1398 1253 1477 1322 C.
1512 1254 1714 1320 Iulius
1757 1255 1826 1320 in
1867 1266 2245 1342 perpetuum

175 1349 456 1428 notavit,
522 1370 668 1415 cum
721 1371 803 1416 ex
855 1370 932 1416 eo
982 1349 1051 1416 in
1101 1360 1435 1434 utramque
1492 1361 1741 1436 partem
1792 1360 1926 1416 toto
1980 1371 2242 1438 corpore

181 1442 522 1511 vacillante
559 1442 890 1528 quaesivit,
926 1443 1068 1528 quis
1103 1443 1465 1528 loqueretur
1501 1466 1537 1509 e
1572 1442 1785 1522 lintre;
1822 1453 1888 1509 et
1923 1443 2045 1511 Cn.
2079 1442 2243 1510 Sici-

179 1536 328 1602 nius
365 1537 558 1604 homo
591 1537 898 1624 impurus,
935 1537 1052 1603 sed
1088 1535 1431 1603 admodum
1463 1537 1767 1608 ridiculus
1800 1534 2034 1624 [neque
2070 1538 2243 1604 aliud

179 1633 252 1697 in
288 1655 366 1698 eo
402 1631 668 1698 oratoris
715 1630 921 1697 simile
967 1631 1364 1718 quicquam]:
1416 1630 1475 1698 is
1511 1653 1657 1696 eum
1708 1630 1999 1697 tribunus
2033 1632 2239 1718 plebis

177 1725 535 1792 Curionem
587 1737 652 1792 et
708 1725 1054 1793 Octavium
1106 1726 1399 1792 consules
1458 1725 1865 1816 produxisset
1918 1722 2240 1810 Curioque

179 1820 386 1886 multa
447 1819 716 1886 dixisset
775 1820 1037 1886 sedente
1092 1818 1215 1886 Cn.
1271 1819 1549 1886 Octavio
1610 1819 1905 1906 conlega,
1969 1819 2079 1904 qui
2131 1820 2242 1884 de-

181 1915 434 1980 vinctus
479 1926 617 1980 erat
666 1912 884 1980 fasciis
939 1923 1004 1979 et
1054 1914 1269 1978 multis
1312 1913 1791 1979 medicamentis
1834 1923 2094 1999 propter
2127 1913 2243 1979 do-

180 2008 384 2075 lorem
447 2020 698 2074 artuum
758 2005 1107 2085 delibutus,
1180 2015 1583 2092 ‘numquam,
1596 2007 1613 2034 ’
1683 2007 1891 2091 inquit
1954 2013 1972 2043 ‘
1985 2005 2239 2084 Octavi,

181 2103 489 2189 conlegae
525 2113 635 2168 tuo
670 2101 940 2190 gratiam
973 2101 1212 2168 referes
1225 2127 1244 2180 ;
1283 2101 1392 2186 qui
1425 2100 1551 2166 nisi
1587 2123 1657 2168 se
1694 2123 1810 2166 suo
1834 2105 2011 2166 more
2045 2098 2243 2165 iacta·

171 2197 411 2275 visset,
472 2196 663 2262 hodie
715 2207 798 2272 te,
829 2195 974 2262 istic
1036 2216 1295 2260 muscae
1357 2192 1832 2261 comedissent.'
1938 2192 2273 2280 memoria·

183 2302 399 2355 autem
431 2290 524 2355 ita
555 2290 679 2355 fuit
711 2290 915 2369 nulla,
969 2300 1041 2354 ut
1075 2289 1483 2375 aliquotiens,
1537 2290 1660 2354 tria
1693 2310 1840 2353 cum
1872 2286 2243 2375 proposuis-

175 2395 314 2461 set,
369 2393 480 2449 aut
512 2394 806 2466 quartum
859 2381 1122 2449 adderet
1164 2395 1272 2448 aut
1315 2384 1571 2449 tertium
1614 2386 1945 2467 quaereret
1952 2407 1971 2460 3
2026 2382 2136 2464 qui
2176 2381 2243 2444 in

185 2476 420 2543 iudicio
452 2475 700 2562 privato
737 2475 839 2541 vel
875 2476 1183 2554 maximo,
1237 2497 1384 2540 cum
1420 2497 1543 2561 ego
1584 2498 1701 2559 pro
1737 2473 1977 2540 Titinia
2012 2470 2241 2539 Cottae

173 2570 679 2659 peroravissem,
739 2568 846 2634 ille
899 2578 1120 2637 contra
1167 2590 1276 2633 me
1323 2592 1441 2655 pro
1496 2564 1636 2633 Ser.
1687 2568 1931 2634 Naevio
1985 2565 2241 2643 diceret,

189 2665 397 2730 subito
434 2675 636 2730 totam
677 2684 937 2729 causam
979 2663 1214 2728 oblitus
1259 2673 1360 2728 est
1401 2662 1593 2745 idque
1638 2660 1958 2726 veneficiis
1994 2670 2061 2723 et
2094 2680 2244 2724 can-

185 2759 462 2825 tionibus
499 2757 775 2824 Titiniae
795 2821 799 2823 ,
819 2757 1062 2823 factum
1105 2778 1248 2823 esse
1293 2755 1566 2823 dicebat.
1652 2776 1891 2841 magna
1932 2752 2093 2818 haec
2125 2752 2244 2818 im-

187 2853 486 2919 memoris
539 2851 780 2938 ingenii
832 2849 1044 2939 signa3
1109 2850 1226 2917 sed
1283 2850 1443 2915 nihil
1503 2848 1747 2935 turpius
1822 2869 2013 2931 quam
2074 2848 2244 2932 quod

187 2948 380 3013 etiam
412 2947 481 3011 in
517 2945 766 3033 scriptis
822 2944 1317 3013 obliviscebatur
1367 2942 1523 3029 quid
1565 2941 1757 3030 paulo
1805 2951 1951 3007 ante
1993 2942 2245 3029 posuis-

177 3051 317 3120 set,
365 3051 440 3107 ut
480 3040 548 3106 in
593 3063 670 3106 eo
723 3039 915 3118 libre,
967 3038 1081 3105 ubi
1135 3060 1204 3104 se
1227 3047 1599 3103 ·exeuntem
1642 3058 1678 3101 e
1722 3046 1947 3101 senatu
1992 3045 2057 3101 et
2100 3056 2246 3101 cum

188 3136 405 3201 Pansa
447 3145 666 3202 nostro
711 3144 778 3200 et
828 3156 974 3199 cum
1017 3130 1298 3200 Curione
1347 3131 1480 3197 filio
1534 3130 2019 3215 conloquentem
2071 3128 2243 3207 facit,

189 3227 364 3314 [cum
408 3240 702 3295 senatum
738 3226 982 3295 Caesar
1035 3226 1259 3294 consul
1310 3221 1699 3311 habuisset,]
1754 3222 2083 3308 omnisque
2138 3221 2246 3287 ille

191 3344 397 3388 sermo
441 3322 690 3387 ducitur
735 3344 771 3387 e
813 3312 1288 3409 percontatione
1327 3320 1444 3385 filii
1487 3319 1640 3404 quid
1686 3318 1755 3384 in
1799 3327 2025 3384 senatu
2075 3328 2248 3383 esset

191 3424 429 3479 actum.
480 3414 549 3479 in
586 3436 710 3499 quo
744 3415 959 3481 multis
1005 3415 1216 3481 verbis
1261 3436 1407 3479 cum
1457 3412 1921 3479 inveheretur
1900 3435 1969 3476 ιιι
2005 3408 2248 3477 Caesa-

191 3532 324 3575 rem
360 3506 588 3586 Curio,
647 3505 1144 3595 [disputatioque
1199 3519 1371 3573 esset
1420 3508 1584 3573 inter
1636 3530 1777 3585 eos,
1840 3518 1913 3571 ut
1962 3516 2063 3573 est
2096 3527 2248 3572 con-

194 3603 460 3669 suetudo
497 3590 894 3688 dialogorum
904 3601 954 3688 ,]
1009 3624 1154 3667 cum
1189 3624 1399 3668 sermo
1444 3613 1619 3667 esset
1658 3600 1982 3668 institutus
2020 3610 2247 3667 senatu

191 3698 405 3775 misso,
444 3719 634 3782 quem
669 3707 958 3763 senatum
985 3694 1230 3763 Caesar
1263 3696 1487 3763 consul
1523 3696 1869 3775 habuisset,
1904 3695 2245 3783 reprehen-

93 3819 96 3823 ·
195 3790 289 3855 dit
336 3814 446 3857 eas
497 3814 634 3870 res,
688 3813 847 3877 quas
899 3790 1069 3856 idem
1116 3788 1360 3857 Caesar
1412 3812 1579 3856 anno
1632 3801 1783 3877 post
1832 3801 1896 3855 et
1946 3789 2244 3875 deinceps

179 3884 446 3967 reliquis
500 3885 682 3951 annis
739 3883 1202 3950 administravit
1243 3884 1310 3949 in
1347 3882 1581 3951 Gallia.
1669 3894 1806 3949 tum
1846 3884 2087 3949 Brutus
2133 3882 2245 3948 ad-

193 3975 425 4041 mirans
511 3985 866 4045 ‘tantamne
919 3978 1120 4045 fuisse
1175 3978 1585 4045 oblivionem'
1638 3977 1843 4063 inquit
1878 3978 1972 4043 ‘in
2008 3977 2242 4065 scripto

191 4071 584 4159 praesertim,
627 4084 702 4139 ut
733 4096 814 4140 ne
847 4073 1068 4161 legens
1107 4073 1362 4159 quidem
1397 4094 1700 4159 umquam
1742 4072 2011 4141 senserit
2044 4094 2247 4159 quan-

2280 814 2361 856 216

2280 1083 2352 1138 60

2274 1659 2353 1700 21¹1

2277 2777 2357 2818 218

2280 3878 2347 3932 61

2279 3950 2361 3991 219
