2784 4575
339 1573 420 1616 232

337 2332 418 2373 233

345 3337 417 3391 55

337 3410 418 3451 834

451 283 538 349 50
1065 297 1143 352 M.
1181 296 1457 354 TULLII
1495 294 1899 353 CICERONIS

451 419 550 487 cio
587 419 810 509 capitis
861 443 979 509 pro
1016 443 1088 486 se
1120 420 1262 508 ipse
1315 419 1501 499 dixit,
1554 431 1630 485 ut
1670 442 1801 486 non
1854 418 2127 506 supplex
2178 429 2291 484 aut
2340 441 2523 500 reus,

455 514 569 581 sed
601 513 909 602 magister
944 525 1056 580 aut
1089 513 1384 580 dominus
1438 513 1757 580 videretur
1808 535 1953 579 esse
1996 511 2306 592 iudicum3
2362 513 2525 598 quin

453 609 673 687 etiam,
726 630 874 673 cum
925 607 986 673 ei
1038 607 1342 695 scriptam
1393 607 1745 674 orationem
1796 606 2251 673 disertissimus
2302 617 2528 674 orator

449 701 688 788 Lysias
727 701 1072 781 attulisset,
1110 724 1330 787 quam,
1377 701 1437 768 si
1470 701 1531 766 ei
1564 701 1910 780 videretur,
1957 701 2297 780 edisceret,
2332 711 2408 766 ut
2440 724 2523 767 ea

447 821 567 886 pro
605 820 675 864 se
708 797 778 862 in
809 796 1042 864 iudicio
1086 808 1398 875 uteretur,
1450 819 1581 862 non
1621 794 1857 862 invitus
1872 811 1877 818 ’
1892 795 2052 882 legit
2084 807 2151 862 et
2184 796 2524 864 commode

454 890 756 979 scriptam
789 915 933 958 esse
967 891 1156 971 dixit3
1213 891 1385 958 ‘sed’
1422 890 1627 977 inquit
1663 896 1789 970 ‘ut,‘
1846 890 1901 956 si
1933 890 2091 956 mihi
2126 890 2372 958 calceos
2410 889 2527 957 Si-

453 986 714 1070 cyonios
752 986 1105 1064 attulisses,
1143 1007 1273 1052 non
1305 996 1549 1064 uterer,
1592 984 1882 1070 quamvis
1920 996 2137 1072 essent
2169 985 2409 1052 habiles
2446 996 2521 1050 et

455 1079 588 1166 apti
631 1081 717 1146 ad
756 1081 1016 1166 pedem,
1070 1079 1219 1164 quia
1253 1101 1382 1145 non
1428 1091 1645 1146 essent
1687 1079 1957 1158 viriles,’
2014 1080 2107 1145 sic
2156 1079 2331 1146 illam
2370 1103 2525 1146 ora-—

453 1175 693 1240 tionem
729 1175 1032 1240 disertam
1068 1174 1191 1240 sibi
1225 1186 1291 1240 et
1333 1173 1674 1240 oratoriam
1718 1174 1947 1252 videri,
2002 1174 2232 1241 fortem
2266 1186 2331 1240 et
2364 1173 2529 1240 viri·

452 1267 582 1334 lem
615 1291 744 1334 non
789 1268 1007 1334 videri.
1097 1290 1251 1356 ergo
1285 1267 1393 1333 ille
1445 1289 1699 1352 quoque
1746 1267 2082 1334 damnatus
2125 1279 2248 1346 est3
2297 1279 2523 1352 ‘neque

453 1362 662 1428 solum
693 1362 914 1448 primis
951 1362 1309 1440 sententiis,
1363 1361 1593 1448 quibus
1648 1372 1893 1427 tantum
1940 1363 2296 1428 statuebant
2340 1360 2527 1426 iudi·

455 1477 591 1534 ces,
654 1456 1028 1522 damnarent
1079 1481 1162 1523 an
1214 1457 1643 1535 absolverent,
1706 1457 1824 1522 sed
1876 1457 2069 1522 etiam
2127 1455 2281 1534 illis,
2351 1478 2520 1541 quas

454 1550 683 1617 iterum
733 1552 983 1639 legibus
1037 1552 1204 1619 ferre
1257 1553 1604 1630 debebant3
1666 1562 1802 1618 erat
1854 1551 2023 1618 enim
2072 1549 2349 1616 Athenis
2401 1575 2522 1619 reo

453 1647 782 1726 damnato,
829 1645 886 1712 si
919 1646 1095 1713 fraus
1133 1647 1421 1734 capitalis
1455 1668 1586 1713 non
1621 1657 1795 1712 esset
1828 1645 2011 1731 quasi
2041 1667 2291 1734 poenae
2325 1650 2522 1714 aesti-

449 1741 675 1808 matio·
656 1791 676 1822 ,
731 1751 796 1807 et
839 1741 1152 1808 sententia
1187 1762 1333 1807 cum
1375 1740 1690 1807 iudicibus
1747 1739 2029 1817 daretur,
2080 1739 2525 1828 interrogaba-

451 1845 556 1900 tur
605 1858 784 1914 reus,
838 1856 1029 1920 quam
1085 1831 1300 1920 [quasi
1352 1832 1887 1920 aestimationem]
1940 1832 2394 1901 commeruisse
2440 1858 2518 1901 se

449 1928 726 1996 maxime
790 1929 1252 2007 confiteretur3
1274 1931 1458 2012 'quod
1520 1951 1665 1995 cum
1723 1927 2149 2014 interrogatus
2212 1926 2521 1994 Socrates

449 2034 652 2101 esset,
703 2021 1036 2108 respondit
1070 2044 1213 2087 sese
1257 2023 1569 2089 meruisse
1603 2034 1677 2089 ut
1711 2021 2118 2111 amplissimis
2163 2022 2515 2088 honoribus

451 2125 517 2180 et
548 2115 847 2202 praemiis
885 2115 1287 2180 decoraretur
1320 2127 1385 2182 et
1404 2127 1492 2182 'ut
1524 2117 1585 2184 ei
1619 2117 1823 2182 victus
1861 2116 2212 2184 cotidianus
2246 2116 2315 2182 in
2344 2115 2523 2202 Pry-

453 2220 640 2276 taneo
674 2209 928 2298 publice
961 2212 1397 2297 praeberetur,
1451 2210 1560 2298 qui
1594 2212 1797 2279 honos
1851 2211 2022 2323 apud
2057 2209 2341 2278 Graecos
2373 2233 2519 2276 ma-

451 2305 662 2371 ximus
698 2305 994 2371 habetur:
1032 2305 1210 2372 cuius
1246 2330 1557 2421 responso
1590 2307 1832 2374 iudices
1870 2308 1963 2372 sic
2002 2316 2401 2385 exarserunt,
2436 2316 2518 2371 ut

453 2401 676 2489 capitis
714 2400 1078 2467 hominem
1058 2404 1645 2470 innocentissimum
1672 2404 2191 2482 condemnarent3
2228 2402 2337 2489 qui
2372 2400 2527 2486 qui·

451 2496 599 2563 dem
644 2496 700 2563 si
753 2497 1080 2564 absolutus
1134 2508 1334 2578 esset,
1389 2499 1563 2584 quod
1611 2497 2001 2577 mehercule,
2054 2496 2299 2567 etiamsi
2346 2496 2521 2562 nihil

452 2591 537 2657 ad
575 2614 696 2658 nos
729 2592 1034 2679 pertinet,
1087 2603 1300 2659 tamen
1333 2602 1594 2680 propter
1654 2593 1791 2659 eius
1834 2592 2077 2679 ingenii
2128 2589 2521 2677 magnitudi-

449 2708 599 2751 nem
631 2686 891 2766 vellem,
947 2709 1224 2773 quonam
1265 2687 1457 2753 modo
1499 2687 1658 2753 istos
1710 2686 2125 2774 philosophos
2160 2684 2325 2751 ferre
2358 2706 2521 2775 pos-

453 2802 694 2860 semus,
734 2781 842 2867 qui
875 2802 1066 2859 nunc,
1103 2802 1247 2847 cum
1280 2781 1387 2847 ille
1426 2782 1760 2847 damnatus
1796 2791 1896 2847 est
1930 2779 2167 2845 nullam
2204 2778 2393 2845 aliam
2425 2780 2521 2845 ob

451 2873 704 2961 culpam
765 2876 891 2940 nisi
949 2886 1210 2963 propter
1271 2875 1524 2941 dicendi
1584 2875 2013 2953 inscientiam,
2074 2884 2288 2941 tamen
2338 2896 2379 2939 a
2438 2896 2521 2940 se

453 2978 743 3051 oportere
796 2966 1014 3033 dicunt
1052 2968 1187 3055 peti
1234 2980 1578 3057 praecepta
1628 2968 1916 3035 dicendi?
1970 2968 2345 3054 quibuscum
2386 2990 2521 3054 ego

451 3081 582 3124 non
630 3084 879 3148 pugno,
931 3072 1145 3128 utrum
1197 3063 1281 3128 sit
1329 3063 1558 3129 melius
1612 3074 1722 3129 aut
1770 3062 2015 3129 verius:
2069 3071 2311 3127 tantum
2362 3060 2521 3127 dico

453 3163 518 3217 et
573 3154 744 3221 aliud
776 3156 937 3223 illud
988 3179 1132 3225 esse
1184 3169 1374 3243 atque
1418 3158 1543 3225 hoc
1576 3169 1640 3224 et
1691 3157 1813 3223 hoc
1849 3157 1986 3223 sine
2034 3157 2146 3224 illo
2186 3176 2519 3222 summum

454 3267 597 3313 esse
631 3272 844 3336 posse.

567 3342 633 3410 N
633 3366 738 3409 am
780 3346 951 3428 quod
993 3344 1093 3412 ius
1147 3346 1359 3425 civile,
1417 3345 1685 3426 Crasse,
1738 3356 1871 3412 tam
1922 3346 2329 3413 vehementer
2372 3366 2520 3409 am·-

449 3437 678 3523 plexus
715 3457 814 3516 es,
867 3438 1054 3507 video
1101 3440 1256 3525 quid
1299 3440 1538 3528 egeris3
1590 3451 1756 3520 tum,
1810 3462 1957 3505 cum
1992 3440 2278 3518 dicebas,
2331 3436 2520 3503 vide-

450 3533 628 3599 bam:
677 3534 956 3620 primum
992 3532 1342 3601 Scaevolae
1379 3545 1443 3601 te
1486 3534 1747 3615 dedisti,
1801 3556 1993 3619 quem
2035 3556 2259 3600 omnes
2294 3554 2519 3599 amare

449 3628 854 3696 meritissimo
906 3652 1022 3717 pro
1084 3630 1220 3695 eius
1275 3630 1509 3695 eximia
1562 3630 1875 3696 suavitate
1928 3630 2265 3708 debemus3
2326 3626 2519 3693 cuius

451 3732 651 3788 artem
686 3744 831 3787 cum
879 3722 1230 3789 indotatam
1265 3746 1409 3789 esse
1445 3736 1510 3790 et
1550 3722 1983 3791 incomitatam
2030 3722 2313 3799 videres,
2364 3742 2519 3787 ver-

447 3816 677 3881 borum
711 3838 854 3883 eam
905 3815 1053 3882 dote
1105 3817 1507 3905 locupletasti
1541 3828 1606 3884 et
1648 3818 1914 3897 ornasti3
1970 3816 2200 3882 deinde
2234 3812 2424 3924 quod·
2440 3814 2519 3881 in

451 3930 528 3972 ea
579 3918 650 3973 tu
701 3910 846 3994 plus
899 3932 1130 3997 operae
1181 3909 1542 3995 laborisque
1596 3932 2102 4000 consumpseras,
2170 3929 2318 3974 cum
2368 3907 2521 3974 eius-

355 4015 363 4021 ·
455 4000 648 4063 studii
681 4001 795 4065 tibi
829 4014 893 4067 et
926 4002 1208 4069 hortator
1243 4014 1308 4070 et
1341 4005 1647 4091 magister
1682 4015 1856 4072 esset
1888 4004 2091 4082 domi,
2136 4002 2376 4069 veritus
2412 4023 2512 4080 es,

451 4088 578 4153 nisi
609 4089 799 4155 istam
834 4104 1036 4159 artem
1069 4096 1350 4163 oratione
1404 4119 1893 4185 exaggerasses,
1944 4120 2030 4164 ne
2065 4118 2327 4185 operam
2358 4116 2520 4182 per·
