2784 4575
481 270 566 336 58
613 319 618 324 ψ
976 276 1397 335 CORNIFICII
1432 273 2050 332 RHETORICORUM

481 405 705 472 leviter
740 402 960 468 fecerit
991 401 1380 487 praeceptio,
1429 399 1721 484 exemplo
1766 397 1929 463 sicut
1970 396 2330 462 testimonio
2368 417 2559 462 com-

481 503 810 587 probatur:
863 519 994 562 non
1035 497 1228 582 igitur
1269 494 1573 559 ridiculus
1620 493 1728 572 sit,
1784 493 1841 557 si
1874 492 2013 576 quis
2056 493 2123 556 in
2166 491 2275 557 lite
2321 502 2433 556 aut
2476 491 2557 554 in

481 595 713 661 iudicio
751 591 1097 658 domestico
1133 588 1493 654 testimonio
1528 587 1807 674 pugnet?
1844 587 1937 651 sic
1972 606 2089 651 suo
2122 585 2325 672 ipsius
2363 586 2559 652 testi-

482 689 723 764 monio,
787 688 895 773 qui
936 704 1114 749 suum
1159 682 1405 747 dederit
1448 681 1836 768 exemplum,
1891 681 2211 745 abutatur:
2262 689 2337 744 ut
2370 679 2555 744 enim

483 779 942 855 testimonium,
997 776 1091 842 sic
1141 775 1505 862 exemplum
1546 775 1641 840 rei
1684 775 2149 840 confirmandae
2194 795 2390 838 causa
2434 795 2555 838 su-

480 877 690 942 mitur.
777 897 908 940 non
951 894 1104 960 ergo
1157 879 1409 956 oportet
1448 871 1573 935 hoc
1613 869 1737 934 nisi
1780 889 1821 934 a
1860 868 2307 956 probatissimo
2353 868 2549 945 sumi,

481 993 590 1048 ne,
629 969 801 1054 quod
836 966 1008 1033 aliud
1044 966 1413 1031 confirmare
1450 964 1705 1040 debeat,
1742 975 1930 1049 egeat
1961 963 2173 1049 ipsum
2206 961 2551 1029 confirma-

483 1065 691 1130 tionis.
773 1061 1008 1128 etenim
1041 1081 1304 1124 necesse
1341 1069 1442 1124 est
1476 1069 1585 1122 aut
1620 1079 1689 1122 se
1726 1057 2019 1122 omnibus
2054 1067 2443 1144 anteponant
2478 1069 2547 1122 et

485 1182 602 1223 sua
651 1156 928 1222 maxime
975 1154 1248 1241 probent
1299 1163 1409 1217 aut
1457 1162 1697 1238 negent
1748 1152 1987 1237 optima
2029 1161 2180 1216 esse
2225 1153 2543 1239 exempla,

485 1273 648 1334 quae
693 1275 731 1314 a
772 1247 1234 1336 probatissimis
1282 1247 1637 1311 oratoribus
1685 1255 1795 1310 aut
1843 1245 2047 1331 poetis
2096 1257 2349 1332 sumpta
2392 1248 2543 1312 sint.

485 1345 540 1409 si
585 1365 654 1408 se
705 1341 996 1408 omnibus
1053 1349 1465 1427 anteponant,
1517 1338 1895 1404 intolerabili
1948 1339 2319 1426 adrogantia
2362 1353 2541 1420 sunt3

485 1438 542 1502 si
577 1459 743 1521 quos.
775 1436 894 1502 sibi
936 1441 1332 1522 praeponant
1359 1443 1431 1498 ‘et
1465 1453 1683 1498 eorum
1727 1432 2019 1518 exempla
2054 1432 2193 1498 suis
2232 1433 2541 1520 exemplis

483 1553 612 1597 non
636 1540 862 1617 putent
888 1539 1231 1616 praestare,
1269 1549 1399 1593 non
1423 1536 1696 1614 possunt
1721 1526 1949 1604 dicere,
1988 1547 2113 1609 qua
2140 1550 2211 1591 re
2240 1526 2360 1592 sibi
2394 1529 2540 1594 illos

413 1641 448 1695 2
485 1617 889 1712 anteponant.
979 1623 1168 1707 quid?
1210 1622 1354 1708 ipsa
1398 1622 1735 1688 auctoritas
1782 1621 2180 1706 antiquorum
2222 1645 2351 1687 non
2395 1644 2541 1688 cum

479 1743 583 1784 res
617 1718 1074 1806 probabiliores
1112 1728 1249 1782 tum
1283 1716 1613 1782 hominum
1640 1715 1850 1780 studia
1884 1715 1967 1780 ad
1999 1715 2375 1781 imitandum
2410 1717 2541 1781 ala-

482 1815 686 1880 criora
725 1815 970 1880 reddit?
1021 1814 1215 1879 immo
1271 1813 1459 1899 erigit
1500 1814 1781 1878 omnium
1836 1813 2211 1900 cupiditates
2256 1831 2323 1880 et
2372 1816 2541 1880 acuit

480 1909 884 1985 industriam,
931 1929 1078 1973 cum
1113 1929 1261 1993 spes
1297 1906 1531 1972 iniecta
1564 1917 1663 1972 est
1694 1929 1889 1994 posse
1923 1907 2227 1974 imitando
2265 1907 2539 1974 Gracchi

420 2027 445 2066 3
483 2012 593 2067 aut
646 2000 869 2067 Crassi
920 2001 1224 2083 consequi
1282 1999 1667 2065 facultatem.
1772 2011 2093 2086 postremo
2156 2002 2279 2067 hoc
2329 2003 2539 2089 ipsum

483 2115 802 2160 summum
837 2104 939 2158 est
981 2093 1315 2158 artificium
1345 2115 1453 2158 res
1497 2094 1707 2160 varias
1744 2105 1809 2158 et
1845 2095 2115 2181 disparis
2158 2095 2227 2159 in
2260 2105 2356 2161 tot
2386 2115 2541 2182 poe-

481 2188 668 2253 matis
721 2199 788 2253 et
845 2187 1234 2253 orationibus
1299 2209 1555 2272 sparsas
1612 2199 1676 2252 et
1726 2209 1891 2275 vage
1954 2187 2251 2254 disiectas
2304 2190 2393 2254 ita
2444 2189 2539 2253 di-

481 2282 752 2369 ligenter
801 2281 1063 2367 eligere,
1127 2292 1201 2346 ut
1249 2303 1449 2346 unum
1502 2281 1795 2367 quodque
1848 2305 2051 2369 genus
2108 2282 2537 2370 exemplorum

484 2377 602 2441 sub
641 2376 925 2461 singulo·
964 2374 1114 2440 artis
1149 2376 1324 2442 locos
1362 2376 1649 2441 subicere
1682 2378 1913 2462 possis.
1985 2377 2109 2443 hoc
2142 2378 2201 2443 si
2232 2378 2541 2442 industria

485 2472 692 2537 solum
723 2470 860 2534 fieri
893 2479 1141 2556 posset,
1195 2480 1410 2535 tamen
1454 2492 1741 2535 essemus
1784 2470 2113 2550 laudandi,
2170 2492 2315 2537 cum
2348 2472 2537 2537 talem

482 2565 764 2631 laborem
797 2588 927 2629 non
961 2564 1380 2652 fugissemus:
1435 2586 1607 2630 nunc
1651 2566 1786 2631 sine
1824 2590 2071 2633 summo
2116 2567 2377 2633 artificio
2410 2588 2537 2631 non

480 2670 694 2747 potest
725 2658 882 2725 fieri.
973 2659 1116 2743 quis
1152 2670 1252 2725 est
1286 2659 1483 2738 enim,
1542 2660 1650 2745 qui
1684 2680 1830 2725 cum
1872 2684 2002 2727 non
2046 2683 2291 2727 summe
2330 2670 2537 2726 teneat

484 2764 701 2833 artem,
736 2753 942 2839 possit
975 2778 1071 2831 ea,
1112 2774 1274 2837 quae
1307 2754 1525 2820 iubeat
1558 2778 1681 2833 ars,
1718 2756 1801 2821 de
1834 2766 2010 2820 tanta
2044 2765 2109 2820 et
2143 2766 2273 2821 tam
2309 2754 2538 2820 diffusa

484 2848 795 2932 scriptura
829 2857 1050 2912 notare
1085 2856 1152 2912 et
1185 2849 1521 2933 separare?
1608 2848 1827 2924 ceteri,
1878 2868 2022 2912 cum
2055 2848 2279 2933 legunt
2312 2848 2539 2914 oratio-

481 2960 596 3004 nes
632 2939 834 3003 bonas
873 2952 982 3003 aut
1014 2952 1340 3025 poemata,
1391 2942 1667 3025 probant
1710 2950 1989 3005 oratores
2028 2950 2093 3004 et
2124 2951 2377 3025 poetas,
2429 2962 2539 3006 ne-

473 3052 606 3115 que
663 3032 1068 3117 intellegunt,
1134 3055 1262 3115 qua
1309 3055 1379 3097 re
1434 3032 1732 3097 commoti
1790 3032 2090 3117 probent,
2157 3032 2329 3114 quod
2380 3033 2537 3097 scire

425 3122 430 3127 ’
483 3147 613 3189 non
645 3135 942 3209 possunt,
979 3125 1089 3189 ubi
1125 3125 1234 3201 sit,
1272 3146 1392 3189 nec
1428 3124 1580 3206 quid
1616 3123 1725 3201 sit,
1761 3145 1880 3189 nec
1916 3146 2042 3208 quo
2076 3125 2268 3189 modo
2303 3124 2537 3189 factum

484 3217 566 3283 sit
598 3217 693 3294 id,
741 3218 914 3300 quod
945 3240 1054 3283 eos
1091 3218 1366 3283 maxime
1404 3217 1701 3295 delectat3
1739 3227 1806 3281 at
1836 3216 1923 3295 is,
1971 3218 2082 3301 qui
2116 3228 2180 3284 et
2214 3218 2373 3283 haec
2406 3240 2537 3284 om-

455 3310 590 3374 nia
630 3309 942 3397 intellegit
983 3320 1050 3375 et
1098 3312 1327 3377 idonea
1368 3309 1644 3377 maxime
1688 3311 1866 3397 eligit
1916 3322 1982 3376 et
2026 3313 2237 3377 omnia
2286 3312 2354 3376 in
2406 3322 2535 3379 arte

487 3402 816 3492 [maxime]
875 3406 1208 3472 scribenda
1265 3406 1498 3493 redigit
1557 3406 1625 3470 in
1678 3404 1959 3493 singulas
2022 3406 2298 3474 rationes
2358 3428 2537 3493 prae-

484 3498 820 3586 ceptionis,
873 3520 1138 3565 necesse
1174 3509 1273 3565 est
1315 3499 1451 3565 eius
1496 3500 1591 3566 rei
1627 3522 1912 3565 summus
1965 3499 2191 3565 artifex
2230 3502 2331 3567 sit.
2418 3500 2535 3565 hoc

481 3593 674 3679 igitur
714 3592 927 3678 ipsum
975 3594 1322 3659 maximum
1367 3593 1699 3659 artificium
1732 3605 1839 3661 'est
1880 3594 1947 3657 in
2000 3606 2135 3661 arte
2180 3618 2297 3661 sua
2346 3616 2534 3680 posse

487 3684 606 3775 [et]
649 3686 868 3753 alienis
905 3688 1212 3774 exemplis
1247 3688 1357 3755 uti.

423 3804 450 3841 4
603 3784 790 3847 Haec
823 3781 916 3846 illi
949 3804 1096 3847 cum
1131 3782 1375 3861 dicunt,
1412 3784 1618 3869 magis
1653 3807 1771 3849 nos
1810 3806 1927 3849 sua
1960 3782 2330 3848 auctoritate
2366 3800 2533 3844 com-

485 3885 741 3939 movent
792 3896 982 3959 quam
1024 3876 1267 3943 ratione
1311 3873 1784 3963 disputafiOnis:
1836 3877 1995 3941 illud
2036 3875 2204 3941 enim
2247 3894 2533 3939 veremur

483 3988 565 4031 ne
601 3968 704 4031 cui
738 3970 891 4034 satis
929 3970 1012 4035 sit
1046 3972 1132 4035 ad
1164 3970 1543 4037 contrariam
1574 3972 1884 4036 rationem
1916 3968 2329 4055 probandam,
2367 3967 2531 4051 quod

487 4059 569 4123 ab
603 4080 682 4125 ea.
717 4064 1002 4128 steterint
1037 4064 1122 4143 ei,
1162 4065 1270 4149 qui
1305 4074 1370 4130 et
1403 4063 1763 4130 inventores
1800 4063 1988 4128 huius
2026 4062 2269 4129 artificii
2303 4060 2529 4128 fuerint
