2784 4575
1024 260 1362 304 ADNOTATIO
1404 258 1653 301 CRITICA·
2222 255 2440 303 XLVII

243 378 379 433 dub.
413 373 656 448 quidem.
695 375 879 443 prata.
930 370 1068 427 dub.
1099 370 1325 441 quidem
1366 388 1546 426 cesse.
1576 379 1695 425 ante
1711 388 1821 425 rem
1840 373 1991 442 quod.
2020 388 2144 441 pvs.
2173 378 2305 427 ante
2323 388 2443 427 rem

244 456 414 509 hune.
441 456 460 523 11
485 458 569 507 27.
605 452 730 521 quid
747 451 827 503 rei
841 464 949 502 ser.
979 449 1120 521 quid
1134 448 1210 503 ei.
1241 454 1319 502 ta.
1363 448 1473 505 erit
1490 448 1660 519 quod.
1692 446 1879 519 (‘erit'
1902 448 2137 521 inel.O.)
2156 452 2274 503 dein
2292 468 2444 503 cena-

246 531 384 601 quid
399 529 540 583 eius.
559 527 641 597 p¹.
661 525 799 596 quid
811 526 930 580 eius
944 525 1098 581 iuris..
1119 542 1166 579 s.
1189 524 1326 597 quid
1361 527 1445 579 rit.
1470 524 1617 579 kata.
1648 525 2023 598 &decenam-it?
2056 526 2171 599 pv.)
2205 527 2443 583 cenarit.

241 607 363 663 eius
378 605 479 660 rei.
499 624 542 659 r.
570 603 712 675 quid
729 602 850 657 eius
867 602 1006 657 iuris
1027 618 1200 671 supra
1217 618 1323 655 ser.
1360 604 1469 657 im
1493 602 1811 671 familiarem
1838 620 1945 658 sor.
1972 609 2089 659 tam
2117 602 2247 659 fam.
2286 604 2442 671 fami·

243 683 472 738 ‘rei.'vk.
487 683 679 753 quiesi.
690 699 772 734 ve.
789 680 1014 750 quodsi.
1035 674 1130 750 119,
1142 681 1326 733 28.im-
1359 682 1561 733 liorem.
1582 679 1709 750 pke.
1738 678 2071 734 familiarem
2090 681 2439 735 comitatum.

235 762 418 831 peritis
434 758 566 813 incl.
603 759 813 813 dederit.
841 754 1042 827 pvksn.
1081 757 1324 813 dedisse.
1361 756 1643 825 p²etar,K.
1674 756 1809 812 fam.
1832 756 2108 811 comitem.
2138 757 2251 828 pal.
2274 764 2441 822 3vo1,

251 838 272 905 11
295 842 380 892 23.
405 836 806 904 con-sanquine&
825 834 1006 905 quibus
1024 835 1324 890 maioribus.
1363 830 1637 903 SOxx.,O.
1659 834 1781 905 (qui
1801 831 2113 887 ‘comitem’
2131 833 2287 905 incl.)
2309 834 2331 903 11
2356 840 2442 887 44.

241 932 324 967 sn.
353 913 481 967 mai.
503 910 658 983 quib.
681 927 836 965 eone.
860 911 882 979 11
909 916 990 964 30.
1010 910 1326 978 adfectiones
1360 919 1537 963 utrum
1565 912 1818 965 uideatur.
1864 926 1971 965 scr.
2006 926 2229 965 rursum
2256 916 2444 965 utrum

237 992 444 1061 quidem
472 989 808 1060 perspicuam
839 990 1027 1041 solent.
1085 1002 1191 1041 scr.
1227 988 1325 1043 ad·
1361 986 1639 1041 videatur.
1669 1002 1763 1057 vg.
1790 988 1993 1042 horum
2026 1003 2159 1055 pars
2194 986 2271 1041 ad
2306 1002 2442 1041 eon-

243 1066 509 1122 feetionia
530 1065 685 1136 quid.
705 1080 894 1134 persp.
935 1064 1096 1118 solet.
1132 1081 1186 1134 p.
1225 1064 1324 1119 ad·
1363 1062 1549 1117 silium
1600 1064 1875 1134 pertinet,
1930 1068 2121 1117 utrum
2165 1062 2443 1118 videatur.

243 1142 512 1198 fectionis
549 1141 704 1214 quid.
749 1140 896 1197 ratio
933 1156 1122 1209 persp.
1159 1141 1326 1195 solet.
1363 1138 1561 1209 pktan.
1590 1140 1793 1195 horum
1819 1158 1954 1210 pars
1984 1156 2035 1196 a.
2056 1150 2105 1195 e.
2134 1156 2189 1209 p.
2218 1156 2442 1195 rursum

241 1222 495 1289 ipsarum.
565 1220 666 1273 rll.
741 1218 1011 1288 ipsorum.
1077 1220 1324 1288 aliquam.
1362 1215 1472 1270 vid.
1510 1234 1557 1270 ει.
1591 1216 1791 1272 horum
1817 1234 1875 1287 p.
1902 1234 1952 1271 a.
1981 1233 2027 1271 e.
2056 1232 2112 1285 p.
2153 1216 2443 1287 quaeritur

240 1298 312 1351 ll.
343 1297 594 1368 aliquam
613 1312 750 1351 rem.
778 1302 1142 1365 consequatur.
1169 1300 1322 1364 pvta.
1360 1292 1510 1347 enim
1530 1298 1719 1349 utrum
1737 1294 1847 1349 vid.
1886 1303 2070 1348 temere
2097 1293 2229 1348 incl.
2265 1295 2321 1347 in
2339 1311 2445 1364 quo

239 1378 686 1443 eon-sequantur.
723 1374 902 1442 facile.
941 1371 1068 1425 vol.
1107 1370 1323 1425 faciles.
1360 1372 1631 1438 quaeritur
1648 1371 1781 1425 inel.
1818 1371 2131 1425 adiumenta.
2156 1370 2363 1439 pvken.
2394 1372 2445 1423 si

233 1448 448 1515 coquitu
479 1456 556 1501 est
601 1462 710 1501 ser.
739 1445 978 1515 cognitu
1012 1451 1162 1497 sunt.
1187 1447 1207 1513 11
1241 1450 1324 1499 31.
1359 1446 1566 1501 adium.
1603 1446 1766 1513 flasse
1781 1446 2029 1514 facultas.
2066 1463 2153 1501 ve.
2186 1446 2443 1517 (‘-fuisse’

235 1526 566 1577 veliementer.
579 1523 688 1577 νεὶ.
704 1522 1026 1575 vehemens.
1046 1523 1325 1589 voluptate.
1360 1536 1470 1576 om.
1486 1522 1565 1592 p.)
1603 1522 1713 1579 fac.
1743 1522 1939 1580 fuisse.
1976 1543 2083 1577 non
2104 1523 2281 1591 facile.
2317 1540 2441 1577 vsu.

240 1606 376 1670 pvt.
397 1597 708 1653 voluntate.
737 1598 756 1665 11
785 1592 893 1669 10,
947 1604 1030 1652 32.
1095 1616 1180 1651 res
1212 1600 1322 1652 liae.
1357 1614 1547 1667 neque
1557 1596 1785 1652 fae.non
1795 1602 2441 1655 estnecessarium.vetan.

241 1676 410 1745 pvke.
445 1690 540 1729 res
558 1688 680 1728 eae.
715 1675 1006 1727 adducitur.
1034 1680 1188 1742 prta.
1224 1675 1323 1728 ad·
1358 1690 1475 1727 non
1492 1690 1617 1729 nee.
1636 1677 1825 1745 eosqui
1831 1678 2000 1728 —sed
2016 1674 2149 1730 inei.
2169 1678 2260 1729 sed
2268 1678 2442 1729 modo.

240 1752 499 1807 ducetur.
535 1760 594 1821 ut
619 1752 674 1803 in
702 1751 800 1804 tali
820 1768 879 1804 re
895 1767 931 1804 a
949 1752 1108 1820 culpa
1125 1767 1232 1805 ser.
1260 1757 1326 1805 ut
1357 1750 1623 1820 pvkstan.
1656 1752 1757 1805 sed
1776 1750 1851 1805 ad
1871 1767 1943 1805 ea
1961 1766 2109 1821 quae
2128 1757 2443 1821 praecepta

241 1828 302 1883 in
331 1828 436 1882 tali
463 1828 652 1895 eulpa.
687 1843 843 1896 pves.
881 1831 946 1881 ut
965 1826 1119 1880 atali
1137 1828 1322 1897 eulpa.
1359 1832 1495 1881 sunt
1522 1826 1964 1897 comparationis
1992 1828 2181 1883 modo,
2220 1826 2345 1899 (‘ad
2368 1857 2441 1869 —

235 1914 494 1979 peccaret.
521 1922 574 1958 v,
604 1904 934 1976 (‘peeeare’.
955 1902 1034 1975 p.)
1051 1904 1320 1972 peccarit.
1357 1904 1815 1975 comparationis’
1834 1904 2136 1975 inel.Ern.)
2150 1906 2438 1973 conferant.

238 1984 456 2052 siquem
475 1983 614 2052 quid.
643 1996 691 2035 e.
727 1980 1040 2052 siquidem.
1066 1980 1242 2049 p²vsr.
1273 1982 1322 2035 si
1359 1998 1403 2034 s.
1434 1981 1745 2037 conferent.
1782 1984 1801 2051 11
1839 1976 1947 2053 14,
1992 1988 2078 2036 45.
2142 1982 2335 2034 intento
2370 1983 2443 2034 ad

237 2074 422 2128 quem.
447 2060 468 2127 11
493 2064 577 2111 33.
603 2059 666 2111 de
683 2057 938 2124 facultate
955 2060 1016 2111 ei.
1039 2076 1084 2112 s.
1115 2058 1187 2113 de
1205 2057 1318 2116 fae.
1356 2059 1697 2112 inventionem
1750 2074 1857 2112 sor.
1912 2058 1989 2113 ad
2038 2056 2434 2112 intentionem.

235 2134 368 2189 eius.
380 2150 468 2188 vn.
483 2134 550 2187 de
569 2134 670 2189 fao.
690 2141 711 2205 11
735 2141 818 2190 35.
837 2144 887 2189 et
901 2154 1012 2189 non
1029 2136 1326 2190 communia
1355 2137 1549 2189 animo.
1607 2133 1835 2190 Sehiitz.
1899 2135 2139 2189 animus·
2200 2136 2440 2188 incident.

233 2225 337 2263 eor.
357 2216 414 2263 et
430 2211 488 2263 in
508 2226 698 2265 comm.
711 2229 798 2283 pv.
817 2218 876 2267 et
893 2228 1088 2267 comm.
1107 2213 1158 2265 si
1178 2212 1323 2265 nihil.
1359 2210 1823 2267 Sebiitz.ineidet.
1834 2230 1937 2267 esr.
1952 2210 2439 2283 (‘incidit.’pvtan.)

236 2285 484 2341 Ernesti.
523 2303 586 2341 se
613 2285 776 2342 nihil.
810 2306 846 2342 a
863 2289 1122 2356 faciendo.
1160 2290 1322 2344 vken.
1355 2291 1451 2344 hoc
1478 2308 1572 2342 cur
1597 2293 1764 2344 modo.
1802 2307 1933 2360 pvn.
1972 2307 2072 2344 cur
2105 2289 2217 2344 hoe
2250 2287 2437 2342 modo.

237 2361 504 2418 faciendi.
529 2365 551 2432 11
577 2371 660 2420 36.
685 2383 946 2436 perquam
971 2368 1214 2420 miserum
1237 2369 1321 2437 fa·
1359 2383 1455 2419 cur
1470 2368 1564 2420 hoc
1580 2367 1916 2434 antefactum
1932 2385 2041 2420 non
2055 2368 2121 2420 sit
2146 2365 2279 2422 incl.
2306 2365 2439 2436 (om.

238 2440 386 2493 cinus
409 2457 520 2494 esse
545 2450 594 2496 et
617 2443 912 2510 indiqrcum,
948 2460 1080 2496 cum.
1121 2442 1320 2497 Grute-
1360 2440 1435 2513 e.)
1462 2445 1483 2512 11
1506 2449 1590 2498 46.
1620 2451 1805 2496 contra
1822 2443 1957 2497 incl.
1978 2441 2113 2496 Ern.
2136 2451 2439 2512 praecepto-

237 2533 353 2570 ωε.
389 2532 664 2586 perquam
691 2535 762 2572 m.
790 2517 832 2572 f.
863 2533 912 2572 e.
941 2523 999 2573 et
1025 2519 1061 2573 i.
1093 2520 1320 2574 demon·
1359 2519 1623 2572 ruminel.
1650 2521 1671 2588 11
1696 2525 1781 2574 47.
1810 2520 1877 2572 ab
1894 2537 1974 2586 ea,
2002 2521 2057 2571 in
2076 2536 2182 2588 qua
2199 2527 2439 2586 estsepa-

239 2592 532 2660 strabitur,
561 2599 627 2646 ut
646 2610 788 2648 eum.
817 2605 909 2647 aut
925 2596 1056 2650 incl.
1087 2597 1324 2667 quamvis
1359 2595 1516 2647 ratim
1532 2597 1609 2648 ita
1624 2597 1795 2648 ducta.
1832 2594 1995 2648 s²tar.
2030 2595 2105 2647 ab
2132 2594 2259 2662 ipsa
2286 2593 2438 2664 (‘ab’

233 2667 392 2734 false.
411 2685 574 2737 pvsn.
607 2685 700 2738 qu.
719 2668 906 2723 facile.
933 2673 952 2739 11
979 2675 1061 2724 37.
1089 2671 1328 2723 dissimili
1361 2685 1470 2723 om.
1488 2670 1604 2740 pv.)
1630 2671 1713 2724 ita
1729 2671 1919 2737 ducta,
1946 2674 2013 2722 ut
2028 2669 2103 2723 ab
2124 2684 2192 2722 ea
2209 2685 2438 2738 separa·

235 2745 420 2813 qeneri
435 2779 443 2786 -
463 2741 674 2796 Sehiitz
731 2761 800 2798 ex
856 2746 982 2799 eod.
1037 2745 1322 2800 Leidensi.
1360 2745 1477 2798 tim.
1507 2747 1527 2813 11
1556 2739 1654 2817 15,
1676 2750 1758 2798 48.
1770 2755 2025 2817 perorata
2037 2761 2213 2799 causa.
2232 2745 2438 2814 pvksn.

239 2817 500 2872 dissimili
517 2819 576 2873 in
595 2835 824 2889 genere.
849 2821 1065 2876 acinel.
1085 2824 1148 2876 de
1165 2825 1323 2876 mori-
1360 2827 1627 2890 perorata
1664 2827 1723 2876 et
1764 2821 2011 2892 probata
2056 2835 2245 2878 eausa.
2290 2823 2311 2892 11
2350 2829 2435 2876 49.

238 2897 332 2949 bus
349 2913 600 2966 quaerere
615 2915 686 2952 se.
713 2897 925 2953 Baiter.
959 2899 1054 2972 (de
1073 2899 1324 2953 moribus
1360 2898 1661 2952 certioribus
1676 2899 1785 2952 illis
1803 2899 2118 2968 aryumentis
2128 2901 2437 2969 confirmato

237 2989 530 3044 quaerere.
550 2972 658 3046 ps.)
691 2974 762 3029 de
780 2977 1034 3032 moribus
1055 2976 1268 3048 quaeri.
1291 2978 1314 3046 11
1363 2992 1469 3028 ser.
1502 2980 1637 3030 cert.
1666 2974 1746 3030 ill.
1775 2975 2131 3031 auditoribus
2158 2993 2279 3046 arg.
2300 2991 2436 3030 con-

240 3045 342 3122 12,
367 3057 453 3104 39.
484 3052 716 3121 denique.
737 3069 822 3122 ps.
851 3052 1072 3108 deinde.
1099 3055 1119 3124 11
1144 3060 1227 3109 41.
1256 3057 1324 3108 si-
1359 3051 1612 3106 firmatis.
1667 3051 1967 3124 pvketanr,
2016 3070 2043 3106 a
2087 3052 2437 3124 (suprascr.

237 3129 385 3180 miles
403 3129 507 3197 aqi.
534 3126 726 3198 p²ven.
765 3128 1093 3200 similesque
1110 3131 1222 3202 agi.
1259 3151 1324 3186 ea:
1361 3129 1745 3187 ‘auditoribus
1757 3129 1793 3201 ’)
1838 3133 1974 3184 cert.
2018 3130 2099 3184 ill.
2144 3146 2266 3199 arg.
2304 3145 2437 3184 eon-

237 3221 459 3274 quaque.
469 3209 652 3274 pvsta.
673 3221 742 3260 ex
752 3223 1112 3278 unaquaque.
1131 3224 1322 3278 mayno
1359 3203 1615 3262 firmatis.
1662 3217 1712 3260 et
1738 3207 1871 3261 incl.
1908 3208 2089 3277 aliqui.
2132 3213 2286 3275 pvta.
2332 3205 2434 3260 ali-

237 3296 394 3349 opere
429 3284 860 3336 considerandum
901 3292 976 3336 est
1011 3283 1144 3338 incl.
1186 3285 1318 3338 Em.
1360 3283 1503 3353 quis.
1526 3286 1702 3338 omnia
1718 3293 1905 3338 autem.
1916 3301 2039 3338 ven.
2061 3282 2251 3338 omnia
2269 3282 2434 3336 enim.

237 3356 499 3425 titubatio,
556 3363 832 3428 apparatio
873 3379 980 3416 ser.
1020 3361 1319 3433 (titubatio
1358 3361 1713 3428 omnia.pvta.
1724 3365 1785 3414 et
1794 3359 1999 3415 omnia.
2014 3360 2435 3428 omnia—‹liqui-

237 3431 494 3486 avaritia.
513 3435 718 3505 pveta.)
738 3438 1024 3493 titubatio.
1052 3440 1172 3508 1142.
1191 3455 1322 3507 pars
1357 3437 1477 3488 tatur
1500 3435 1638 3490 incl.
1678 3453 1811 3506 quae
1834 3437 2143 3490 inventione.
2180 3441 2435 3506 pvstanr.

237 3514 417 3560 restat.
443 3515 630 3564 vstan.
669 3529 802 3582 pars
823 3520 961 3570 erat.
1001 3533 1064 3568 ex
1081 3517 1154 3569 eis
1171 3517 1321 3569 rebus
1357 3528 1505 3582 quae
1533 3512 1593 3566 in
1619 3513 1732 3568 inv.
1768 3531 1945 3566 rerum
1974 3521 2021 3566 et
2047 3513 2439 3566 sententiarum.'

239 3598 351 3636 ser.
372 3599 444 3638 ex
461 3587 561 3639 eis.
589 3597 682 3640 aut
697 3590 992 3644 intervallo.
1012 3609 1104 3661 pV.
1131 3598 1234 3647 aut
1252 3609 1320 3647 ex
1353 3595 1541 3659 pvsta.
1561 3591 1859 3644 verborum
1871 3594 1931 3643 et
1942 3591 2115 3657 sentss
2140 3593 2223 3642 50.
2241 3597 2436 3642 natura

237 3661 439 3714 interv.
465 3663 486 3731 11
515 3658 612 3722 13.
656 3667 796 3718 aliae
828 3685 968 3736 susp.
1015 3668 1150 3737 pkn.
1209 3667 1320 3740 (‘et
1353 3683 1551 3720 eorum.
1568 3683 1624 3720 n.
1644 3671 1759 3722 nat.
1776 3666 2045 3736 ipsorum.
2069 3667 2090 3734 11
2119 3661 2215 3724 16.
2228 3674 2275 3718 et
2292 3663 2433 3720 incl.

237 3737 388 3792 aliae
417 3741 585 3808 susp!
620 3739 724 3812 vs.)
759 3741 1000 3812 aliquae.
1037 3754 1086 3798 et
1107 3755 1317 3799 natura.
1355 3741 1552 3798 Orelli.
1580 3760 1795 3797 causam
1812 3743 2033 3795 maxime
2048 3743 2288 3811 spectari.
2318 3757 2427 3796 aer.

237 3833 294 3869 n.
321 3821 380 3870 et
405 3832 474 3870 ex
499 3821 617 3875 nat.
643 3817 954 3874 credibilem.
983 3836 1040 3889 p.
1081 3820 1317 3875 eredibi·
1353 3819 1663 3889 (‘eausam.
1680 3817 2170 3890 sp.eausam.'pv.)
2192 3817 2431 3873 maxime

237 3893 350 3960 lem
369 3897 470 3948 aut
486 3893 896 3950 incredibilem.
919 3895 1030 3964 1143.
1051 3913 1314 3966 quaerere.
1355 3913 1439 3966 sp.
1461 3913 1616 3951 caue.
1646 3898 1977 3950 diducuntur.
1998 3911 2125 3951 ven.
2146 3895 2431 3950 deducun-

237 3985 360 4022 νου.
382 3969 597 4038 quaeri.
627 3972 780 4041 quod.
807 3976 962 4040 pvta.
989 3971 1124 4026 item
1141 3975 1314 4043 quod.
1351 3979 1459 4028 tur.
1492 3973 1884 4044 (dedu-centur.
1919 3967 2011 4042 Ο.)
2038 3973 2057 4041 11
2084 3978 2167 4028 51.
2205 3989 2434 4026 nunc—-

235 4047 294 4101 in
320 4061 424 4114 qua
448 4063 669 4102 necesse.
703 4045 796 4102 vk.
831 4046 892 4102 in
921 4063 1034 4119 qua
1059 4065 1194 4104 num
1220 4065 1314 4106 ne·
1353 4059 1679 4105 transeamus
1736 4047 1872 4104 incl.
1916 4049 1937 4118 11
1982 4043 2077 4122 17,
2151 4055 2234 4104 52.
2303 4065 2433 4104 rem·
