2784 4575
545 271 632 336 92
1170 279 1247 335 Μ.
1281 277 1549 334 TULLII
1588 275 1991 334 CICERONIS

549 405 665 470 sed
699 415 911 470 tamen
948 403 1194 468 animus
1221 400 1593 467 referendus
1632 411 1729 465 est
1766 397 1847 464 ad
1884 422 1960 465 ea
1994 400 2203 485 capita
2238 411 2301 466 et
2338 401 2421 466 ad
2446 400 2621 480 illos,

548 521 709 583 quos
763 519 956 584 saepe
1006 495 1136 561 iam
1189 493 1532 581 appellavi,
1585 493 1789 572 locos,
1843 515 1925 558 ex
1976 493 2207 577 quibus
2262 495 2479 560 omnia
2533 497 2617 560 ad

434 621 510 661 ιιι
547 615 803 659 omnem
839 590 1186 657 orationem
1221 589 1482 653 inventa
1515 587 1850 666 ducuntur,
1888 597 2077 670 atque
2111 587 2235 653 hoc
2270 597 2478 656 totum
2516 603 2618 655 est

550 685 686 751 sive
723 683 875 750 artis
914 683 1050 748 sive
1095 680 1658 748 animadversionis
1707 679 1843 746 sive
1895 681 2371 747 consuetudinis
2418 705 2616 748 nosse

543 779 860 866 regiones,
896 777 1062 843 intra
1097 798 1256 861 quas
1283 797 1515 842 venere
1552 786 1615 840 et
1648 774 2063 862 pei-vestiges,
2101 775 2274 858 quod
2308 796 2613 864 quaeras:

545 872 658 938 ubi
692 895 838 938 eum
869 872 1081 937 locum
1109 892 1362 936 omnem
1400 868 1779 956 cogitatione
1816 869 2151 956 saepseriS,
2188 868 2244 934 si
2268 871 2461 936 modo
2489 893 2615 936 usu

539 989 759 1032 rerum
798 963 1235 1052 percallueris,
1288 963 1447 1027 nihil
1492 973 1555 1028 te
1610 962 1874 1048 effugiet
1924 971 2113 1047 atque
2165 985 2383 1042 omne,
2436 966 2614 1048 quod

415 1075 513 1142 ,35
547 1061 666 1126 erit
721 1060 789 1124 in
838 1080 940 1138 re,
993 1067 1282 1124 occurret
1335 1069 1525 1140 atque
1578 1055 1841 1134 incidet,
1896 1066 1962 1122 et
2014 1056 2133 1134 sic,
2187 1077 2335 1122 cum
2387 1058 2471 1121 ad
2516 1057 2615 1122 in-

545 1153 930 1220 veniendum
979 1151 1048 1216 in
1101 1151 1368 1216 dicendo
1414 1150 1534 1215 tria
1588 1149 1742 1216 sint:
1797 1170 2091 1229 acumen,
2148 1150 2373 1216 deinde
2422 1151 2613 1228 ratiO,

546 1269 738 1332 quam
772 1246 946 1325 licet,
1003 1245 1058 1310 si
1091 1245 1415 1322 volumus,
1471 1245 1862 1330 appellemus
1900 1255 2129 1322 artem,
2180 1245 2429 1310 tertium
2465 1246 2617 1309 dili-

546 1340 787 1427 gentia,
839 1363 973 1405 non
1020 1361 1286 1426 possum
1329 1338 1624 1424 equidem
1675 1359 1805 1403 non
1856 1338 2113 1424 ingenio
2167 1339 2396 1424 primas
2450 1360 2613 1404 con-

547 1435 802 1514 cedere,
859 1435 974 1500 sed
1017 1444 1231 1499 tamen
1273 1433 1487 1520 ipsum
1534 1431 1861 1520 ingenium
1912 1431 2241 1519 diligentia
2291 1433 2484 1497 etiam
2530 1456 2617 1498 ex
2736 1431 2738 1438 ’

439 1556 515 1597 us
549 1529 843 1594 tarditate
875 1528 1123 1607 incitat3
1178 1527 1535 1614 diligentia,
1588 1527 1875 1611 inquam,
1931 1548 2095 1610 quae
2132 1549 2276 1591 cum
2310 1527 2611 1593 omnibus

545 1623 615 1687 in
646 1623 838 1689 rebus
875 1633 1011 1688 tum
1044 1623 1112 1686 in
1147 1622 1357 1688 causis
1393 1621 1811 1688 defendendis
1836 1621 2178 1708 plurimum
2213 1621 2401 1686 valet.
2447 1621 2617 1686 haec

543 1717 884 1804 praecipue
936 1716 1204 1783 colenda
1254 1725 1356 1782 est
1407 1716 1622 1794 nobis3
1681 1715 1843 1780 haec
1905 1737 2155 1802 semper
2216 1715 2613 1794 adhibenda3

544 1811 705 1878 haec
755 1811 913 1876 nihil
964 1821 1065 1876 est
1107 1809 1278 1895 quod
1319 1832 1452 1875 non
1505 1809 1915 1893 adsequatur:
1971 1831 2167 1875 causa
2206 1819 2279 1874 ut
2330 1809 2614 1896 penitus,

547 1907 718 1992 quod
749 1906 930 1972 initio
967 1904 1126 1982 dixi,
1180 1915 1334 1970 nota.
1369 1904 1479 1984 sit,
1528 1903 1855 1990 diligentia
1888 1913 2014 1984 est3
2067 1915 2139 1969 ut
2173 1903 2613 1970 adversarium

549 2008 788 2065 attente
852 1997 1184 2062 audiamus
1238 2007 1430 2081 atque
1481 2008 1555 2062 ut
1605 1997 1743 2063 eius
1795 2020 1927 2063 non
1979 1997 2185 2064 solum
2236 1998 2608 2077 sententias,

547 2093 663 2159 sed
697 2090 889 2156 etiam
931 2090 1131 2155 verba
1173 2091 1385 2155 omnia
1432 2090 1848 2176 excipiamus,
1902 2090 2111 2158 voltus
2154 2091 2427 2175 denique
2458 2114 2611 2178 per-

547 2184 887 2270 spiciamus
934 2183 1170 2260 omnis,
1223 2183 1335 2268 qui
1378 2206 1605 2250 sensus
1644 2185 1837 2250 animi
1885 2183 2256 2272 plerumque
2298 2183 2603 2263 indicant,

387 2274 508 2346 ‘149
545 2277 870 2364 diligentia
922 2287 1048 2356 est3
1116 2273 1212 2363 [id
1262 2287 1477 2344 tamen
1529 2277 2001 2345 dissimulanter
2052 2278 2291 2358 facere,
2344 2300 2427 2343 ne
2482 2278 2609 2344 sibi

542 2371 649 2436 ille
684 2370 923 2456 aliquid
952 2370 1260 2458 proficere
1305 2371 1625 2451 videatur,
1677 2373 2013 2459 prudentia
2055 2382 2153 2438 est
2162 2370 2211 2459 3]
2268 2371 2501 2466 deinde
2533 2384 2609 2437 ut

540 2464 610 2529 in
645 2463 737 2530 eis
770 2465 957 2544 locis,
993 2487 1155 2550 quos
1189 2488 1544 2552 proponam
1576 2466 1769 2554 paulo
1804 2477 1980 2553 post,
2025 2436 2433 2560 pervolvatur
2468 2468 2610 2531 ani-

540 2582 714 2637 mus,
757 2570 833 2624 ut
863 2559 1118 2647 penitus
1152 2559 1434 2625 insinuet
1466 2560 1535 2624 in
1580 2582 1866 2640 causam,
1920 2570 1994 2626 ut
2028 2562 2111 2626 sit
2144 2582 2297 2625 cura
2330 2571 2396 2625 et
2428 2560 2609 2647 cogi-

542 2652 780 2721 tatione
831 2652 1142 2734 intentus,
1205 2654 1534 2743 diligentia
1586 2665 1688 2719 est
1742 2652 1843 2741 [ut
1893 2654 1992 2721 his
2045 2655 2237 2720 rebus
2304 2654 2609 2719 adhibeat

541 2759 867 2835 tamquam
898 2749 1114 2814 lumen
1150 2749 1407 2833 aliquod
1439 2748 1838 2828 memoriam,
1874 2759 1948 2814 ut
1981 2771 2230 2828 vocem,
2265 2757 2338 2813 ut
2369 2746 2606 2835 viris..]

430 2869 510 2910 150
541 2843 706 2910 inter
737 2844 1066 2931 ingenium
1101 2844 1358 2927 quidem
1393 2854 1459 2910 et
1493 2844 1887 2931 diligentiam
1935 2843 2310 2931 perpaulum
2342 2843 2467 2909 loci
2500 2868 2607 2909 re-

539 2936 784 3020 liquum
837 2949 936 3003 est
989 2938 1136 3003 artiz
1199 2962 1302 3004 ars
1361 2937 1755 3005 demonstrat
1806 2949 2079 3017 tantum,
2146 2938 2257 3004 ubi
2309 2959 2603 3022 quaeum,

543 3041 732 3117 atque
767 3031 880 3096 ubi
915 3032 997 3096 sit
1038 3030 1223 3110 illud,
1278 3033 1451 3117 quod
1496 3033 1755 3099 studeas
1798 3033 2110 3111 invenire3
2162 3032 2407 3116 reliqua
2450 3044 2605 3097 sunt

540 3124 608 3189 in
661 3146 843 3203 cura,
906 3124 1252 3192 attentione
1307 3126 1529 3205 animi,
1570 3126 2005 3213 cogitatione,
2069 3124 2423 3213 vigilantia,
2488 3125 2605 3189 ad-

543 3216 866 3295 siduitate,
918 3217 1136 3283 labore
1143 3242 1162 3295 3
1220 3218 1603 3305 complectar
1637 3243 1765 3286 uno
1800 3219 2026 3298 verbo,
2080 3241 2207 3303 quo
2243 3240 2435 3304 saepe
2468 3218 2603 3282 iam

539 3309 642 3375 usi
677 3331 924 3389 sumus,
979 3310 1307 3398 diligentia
1315 3336 1336 3393 3
1391 3332 1521 3396 qua
1552 3334 1681 3378 una
1720 3310 1979 3399 [virtute
2032 3310 2281 3399 omnes]
2330 3312 2599 3377 virtutes

429 3432 506 3472 151
538 3403 818 3488 reliquae
853 3404 1267 3470 continentur.
1355 3428 1507 3471 nam
1542 3405 1841 3473 orationis
1896 3405 2153 3491 quidem
2195 3405 2378 3491 copia
2418 3404 2601 3469 vide-

537 3520 682 3562 mus
733 3508 806 3561 ut
857 3497 1181 3562 abundent
1230 3497 1621 3587 philosophi,
1676 3500 1812 3583 qui,
1864 3511 1937 3565 ut
1988 3499 2213 3587 opinor
2242 3534 2335 3547 ·-—
2367 3498 2485 3564 sed
2527 3508 2600 3563 tu

538 3590 716 3670 haec,
755 3588 1004 3700 Catule,
1039 3591 1267 3657 melius
1300 3628 1390 3640 --
1422 3594 1599 3659 nulla
1634 3594 1787 3659 dant
1819 3602 2159 3681 praecepta
2193 3592 2444 3658 dicendi
2476 3612 2601 3657 nec

537 3683 771 3751 idcirco
807 3683 1046 3762 minus,
1083 3706 1520 3771 quaecumque
1555 3709 1659 3753 res
1692 3686 2022 3773 proposita
2058 3696 2183 3765 est,
2221 3684 2598 3771 suscipiunt,

433 3776 503 3829 36
539 3778 620 3843 de
662 3800 789 3863 qua
832 3779 1086 3866 copiose
1122 3788 1188 3844 et
1229 3782 1624 3845 abundanter
1672 3780 2051 3864 loquantur-⁹
2140 3790 2277 3845 tum
2320 3777 2596 3844 Catulus

425 3848 504 3887 ²⁵⁹
541 3872 724 3949 ‘,’est
784 3872 990 3956 inquit
1045 3878 1145 3937 ‘ut
1196 3872 1710 3954 dicis,Anton1,
1772 3886 1844 3940 ut
1892 3873 2176 3961 plerique
2228 3871 2597 3961 philosophi

537 3964 714 4029 nulla
754 3966 1009 4031 tradant
1048 3978 1390 4053 praecepta
1444 3968 1692 4033 dicendi
1736 3979 1801 4033 et
1842 3968 2121 4034 habeant
2161 3978 2454 4054 paratum
2496 3977 2623 4030 ta--

538 4076 688 4119 men
720 4056 873 4138 quid
908 4058 986 4123 de
1022 4079 1270 4143 quaque
1307 4081 1375 4125 re
1414 4059 1622 4125 dicant
1632 4086 1652 4139 3
1692 4061 1807 4127 sed
1838 4061 2251 4140 Aristoteles,
2288 4060 2363 4138 ie,
2401 4081 2593 4144 quem
