2784 4575
548 223 655 279 DE
690 185 1450 280 PART1T.oRAToR1A
1482 217 1690 276 DIAL.
1725 221 1868 275 23-
1887 222 1976 276 31.
2142 208 2272 276 349

217 349 414 425 valet;
479 356 577 412 est
630 344 801 410 enim
852 341 1257 430 amplificatio
1308 343 1653 409 vehemens
1715 345 2029 427 quaedam
2083 368 2275 432 argu-

218 440 549 518 mentatiO‚
584 449 659 504 ut
691 438 802 504 illa
836 436 1105 504 docendi
1140 458 1337 502 causa
1370 437 1481 515 sit,
1517 437 1676 504 haec
1711 439 2169 504 commovendi.

341 535 419 604 O.
454 537 535 602 F.
567 535 780 621 Perge
822 531 1016 620 igitur
1058 531 1278 598 ordine
1330 541 1628 616 quattuor
1675 530 1833 596 mihi
1874 531 2030 598 istas
2075 533 2272 619 partis
2299 559 2358 598 ιε

220 631 555 718 explicare.
648 625 727 694 C.
762 627 841 694 P.
886 625 1121 694 faciam
1166 636 1230 692 et
1266 649 1307 692 a
1336 625 1665 715 principiis
1716 625 1992 713 primum
2046 627 2272 706 ordiar,

221 748 381 810 quae
407 722 665 808 quidem
691 721 1006 789 ducuntur
1032 729 1140 786 aut
1169 742 1249 785 ex
1271 719 1564 808 personis
1601 728 1712 786 aut
1745 741 1828 784 ex
1860 720 2050 785 rebus
2086 720 2272 808 ipsis3

224 829 555 885 sumuntur
590 827 805 882 autem
840 814 1030 880 trium
1065 836 1276 880 rerum
1310 813 1546 902 gratia.
1598 823 1669 878 ιιι
1705 813 1932 893 amice,
1988 825 2060 879 ut
2091 814 2276 880 intel-

218 913 531 1022 legenter,
583 920 656 976 ut
690 920 928 976 attente
963 909 1321 975 audiamur.
1376 930 1644 993 quorum
1677 908 1920 995 primus
1965 908 2141 975 locus
2177 922 2277 976 est

218 1007 285 1072 in
317 1004 608 1094 personis
643 1003 909 1080 nostris,
944 1003 1460 1090 disceptatorum,
1499 1001 2030 1082 adversariorum3
2069 1027 2104 1070 e
2139 1004 2278 1088 qui-

219 1101 341 1164 bus
398 1097 579 1164 initia
638 1097 1119 1165 benevolentiae
1180 1097 1612 1164 conciliandae
1675 1107 2116 1184 comparantur
2167 1109 2276 1162 aut

220 1191 461 1258 meritis
496 1190 730 1258 nostris
784 1192 1101 1278 afferendis
1138 1201 1247 1257 aut
1299 1191 1607 1279 dignitate
1641 1201 1754 1256 aut
1795 1191 2005 1275 aliquo
2041 1213 2275 1278 genere

222 1287 469 1353 virtutis
524 1297 589 1352 et
636 1285 913 1352 maxime
966 1285 1389 1364 liberalitatis,
1446 1284 1670 1362 officii,
1728 1285 2033 1364 iustitiae,
2095 1285 2276 1364 fidei;

222 1380 674 1466 contrariisque
733 1381 927 1448 rebus
986 1380 1057 1446 in
1108 1380 1506 1446 adversarios
1565 1379 1964 1446 conferendis
2013 1391 2078 1446 et
2129 1402 2274 1446 cum

222 1477 343 1556 eis,
398 1476 506 1560 qui
558 1475 941 1562 disceptant,
996 1475 1207 1561 aliqua
1258 1474 1714 1542 coniunctionis
1767 1486 1878 1540 aut
1929 1496 2122 1542 causa
2164 1485 2276 1542 aut

222 1593 335 1657 spe
390 1569 831 1656 significanda3
883 1581 948 1635 et
984 1569 1039 1634 si
1071 1569 1293 1635 in‘nos
1347 1568 1606 1653 aliquod
1655 1569 1874 1634 odium
1923 1568 2273 1634 offensiove

222 1663 471 1730 conlata
504 1665 614 1743 sit,
661 1664 942 1730 tollenda
976 1686 1053 1730 ea
1084 1663 1508 1728 minuendave
1545 1671 1654 1726 aut
1689 1663 1986 1726 diluendo
2021 1672 2132 1726 aut
2165 1682 2276 1726 ex-

219 1758 538 1826 tenuando
574 1769 683 1824 aut
732 1757 1206 1846 compensando
1250 1768 1362 1823 aut
1398 1756 1816 1843 deprecando.
1901 1755 2274 1843 intellegen-
2299 1783 2356 1822 22>

221 1865 317 1918 ter
352 1863 564 1921 autem
597 1862 670 1918 ut
720 1854 1049 1919 audiamur
1086 1849 1181 1938 [et
1213 1852 1367 1918 item
1403 1847 1668 1936 attente]
1683 1898 1702 1928 ,
1757 1850 1838 1914 ab
1871 1849 2028 1936 ipsis
2079 1851 2272 1916 rebus

224 1948 596 2014 ordiendum
628 1959 727 2014 est
734 1972 755 2027 ;
810 1947 926 2014 sed
959 1946 1256 2013 facillime
1292 1947 1483 2012 discit
1533 1944 1780 2012 auditor
1825 1956 1888 2010 et
1924 1944 2078 2029 quid
2122 1968 2274 2031 aga-

218 2054 321 2118 tur
343 2043 691 2131 intellegit,
745 2043 800 2108 si
835 2042 1258 2129 complectare
1290 2065 1331 2106 a
1362 2040 1672 2128 principio
1717 2061 1918 2126 genus
1955 2050 2276 2106 naturam-

220 2159 343 2221 que
378 2159 637 2216 causae,
692 2136 749 2204 si
785 2137 1075 2215 definias,
1122 2136 1178 2204 si
1213 2135 1490 2214 dividas,
1547 2135 1602 2199 si
1633 2157 1840 2218 neque
1875 2135 2275 2222 prudentiam

223 2232 359 2305 eius
402 2231 712 2319 impedias
760 2231 1131 2299 confusione
1173 2229 1450 2318 partium
1492 2251 1612 2295 nec
1652 2229 2021 2295 memoriam
2061 2229 2275 2295 multi-

219 2324 437 2393 tudine
445 2348 466 2403 ς
530 2346 815 2409 quaeque
866 2349 1019 2392 mox
1072 2326 1151 2390 de
1211 2323 1568 2389 narratione
1629 2324 1904 2389 dilucida
1967 2324 2271 2402 dicentur,

218 2418 444 2483 eadem
480 2418 671 2484 etiam
704 2419 829 2485 huc
862 2429 1160 2506 poterunt
1194 2428 1364 2483 recte
1399 2418 1638 2483 referri.
1681 2427 1757 2481 ut
1791 2427 2026 2483 attente
2064 2427 2275 2482 autem
2299 2448 2361 2487 so

220 2511 577 2591 audiamur,
639 2512 829 2580 trium
877 2536 1091 2578 rerum
1143 2511 1354 2595 aliqua
1413 2532 1900 2595 consequemur:
1963 2532 2113 2575 nam
2167 2520 2276 2575 aut

219 2630 455 2693 magna
514 2606 825 2690 quaedam
883 2628 1312 2693 proponemus
1373 2616 1484 2671 aut
1543 2604 1903 2670 necessaria
1965 2612 2075 2668 aut
2125 2624 2276 2669 con-

216 2701 433 2766 iuncta
484 2721 629 2765 cum
660 2698 853 2786 ipsis,
907 2700 1080 2786 apud
1129 2722 1290 2783 quos
1342 2721 1448 2764 res
1485 2708 1708 2785 agetur
1716 2722 1736 2777 ;
1791 2696 1874 2763 sit
1909 2708 2118 2761 autem
2153 2697 2276 2762 hoc

217 2793 410 2859 etiam
441 2794 509 2859 in
541 2792 926 2881 praeceptis,
968 2804 1068 2871 ut,
1124 2794 1180 2858 si
1215 2793 1468 2877 quando
1506 2802 1755 2877 tempus
1781 2790 1994 2877 ipsum
2029 2800 2138 2857 aut
2170 2812 2276 2855 res

218 2898 329 2953 aut
360 2887 541 2953 locus
578 2898 687 2953 aut
718 2887 1109 2953 interventus
1147 2887 1410 2953 alicuius
1447 2897 1558 2951 aut
1596 2884 2014 2970 interpellatio
2050 2895 2160 2950 aut
2193 2885 2278 2949 ab

219 2981 583 3047 adversario
621 2981 859 3047 dictum
894 2982 1153 3066 aliquod
1184 2992 1251 3046 et
1281 2980 1560 3045 maxime
1593 2980 1662 3043 in
1694 2979 2048 3065 perorando
2085 2978 2278 3043 dede-

214 3076 299 3141 rit
353 3074 753 3143 occasionem
792 3075 979 3143 nobis
1036 3072 1405 3162 [aliquam],
1456 3083 1529 3139 ut
1581 3073 1866 3138 dicamus
1912 3071 2148 3157 aliquid
2192 3072 2276 3135 ad

216 3182 469 3259 tempus
508 3182 684 3259 apte,
737 3194 819 3237 ne
852 3171 1313 3255 relinquamus3
1357 3179 1450 3245 et,
1496 3190 1658 3253 quae
1696 3190 1812 3233 suo
1847 3166 1988 3232 loco
2025 3166 2104 3230 de
2141 3187 2276 3229 am-

215 3267 601 3351 plificatione
637 3267 949 3345 dicemus,
1002 3266 1203 3331 multa
1237 3287 1319 3329 ex
1352 3262 1446 3329 eis
1479 3271 1778 3349 poterunt
1814 3260 1896 3325 ad
1937 3258 2275 3346 principio-

216 3381 361 3423 rum
396 3370 739 3446 praecepta
772 3360 1120 3425 transferri.

342 3451 420 3519 C.
448 3454 524 3519 F.
565 3451 759 3536 Quid,
794 3453 863 3518 in
886 3452 1244 3519 narratione
1272 3472 1436 3535 quae
1463 3451 1721 3516 tandem
1749 3448 2062 3515 servanda
2095 3447 2274 3511 sunt?
2300 3444 2349 3554 3

220 3544 300 3611 C.
344 3546 424 3612 P.
479 3546 778 3657 quoniam
828 3547 1103 3613 narratio
1156 3556 1258 3611 est
1305 3567 1518 3609 rerum
1581 3542 1915 3631 explicatio
1967 3551 2032 3607 et
2085 3560 2275 3625 quae-

215 3640 369 3707 dam
430 3640 615 3725 quasi
666 3641 853 3707 sedes
906 3650 973 3707 et
1031 3640 1514 3706 fundamentum
1577 3636 2054 3703 constituendae
2106 3634 2274 3711 fidei,

216 3756 299 3799 ea
334 3746 481 3799 sunt
530 3734 598 3800 in
632 3757 711 3800 ea
744 3735 1059 3801 servanda
1107 3734 1414 3811 maxime,
1467 3754 1632 3817 quae
1675 3731 1865 3797 etiam
1906 3731 1976 3795 in
1993 3728 2316 3839 ‘reliquis-

214 3827 355 3892 fere
390 3828 643 3895 dicendi
676 3828 996 3916 partibus3
1048 3850 1211 3913 quae
1245 3828 1475 3913 partim
1513 3836 1663 3891 sunt
1693 3822 2080 3900 necessaria,
2132 3843 2278 3907 par-

215 3919 335 3985 tim
388 3922 727 4010 adsumpta
778 3923 861 3988 ad
910 3923 1293 3999 ornandum3
1348 3944 1500 3987 nam
1548 3931 1622 3986 ut
1673 3916 1945 3983 dilucide
1981 3914 2278 4003 probabi-

210 4011 487 4100 literque
553 4040 913 4100 narremus,
982 4014 1412 4081 necessarium
1483 4024 1608 4093 est,
1683 4011 1797 4078 sed
1868 4011 2273 4076 adsumemus
