2784 4575
775 294 883 349 DE
921 291 1287 350 ORATORE
1322 294 1428 349 111.
1467 292 1774 347 197—204.
2187 280 2309 347 189

254 442 405 484 cum
438 428 768 485 venustate
820 427 1221 495 moveantur,
1280 416 1375 482 sic
1417 415 1625 481 verbis
1681 413 1937 498 quidem
1981 416 2064 480 ad
2099 425 2312 501 aptam

256 512 781 600 compositionem
816 523 879 578 et
923 511 1303 589 decentiam,
1360 508 1688 576 sententiis
1732 531 1884 575 vero
1921 510 2002 575 ad
2037 509 2312 596 gravita-

256 620 389 673 tem
423 606 723 673 orationis
775 616 989 673 utatur
1036 603 1135 691 [ut
1178 604 1265 683 ei,
1320 604 1430 689 qui
1462 604 1530 668 in
1574 625 1890 669 armorum
1941 602 2311 668 tractatione

257 698 643 787 versantur}
732 700 904 785 quod
938 700 1195 784 quidem
1228 721 1345 765 vos
1389 697 1513 763 etsi
1553 697 1791 776 facitis,
1846 707 2060 763 tamen
2093 697 2310 762 admo-
2346 721 2424 762 ποι

256 794 502 861 nendos
545 805 729 880 puto,
783 817 865 859 ne
912 793 1064 879 quid
1108 816 1251 859 esse
1297 791 1471 858 aliud
1505 791 1770 859 oratoris
1823 790 2087 879 putetis,
2143 790 2312 875 quod

254 886 514 973 quidem
550 888 633 954 sit
666 887 995 975 egregium
1030 898 1219 972 atque
1253 886 1567 965 mirabile,
1613 886 1737 951 nisi
1770 885 1836 949 in
1872 884 2137 973 singulis
2173 908 2316 951 ver-

254 983 355 1047 bis
390 981 502 1047 illa
534 982 654 1047 tria
690 993 929 1060 tenere,
974 993 1046 1048 ut
1098 982 1421 1048 translatis
1474 992 1727 1046 utamur
1771 981 2163 1063 frequenter,
2217 980 2315 1043 in-

254 1074 505 1141 terdum
557 1075 772 1155 factis,
823 1098 967 1142 raro
1022 1087 1233 1143 autem
1284 1076 1477 1141 etiam
1536 1072 2006 1162 [per]vetustis,
2059 1072 2128 1137 in
2171 1095 2314 1159 per-

254 1179 453 1255 petua
488 1179 699 1235 autem
734 1169 1044 1247 oratione,
1098 1191 1244 1235 cum
1280 1180 1345 1235 et
1390 1166 1846 1235 coniunctionis
1892 1166 2215 1233 levitatem
2249 1178 2314 1233 et

252 1286 687 1341 numerorum,
744 1285 936 1349 quam
986 1263 1149 1342 dixi,
1196 1264 1508 1331 rationem
1560 1262 1944 1328 tenuerimus
1957 1310 1977 1341 ,
2029 1271 2164 1326 tum
2215 1273 2315 1327 est

252 1358 443 1443 quasi
475 1358 817 1443 luminibus
856 1358 1305 1445 distinguenda
1338 1370 1405 1425 et
1436 1357 1896 1445 frequentanda
1930 1355 2134 1423 omnis
2172 1379 2312 1423 ora-

253 1451 348 1517 tio
394 1452 850 1518 sententiarum
901 1464 1089 1537 atque
1141 1454 1501 1518 verborum.
1588 1452 1941 1518 formantur
1993 1462 2204 1518 autem
2247 1462 2312 1515 et

251 1545 453 1610 verba
487 1556 551 1611 et
586 1546 933 1613 sententiae
966 1569 1171 1633 paene
1197 1546 1752 1623 innumerabiliter,
1790 1546 1961 1629 quod
1986 1545 2140 1611 satis
2179 1544 2310 1611 scio

250 1650 479 1705 notum
532 1662 675 1705 esse
728 1640 939 1718 vobis3
997 1641 1111 1705 sed
1153 1640 1317 1705 inter
1370 1638 1932 1706 conformationem
1973 1638 2312 1704 verborum

250 1744 322 1797 et
358 1734 808 1799 sententiarum
842 1734 965 1800 hoc
997 1733 1286 1813 interest,
1342 1734 1515 1819 quod
1555 1734 1895 1799 verborum
1936 1732 2202 1810 tollitur,
2257 1732 2314 1796 si

249 1828 455 1893 verba
513 1828 806 1906 mutaris,
870 1828 1325 1894 sententiarum
1384 1838 1740 1916 permanet,
1811 1825 2313 1911 quibuscumque

251 1919 471 1986 verbis
508 1920 602 1985 uti
637 1920 816 1986 velis.
902 1944 1055 1987 nam
1086 1932 1153 1987 et
1203 1920 1638 2007 commoratio·
1666 1942 1795 1985 una
1833 1920 1902 1986 in
1933 1942 2003 1985 re
2037 1919 2313 2007 permul-
2346 1907 2426 2021 ἓξ

247 2026 393 2080 tum
425 2025 643 2080 movet
676 2026 741 2081 et
772 2014 1055 2082 inlustris
1085 2015 1446 2102 explanatio
1475 2036 1832 2099 rerumque,
1870 2014 2054 2098 quasi
2087 2036 2316 2100 geran-

249 2120 378 2185 tur,
417 2109 539 2174 sub
573 2120 902 2195 aspectum
927 2131 1129 2195 paene
1168 2108 1507 2187 subiectio;
1545 2131 1708 2193 quae
1744 2120 1810 2174 et
1840 2107 1910 2173 in
1937 2107 2314 2196 exponenda

252 2224 329 2267 re
364 2201 705 2289 plurimum
739 2203 911 2268 valet
944 2212 1009 2267 et
1044 2203 1126 2267 ad
1178 2202 1644 2269 inlustrandum
1678 2200 1773 2280 id,
1829 2200 2001 2287 quod
2052 2200 2314 2287 exponi-

254 2307 379 2373 tur,
417 2305 484 2360 et
516 2296 597 2360 ad
633 2297 1143 2384 amplificandum
1152 2322 1172 2376 3
1206 2308 1281 2362 ut
1314 2298 1431 2377 eis,
1467 2297 1574 2381 qui
1609 2297 1885 2376 audient,
1921 2296 2106 2374 illud,
2145 2294 2316 2380 quod

256 2386 663 2475 augebimus,
717 2401 1021 2472 quantum
1057 2391 1310 2458 efficere
1346 2391 1546 2457 oratio
1581 2391 1840 2477 poterit,
1886 2401 2134 2456 tantum
2169 2410 2314 2454 esse

255 2483 547 2548 videatur
555 2506 575 2560 3
612 2491 677 2546 et
709 2482 855 2548 huic
891 2483 1202 2549 contraria
1237 2507 1430 2569 saepe
1462 2484 1786 2569 percursio
1821 2494 1922 2550 est
1955 2495 2019 2549 et
2051 2483 2196 2569 plus
2234 2482 2316 2546 ad

256 2574 777 2662 intellegendum,
814 2597 1005 2660 quam
1040 2577 1294 2656 dixeris,
1332 2575 1709 2662 significatio
1745 2587 1810 2642 et
1835 2577 2128 2642 distincte
2167 2596 2316 2641 con-

259 2670 399 2735 cisa
444 2668 724 2734 brevitas
777 2681 844 2735 et
906 2670 1267 2737 extenuatio
1321 2681 1385 2736 et
1442 2668 1590 2734 huic
1649 2669 1946 2734 adiuncta
1994 2667 2225 2734 inlusio
2279 2693 2318 2733 a

257 2761 616 2855 praeceptis
655 2761 953 2829 Caesaris
1006 2786 1138 2829 non
1190 2764 1569 2844 abhorrens3
1623 2773 1701 2830 et
1735 2763 1816 2828 ab
1857 2787 1928 2830 re
1981 2762 2315 2849 digressiO,

257 2858 328 2922 in
364 2878 492 2941 qua
526 2877 669 2922 cum
702 2856 895 2922 fuerit
945 2857 1308 2936 delectatio,
1362 2869 1500 2924 tum
1539 2857 1789 2924 'reditus
1826 2857 1910 2923 ad
1959 2879 2097 2923 rem
2129 2867 2316 2944 aptus

258 2962 327 3016 et
363 2950 707 3017 concinnus
744 2973 888 3018 esse
922 2951 1207 3031 debebit3
1259 2953 1732 3041 propositioque
1787 2952 1940 3036 quid
1983 2953 2072 3018 sis
2117 2952 2318 3018 dictu-

258 3067 373 3110 rus
410 3056 475 3110 et
518 3046 600 3110 ab
653 3068 766 3123 ec,
814 3046 988 3131 quod
1030 3057 1130 3113 est
1181 3047 1448 3126 dictum,
1505 3046 1811 3114 seiunctio
1855 3057 1920 3113 et
1958 3046 2198 3114 reditus
2235 3047 2322 3111 ad

254 3139 657 3226 propositum
692 3151 758 3207 et
787 3139 1035 3208 iteratio
1069 3151 1136 3207 et
1167 3141 1430 3208 rationis
1468 3153 1616 3228 apta
1651 3141 2000 3220 conclusi03
2037 3151 2172 3206 tum
2207 3162 2319 3206 au-

258 3232 454 3318 gendi
506 3232 911 3300 minuendive
963 3256 1158 3301 causa
1209 3235 1493 3302 veritatis
1556 3234 1897 3321 superlatio
1951 3245 2138 3319 atque
2190 3245 2320 3298 tra-

257 3324 449 3390 iectio
504 3337 569 3390 et
615 3326 862 3413 rogatio
917 3340 1107 3413 atque
1167 3329 1317 3396 huic
1366 3328 1634 3394 finitima
1693 3327 1875 3414 quasi
1926 3328 2316 3415 percontatio

258 3417 704 3503 expositioque
766 3422 1116 3488 sententiae
1178 3445 1360 3501 suae;
1417 3434 1554 3488 tum
1612 3423 1750 3501 illa,
1822 3445 1983 3508 quae
2044 3422 2318 3489 maxime

260 3510 451 3594 quasi
482 3511 717 3597 inrepit
755 3513 824 3578 in
858 3513 1184 3581 hominum
1225 3516 1487 3595 mentis,
1541 3517 1668 3582 alia
1708 3516 1974 3582 dicentis
2011 3538 2087 3582 ac
2123 3515 2320 3604 signi—

256 3604 511 3671 ficantis
566 3605 1013 3688 dissimulatio;
1068 3631 1232 3694 quae
1276 3621 1376 3677 est
1425 3611 1844 3697 periucunda,
1897 3631 2042 3675 cum
2075 3609 2144 3676 in
2179 3632 2320 3677 ora·

256 3699 434 3765 tione
483 3722 615 3764 non
674 3701 1102 3782 contentione,
1166 3704 1283 3771 sed
1344 3727 1636 3772 sermone
1697 3715 2026 3782 tractatum
2090 3703 2318 3770 deinde

258 3792 602 3872 dubitatio,
666 3805 800 3858 tum
854 3795 1239 3877 distributio,
1305 3810 1442 3864 tum
1503 3798 1808 3866 correctio
1861 3798 1966 3864 vel
2019 3807 2166 3864 ante
2216 3797 2320 3863 vel

256 3896 601 3971 postquam
636 3887 868 3956 dixeris
904 3891 1010 3957 vel
1042 3913 1187 3958 cum
1223 3893 1460 3977 aliquid
1494 3917 1534 3958 a
1567 3905 1630 3958 te
1664 3890 1804 3979 ipso
1839 3891 2091 3971 reicias3
2134 3913 2319 3978 prae-

257 3979 529 4047 munitio
564 3982 755 4048 etiam
790 3994 889 4050 est
924 3985 1007 4052 ad
1040 3984 1135 4064 id,
1180 3988 1351 4070 quod
1386 3987 1790 4073 adgrediare,
1835 3997 1900 4053 et
1933 3985 2216 4053 traiectio
2249 3984 2318 4050 in

260 4071 487 4153 alium3
524 4077 1035 4160 communicatio,
1072 4102 1233 4165 quae
1270 4093 1369 4148 est
1404 4080 1588 4166 quasi
1621 4102 1768 4147 cum
1803 4081 1894 4148 eis
1929 4078 2108 4169 ipsis,
2147 4079 2318 4166 apud

2351 2781 2428 2822 203

2351 3916 2431 3958 204
