2784 4575
859 275 966 332 DE
1002 271 1368 332 ORATORE
1406 275 1453 330 ι.
1488 275 1727 348 34-42.
1850 231 1857 244 ’
2276 265 2317 330 9
2441 354 2444 357 ¹

250 406 622 492 importata,
681 399 799 466 sed
839 408 912 464 ut
959 397 1204 483 reliqua
1253 398 1779 485 praetermittam,
1832 397 2115 465 omnium
2164 399 2321 467 mihi

252 499 504 576 videor,
552 493 838 582 exceptis
849 541 868 572 ,
915 489 1184 571 Crasse,
1231 493 1417 558 vobis
1451 493 1731 572 duobus,
1768 493 2319 578 eloquentissimos

255 593 513 660 audisse
549 589 654 656 Ti.
690 600 758 654 et
791 585 874 655 G.
912 585 1357 674 Sempronius,
1396 609 1667 672 quorum
1685 595 1909 675 pater,
1944 588 2135 656 homo
2168 613 2322 676 pru-
2413 629 2426 652 ».

259 689 424 754 dens.
454 696 520 752 et
551 683 802 772 gravis,
835 681 1330 766 haudquaquam
1363 682 1711 766 eloquens,
1736 692 1802 748 et
1836 705 2029 769 saepe
2064 683 2221 750 alias
2256 695 2323 752 et

259 781 536 848 maxime
571 799 800 844 censor
835 775 1028 842 saluti
1066 776 1162 842 rei
1203 776 1498 863 publicae
1540 775 1691 842 fuit:
1744 775 1921 862 atqui
1952 777 2009 842 is
2044 796 2177 845 non
2210 777 2324 844 ad—

261 884 480 942 ourata
530 871 808 958 quadam
859 869 1164 938 orationis
1227 870 1443 958 copia,
1506 870 1624 935 sed
1673 880 1834 936 nutu
1866 881 2074 955 ,atque
2124 871 2323 942 verbo

256 968 591 1035 libertinos
621 965 693 1032 in
723 965 1002 1030 urbanas
1039 963 1240 1031 tribus
1281 963 1630 1042 transtulit,
1674 964 1849 1048 quod
1881 963 2008 1034 nisi
2041 964 2320 1042 fecisset,

259 1085 404 1130 rem
435 1060 782 1148 publicam,
830 1079 1026 1142 quam
1055 1079 1227 1123 nunc
1261 1056 1371 1123 vix
1405 1067 1724 1136 tenemus,
1776 1057 1907 1124 iam
1940 1057 2051 1126 diu
2082 1057 2323 1132 nullam,

263 1155 666 1220 haberemus.
751 1163 822 1218 at
851 1174 1006 1218 vero
1040 1151 1178 1218 eius
1213 1150 1330 1216 filii
1380 1151 1602 1218 diserti
1635 1161 1701 1218 et
1733 1151 2027 1218 omnibus
2070 1150 2175 1220 vel
2206 1174 2325 1218 na-

263 1261 448 1316 turae
489 1249 593 1316 vel
635 1249 960 1316 doctrinae
1003 1245 1337 1334 praesidiis
1383 1248 1469 1313 ad
1509 1247 1845 1313 dicendum
1865 1247 2124 1358 parati,
2177 1269 2321 1316 cum

263 1343 586 1410 civitatem
617 1343 723 1411 vel
754 1353 1022 1454 paterno
1057 1341 1324 1408 consilio
1357 1341 1462 1408 vel
1506 1341 1691 1408 avitis
1728 1342 1917 1408 armis
1952 1341 2323 1408 florentissi-

259 1463 434 1506 mam
461 1438 876 1525 accepissent,
910 1438 1038 1503 ista
1060 1436 1388 1525 praeclara
1413 1437 1874 1522 gubernatrice,
1908 1446 1981 1503 ut
2016 1437 2131 1517 ais,
2169 1435 2321 1504 civi-

259 1544 465 1600 tatum
519 1529 940 1620 [eloquentia]
991 1553 1128 1598 rem
1177 1530 1503 1618 publicam
1554 1530 2040 1623 dissipaverunt.
2130 1523 2430 1634 quid?3910

257 1629 439 1715 leges
475 1638 725 1693 veteres
761 1648 1098 1711 moresque
1131 1625 1474 1705 maiorum3
1510 1625 1702 1710 quid?
1738 1624 2051 1713 auspicia,
2090 1595 2389 1710 quibus³

259 1733 328 1790 et
377 1743 500 1808 ego
553 1731 620 1786 et
661 1731 761 1798 tu,
817 1717 1088 1798 Crasse,
1141 1740 1290 1784 cum
1337 1741 1596 1828 magna·
1626 1718 1721 1785 rei
1770 1719 2063 1806 publicae
2118 1717 2321 1790 salute

259 1837 666 1902 praesumus3
704 1812 896 1898 quid?
944 1812 1286 1900 religiones
1322 1824 1390 1880 et
1432 1812 1881 1892 caerimoniae3
1924 1813 2114 1896 quid?
2164 1811 2324 1878 haec

259 1909 402 1974 iura
435 1907 675 1986 civilia,
731 1928 894 1991 quae
927 1906 1058 1972 iam
1101 1907 1352 1994 pridem
1384 1907 1455 1972 in
1484 1915 1708 1973 nostra
1747 1905 1989 1972 familia
2021 1905 2160 1971 sine
2192 1903 2325 1970 ulla

261 2001 660 2086 eloquentiae
710 2000 902 2067 laude
953 2012 1318 2080 versantur,
1369 2023 1527 2066 num
1568 2009 1681 2067 aut
1720 2000 1983 2066 inventa
2024 2010 2175 2066 sunt
2214 2009 2323 2064 aut

263 2095 522 2182 cognita
555 2106 664 2161 aut
707 2095 964 2162 omnino
986 2145 993 2153 .
1013 2097 1100 2160 ab
1145 2106 1468 2162 oratorum
1510 2117 1745 2183 genere
1780 2095 2085 2160 tractata?
2146 2091 2323 2177 equi-

261 2189 416 2254 dem
455 2200 522 2254 et
563 2187 704 2255 Ser.
753 2187 1036 2255 Galbam
1071 2189 1380 2256 memoria
1431 2200 1619 2256 teneo
1672 2188 1957 2254 divinum
1999 2187 2322 2255 hominem

260 2283 338 2348 in
380 2281 650 2351 dicendo
688 2294 753 2349 et
781 2282 884 2349 M.
919 2282 1270 2351 Aemilium
1301 2283 1647 2350 Porcinam
1699 2294 1765 2349 et
1800 2281 1879 2350 C.
1913 2282 2127 2371 ipsum
2164 2279 2323 2349 Car-

2362 2115 2421 2157 40

260 2377 530 2454 bouem,
587 2398 775 2461 quem
812 2389 886 2443 tu
929 2378 1441 2445 adulescentulus
1492 2377 1847 2464 perculisti,
1898 2376 2208 2486 ignarum·
2232 2376 2326 2441 le-
2410 2390 2417 2395 “

261 2494 449 2559 ςιιιιι,
505 2470 986 2539 haesitantem
965 2494 1034 2537 ιιι
1076 2459 1390 2539 maiorum
1434 2470 1793 2549 institutis,
1820 2470 2108 2537 rudem
2088 2493 2157 2535 ιιι
2189 2470 2325 2535 iure
2416 2478 2420 2480 ’

261 2564 462 2645 civili3
521 2576 610 2631 et
621 2564 782 2631 haec
823 2576 999 2631 aetas
1042 2577 1264 2633 nostra
1311 2574 1566 2654 praeter
1601 2575 1695 2643 te,
1748 2519 2017 2641 Crasse,
2072 2564 2181 2645 qui
2214 2572 2323 2629 tuo

261 2660 470 2748 magis
525 2660 765 2739 studio,
820 2682 1013 2744 quam
1064 2660 1322 2747 proprio
1373 2681 1638 2725 munere
1692 2658 1901 2742 aliquo
1948 2657 2325 2722 disertorum

259 2755 366 2821 ius
402 2778 442 2820 a
474 2755 664 2822 nobis
701 2754 886 2821 civile
925 2754 1230 2833 didicisti,
1287 2753 1460 2839 quod
1500 2752 1819 2819 interdum
1851 2750 2116 2838 pudeat,
2168 2749 2324 2815 iuris

262 2849 492 2936 ignara
541 2860 660 2916 est.
759 2850 931 2935 quod
983 2872 1148 2916 vero⁴
1187 2850 1257 2914 in
1308 2858 1595 2916 extrema
1646 2846 1928 2914 oratione
1980 2842 2163 2929 quasi
2214 2854 2325 2910 tuo

2366 2874 2419 2914 41

265 2945 407 3011 iure
444 2946 799 3058 sumpsisti,
847 2956 1162 3012 oratorem
1194 2945 1264 3010 ιιι
1307 2942 1515 3011 omnis
1552 2940 1863 3009 sermonis
1901 2939 2326 3027 disputatione
2398 3031 2400 3033 q

266 3039 704 3127 copiosissime
730 3040 973 3105 versari
997 3062 1213 3129 posse,
1248 3039 1336 3117 id,
1359 3037 1500 3103 nisi
1531 3036 1690 3103 hic
1668 3060 1739 3101 ιιι
1772 3044 1883 3101 ιιιο
1898 3042 2117 3145 ‘regno
2152 3056 2327 3102 esse-

263 3158 439 3214 mus,
491 3154 622 3201 non
655 3134 947 3200 tulissem
979 3133 1326 3219 multisque
1374 3131 1755 3220 praeissem,
1810 3128 1921 3215 qui
1972 3138 2083 3195 aut
2132 3128 2326 3196 inter-

267 3227 434 3295 dicto
469 3240 683 3295 tecum
733 3228 1187 3295 contenderent
1221 3238 1332 3294 aut
1375 3238 1446 3305 te,
1474 3250 1558 3293 ex
1598 3226 1737 3291 iure
1770 3246 2029 3290 manum
2072 3246 2327 3291 conser-

267 3332 406 3387 tum
437 3332 768 3400 vocarent,
821 3322 1050 3408 quod
1029 3346 1098 3387 ιιι
1133 3321 1374 3388 alienas
1425 3319 1871 3407 possessiones
1924 3328 2056 3383 tam
2089 3328 2327 3385 temere

264 3416 604 3483 inruisses.
659 3426 924 3503 agerent
965 3417 1136 3483 enim
1177 3428 1388 3483 tecum
1430 3416 1577 3503 lege
1618 3414 1912 3523 primum·
1934 3412 2327 3499 Pythagorei

265 3532 490 3575 omnes
543 3520 738 3595 atque
788 3510 1168 3577 Democritii
1231 3508 1551 3593 ceterique
1604 3530 1723 3575 sua
1773 3508 1843 3572 in
1892 3506 2029 3571 iure
2078 3503 2329 3591 physici

263 3604 690 3682 vindicarent,
745 3604 952 3671 ornati
994 3604 1284 3671 homines
1327 3602 1399 3669 in
1449 3602 1719 3669 dicendo
1762 3610 1827 3667 et
1877 3619 2137 3687 graves,
2190 3596 2329 3681 qui·-

263 3697 540 3763 buscum
573 3698 690 3763 tibi
722 3698 892 3764 iusto
929 3708 1326 3765 sacramento
1361 3697 1745 3763 contendere
1776 3716 1908 3759 non
1940 3691 2187 3770 liceret;
2221 3712 2328 3755 ur-

2366 3436 2426 3477 42

267 3801 495 3877 gerent
523 3803 860 3879 praeterea
891 3792 1419 3893 philosophorum
1462 3812 1693 3878 greges
1728 3788 1857 3853 iam
1892 3786 1973 3851 ab
2006 3783 2115 3850 illo
2151 3784 2327 3851 fonte
2412 3834 2415 3839 .

269 3893 340 3948 et
380 3884 586 3971 capite
623 3884 890 3953 Socrate
942 3882 1102 3951 nihil
1143 3896 1207 3952 te
1251 3886 1332 3951 de
1375 3884 1561 3951 bonis
1611 3882 1805 3947 rebus
1850 3879 1920 3943 in
1960 3877 2119 3956 vita,
2170 3876 2329 3941 nihil

269 3976 354 4041 de
389 3978 605 4059 malis,
659 3979 819 4046 nihil
855 3980 935 4046 de
981 3979 1176 4045 animi
1217 3976 1749 4067 permotionibus,
1801 3972 1959 4039 nihil
2002 3972 2083 4037 de
2125 3971 2329 4037 homi-

264 4092 424 4136 num
494 4074 808 4153 moribus,
879 4072 1038 4139 nihil
1100 4074 1180 4139 de
1239 4072 1484 4143 ratione
1546 4070 1715 4137 vitae
1777 4065 2101 4148 didicisse,
2171 4064 2329 4131 nihil
