2784 4575
481 173 567 238 74
971 183 1393 240 CORNIFICII
1427 178 2051 238 RHETORICORUM

479 309 534 374 si
583 331 714 372 una
757 318 866 372 aut
919 307 1108 372 etiam
1151 306 1352 371 altera
1404 305 1652 390 syllaba
1694 317 1794 370 est
1846 305 2214 368 alterutrum
2256 305 2538 386 brevius,

479 425 624 466 cum
675 402 742 466 in
795 402 992 466 altero
1044 400 1258 486 plures
1323 411 1499 477 sunt,
1560 399 1630 462 in
1681 398 1879 464 altero
1938 397 2187 484 longior
2238 411 2347 464 aut
2396 401 2541 466 lon-

477 497 717 582 giores,
769 495 1014 582 plenior
1060 505 1170 558 aut
1219 494 1536 580 pleniores
1584 493 1894 578 syllabae,
1948 503 2020 557 ut
2058 493 2391 580 longitudo
2428 507 2540 561 aut

473 592 802 680 plenitudo
838 592 1063 656 harum
1096 590 1567 654 multitudinem
1611 588 1867 653 alterius
1906 588 2289 672 adsequatur
2324 599 2390 655 et
2424 611 2541 655 ex-

477 699 722 772 aequet.

597 779 904 847 Similiter
939 779 1174 844 cadens
1221 778 1549 844 exornatio
1595 778 1975 866 appellatur,
2028 797 2176 842 cum
2207 778 2277 841 in
2310 778 2539 843 eadem

475 875 942 942 constructione
975 873 1314 938 verborum
1349 874 1478 939 duo
1530 885 1639 939 aut
1670 873 1857 960 plura
1900 882 2051 936 sunt
2092 873 2315 949 verba,
2370 892 2537 954 quae

476 971 760 1036 similiter
793 969 999 1034 isdem
1033 967 1288 1032 casibus
1325 968 1700 1046 efferuntur,
1757 967 1878 1032 hoc
1910 966 2131 1031 modo:
2186 965 2539 1031 ‘hominem

473 1063 730 1129 laudem
765 1070 1060 1150 egentem
1093 1061 1373 1140 virtutis,
1430 1062 1859 1127 abundantem
1911 1059 2297 1124 felicitatis?
2348 1059 2537 1124 item:

477 1157 656 1220 ‘huic
689 1155 894 1221 omnis
929 1155 998 1220 in
1033 1155 1306 1240 pecunia
1349 1177 1498 1242 spes
1544 1166 1669 1231 est,
1726 1177 1765 1218 a
1800 1152 2110 1240 sapientia
2152 1163 2251 1218 est
2286 1153 2534 1218 animus

471 1261 784 1315 remotus:
848 1248 1176 1336 diligentia
1227 1259 1555 1336 comparat
1606 1247 1886 1325 divitias,
1940 1247 2347 1334 neglegentia
2395 1267 2538 1312 cor-

473 1344 711 1430 rumpit
746 1343 1054 1421 animum,
1109 1354 1174 1409 et
1209 1353 1449 1422 tamen,
1496 1363 1643 1408 cum
1676 1343 1766 1407 ita
1800 1342 1984 1419 vivit,
2028 1341 2347 1406 neminem
2380 1363 2534 1428 prae

479 1463 550 1504 se
585 1439 758 1503 ducit
792 1439 1153 1505 hominem?

599 1532 904 1600 Similiter
939 1535 1238 1600 desinens
1275 1545 1401 1613 est,
1438 1556 1611 1612 cum,
1648 1533 1901 1598 tametsi
1935 1553 2121 1597 casus
2156 1554 2285 1598 non
2318 1533 2537 1597 insunt

473 1630 540 1694 in
583 1630 827 1708 verbis,
879 1641 1098 1695 tamen
1140 1629 1380 1695 similes
1436 1630 1643 1694 exitus
1700 1639 1876 1706 sunt,
1929 1627 2053 1692 boc
2102 1638 2319 1715 pactoz
2376 1633 2537 1692 ‘tur-

470 1724 636 1810 pit'er
671 1724 868 1789 audes
905 1724 1134 1801 facere,
1172 1722 1461 1806 nequiter
1489 1723 1706 1787 studes
1736 1721 1943 1787 dicere
1955 1747 1973 1800 3
2010 1720 2173 1786 vivis
2200 1721 2533 1800 invidiose,

475 1818 788 1902 delinquis
855 1817 1170 1894 studiose,
1231 1816 1512 1898 loqueris
1576 1815 1834 1881 odiose.’
1940 1817 2120 1882 item:
2184 1815 2535 1882 ‘audaciter

475 1911 754 1986 territas,
792 1909 1113 1974 humiliter
1145 1908 1407 1994 placas?
1450 1945 1459 1956 ·

594 2003 782 2068 Haec
825 2003 952 2066 duo
993 2025 1258 2088 genera,
1314 2023 1585 2088 quorum
1636 2004 1903 2069 alterum
1944 2003 2012 2067 in
2056 2002 2262 2068 exitus
2306 2003 2534 2070 verbo-

474 2119 644 2173 rum,
707 2095 975 2160 alterum
1027 2095 1094 2159 in
1146 2117 1334 2161 casus
1400 2097 1805 2163 similitudine
1868 2107 2185 2175 versatur,
2248 2097 2411 2162 inter
2462 2121 2533 2164 se

474 2189 882 2254 vehementer
931 2190 1315 2256 conveniunt
1367 2201 1431 2256 et
1484 2214 1561 2256 ea
1601 2215 1671 2258 re
1724 2192 1833 2276 qui
1884 2191 1984 2256 his
2036 2191 2199 2256 bene
2250 2201 2532 2269 utuntur,

473 2282 844 2371 plerumque
899 2282 1086 2349 simul
1131 2306 1208 2349 ea
1249 2283 1583 2351 conlocant
1616 2287 1684 2352 in
1717 2286 1923 2352 isdem
1962 2284 2249 2371 partibus
2303 2283 2535 2353 oratio-

473 2378 594 2443 nis.
681 2378 749 2443 id
782 2378 904 2443 hoc
937 2379 1128 2444 modo
1163 2378 1374 2447 facere
1420 2392 1695 2468 oportet:
1752 2379 2207 2468 ‘perditissima
2237 2381 2397 2445 ratio
2434 2390 2535 2445 est

476 2494 754 2539 amorem
798 2482 1044 2560 petere,
1096 2472 1409 2560 pudorem
1458 2476 1710 2563 fiagere3
1766 2474 2027 2561 diligere
2070 2474 2367 2552 formam,
2421 2496 2535 2539 ne-

473 2566 732 2655 glegere
776 2567 1056 2632 famam!
1146 2568 1252 2632 hic
1304 2578 1369 2633 et
1422 2591 1501 2635 ea
1542 2569 1767 2646 verba,
1822 2590 1985 2653 quae
2037 2588 2223 2632 casus
2275 2567 2531 2645 habent,

475 2664 557 2728 ad
601 2684 788 2727 casus
845 2662 1097 2741 similis,
1152 2673 1218 2728 et
1267 2663 1405 2741 illa,
1461 2686 1623 2749 quae
1675 2686 1804 2729 non
1854 2662 2119 2741 habent,
2175 2662 2259 2726 ad
2311 2662 2533 2729 similis

474 2757 680 2821 exitus
715 2756 1000 2821 veniunt.

370 2830 436 2941 ἓξ
591 2850 1049 2914 Adnominatio
1085 2860 1212 2928 est,
1265 2870 1413 2915 cum
1448 2851 1533 2915 ad
1564 2850 1734 2915 idem
1768 2850 2035 2915 verbum
2073 2846 2213 2935 [aut
2247 2850 2330 2915 ad
2362 2850 2533 2915 idem

471 2940 732 3027 nomen]
772 2943 1089 3008 acceditur
1123 2966 1269 3009 cum
1301 2946 1651 3011 mutatione
1685 2945 1873 3011 unius
1910 2954 2020 3009 aut
2050 2946 2331 3031 plurium
2362 2945 2533 3011 litte-

471 3058 702 3112 rarum,
737 3045 812 3099 ut
846 3036 929 3101 ad
959 3059 1065 3102 res
1103 3038 1427 3105 dissimilis
1466 3039 1695 3105 similia
1728 3040 1924 3104 verba
1950 3039 2528 3106 adcommodentur.

473 3150 551 3194 ea
583 3128 796 3193 multis
843 3140 908 3195 et
958 3130 1150 3197 variis
1195 3133 1547 3199 rationibus
1594 3133 1949 3199 conficitur:
2004 3134 2429 3199 attenuatione
2466 3144 2531 3198 et

472 3223 908 3309 complexione
951 3225 1238 3294 eiusdem
1269 3228 1517 3293 litterae
1557 3227 1679 3292 sic:
1735 3228 1895 3305 ‘hic‚
1942 3228 2052 3311 qui
2088 3250 2157 3292 se
2194 3225 2529 3313 magnifice

471 3317 664 3381 iactat
706 3328 894 3402 atque
938 3331 1244 3400 ostentat,
1297 3322 1473 3387 venit
1517 3332 1690 3399 ante,
1748 3342 1939 3405 quam
1980 3322 2257 3388 Romam
2296 3320 2497 3399 venit3
2510 3320 2528 3348 '

474 3423 538 3477 et
573 3434 654 3478 ex
687 3414 1029 3481 contrario:
1067 3414 1228 3493 ‘hic,
1265 3437 1427 3500 quos
1463 3414 1751 3479 homines
1788 3415 1928 3479 alea
1961 3414 2175 3493 vincit,
2213 3438 2323 3482 eos
2361 3416 2528 3480 ferro

475 3506 687 3572 statim
737 3507 934 3573 vincit
941 3507 989 3586 ς’
1045 3508 1330 3573 brevitate
1382 3520 1439 3573 et
1488 3508 1901 3594 productione
1946 3509 2233 3575 eiusdem
2282 3508 2529 3572 litterae

470 3600 594 3665 hoc
641 3602 862 3667 modos
914 3601 1084 3667 hunc
1138 3602 1352 3666 avium
1404 3601 1671 3667 dulcedo
1716 3602 1891 3667 ducit
1933 3604 2016 3669 ad
2059 3602 2270 3667 avium
2277 3626 2297 3677 ;
2356 3597 2527 3684 [bre-

470 3694 664 3759 vitate
718 3695 1003 3759 eiusdem
1053 3695 1300 3759 litterae
1334 3694 1459 3760 hoc
1499 3694 1721 3783 modo]
1776 3710 1833 3762 et
1884 3720 1958 3763 ea·
2008 3696 2339 3762 contrario:
2394 3690 2526 3756 ‘hic
2567 3767 2573 3772 ι
2626 3774 2634 3779 ἱ

471 3787 724 3853 tametsi
756 3788 1006 3852 videtur
1042 3809 1186 3853 esse
1221 3786 1480 3853 honoris
1518 3790 1814 3876 cupidus,
1868 3801 2083 3856 tamen
2114 3808 2245 3871 non
2279 3795 2527 3851 tantum

471 3880 710 3946 curiam
761 3880 994 3973 diligit,
1049 3890 1356 3963 quantum
1393 3879 1713 3961 Curiam3’
1768 3882 2073 3949 addendis
2126 3879 2350 3946 litteris
2402 3878 2528 3945 hoc

467 3983 685 4059 pacto:
742 3973 877 4039 ‘luc
910 3975 1032 4059 fllbl
1064 3981 1288 4060 posset
1328 3984 1709 4061 temperare,
1762 3976 1889 4042 nisi
1931 3975 2129 4043 amori
2160 3974 2381 4041 mallet
2412 3974 2528 4041 ob-
