2784 4575
470 247 596 312 130
1083 256 1163 312 M.
1200 257 1473 314 TULLII
1510 255 1909 313 CICERONIS

468 378 953 468 commovendo]
1007 379 1346 467 proficiunt
1393 378 1761 468 plurimum,
1816 400 2198 464 quamquam
2239 380 2518 448 maxime

464 477 759 564 proprius
795 487 896 542 est
925 475 1105 540 locus
1142 484 1208 539 et
1239 475 1306 538 in
1349 473 1735 540 exordiendo
1772 483 1837 539 et
1866 473 1935 537 in
1967 476 2347 560 perorando,
2402 477 2517 542 de-

465 571 648 658 gredi
681 580 896 636 tamen
931 570 1012 634 ab
1047 591 1154 648 eo,
1191 569 1361 653 quod
1397 568 1800 655 proposueris
1828 578 2016 652 atque
2052 593 2227 655 agas,
2262 593 2519 656 permo-

354 691 434 732 ω
467 664 820 731 vendorum
855 663 1210 729 animorum
1245 683 1441 729 causa
1484 685 1675 748 saepe
1706 661 1862 728 utile
1896 671 2022 740 est3
2058 663 2269 747 itaque
2307 665 2411 729 vel
2444 687 2521 730 re

465 768 722 825 narrata
754 769 822 824 et
853 758 1144 844 exposita
1177 779 1368 843 saepe
1406 757 1589 822 datur
1624 755 1706 822 ad
1740 757 2228 823 commovendos
2265 757 2521 824 animos

467 852 882 940 degrediendi
915 852 1123 929 loeus,
1161 851 1263 916 vel
1299 850 1687 936 argumentis
1720 851 1955 916 nostris
1992 850 2375 916 confirmatis
2410 851 2519 917 vel

465 947 793 1013 contrariis
828 946 1118 1012 refutatis
1144 944 1251 1010 vel
1275 955 1542 1028 utroque
1574 945 1716 1010 loco
1750 945 1855 1011 vel
1880 945 2193 1024 omnibus,
2230 945 2287 1010 si
2321 945 2521 1012 habet

467 1063 610 1106 eam
645 1062 840 1106 causa
873 1039 1245 1127 dignitatem
1279 1049 1469 1123 atque
1496 1037 1763 1124 copiam,
1797 1049 1968 1104 recte
2000 1038 2071 1102 id
2100 1039 2238 1104 fieri
2270 1049 2485 1126 potest
2490 1063 2516 1117 3

467 1157 706 1219 eaeque
741 1156 971 1201 causae
1007 1139 1158 1198 sunt
1191 1133 1274 1198 ad
1315 1133 1636 1220 agendum
1670 1144 1734 1197 et
1768 1132 1850 1196 ad
1884 1132 2237 1198 ornandum
2268 1133 2519 1218 gravis-

467 1228 666 1294 simae
701 1239 890 1312 atque
923 1228 1358 1314 plenissimae,
1414 1249 1577 1311 quae
1630 1227 1935 1314 plurimos
1990 1227 2197 1292 exitus
2241 1228 2397 1292 dant
2432 1227 2519 1292 ad

463 1321 600 1388 eius
649 1323 826 1388 modi
879 1321 1382 1409 degressionem,
1436 1333 1511 1386 ut
1551 1321 1643 1386 eis
1686 1321 1842 1386 loeis
1876 1320 1971 1385 uti
2010 1319 2227 1400 liceat,
2282 1321 2521 1404 quibus

465 1414 818 1482 animorum
859 1416 1134 1503 impetus
1173 1438 1421 1494 eorum,
1475 1414 1585 1499 qui
1627 1415 1915 1493 audiunt,
1970 1424 2082 1481 aut
2110 1414 2521 1502 impellantur

350 1531 428 1574 813
465 1518 576 1574 aut
632 1509 1052 1575 reflectantur.
1161 1520 1349 1594 atque
1403 1508 1593 1574 etiam
1642 1509 1711 1573 in
1758 1509 1869 1574 illo
1928 1509 2323 1594 reprehendo
2378 1531 2517 1588 eos,

463 1601 591 1686 qui,
629 1623 792 1688 quae
825 1603 1084 1670 minime
1117 1603 1304 1668 firma
1335 1615 1505 1681 sunt,
1542 1625 1619 1668 ea
1649 1601 1855 1689 prima
1892 1602 2249 1681 conlocant3
2283 1602 2352 1666 in
2386 1623 2522 1687 quo

457 1695 604 1763 illos
641 1719 892 1782 quoque
927 1720 1139 1764 errare
1181 1697 1477 1776 arbitror,
1532 1696 1670 1780 qui,
1726 1696 1782 1760 si
1823 1696 2075 1779 quando
2108 1731 2199 1744 -
2228 1695 2297 1761 id
2342 1695 2517 1780 quod

459 1789 615 1854 mihi
665 1813 1013 1878 numquam
1054 1791 1293 1879 placuit
1323 1827 1417 1840 ·—·
1460 1789 1660 1877 pluris
1707 1789 2008 1856 adhibent
2057 1800 2384 1876 patronos,
2439 1799 2517 1854 ut

461 1882 530 1948 in
565 1906 815 1969 quoque
849 1907 1069 1950 eorum
1102 1884 1433 1948 minimum
1465 1894 1695 1970 putant
1728 1905 1899 1962 esse,
1933 1883 2024 1948 ita
2058 1906 2204 1948 eum
2237 1883 2515 1970 primum

459 1975 684 2042 volunt
717 1978 956 2042 dicere:
991 1999 1093 2042 res
1130 1977 1297 2042 enim
1332 1976 1455 2042 hoc
1488 1977 1787 2063 postulat,
1821 1987 1896 2041 ut
1927 1999 2148 2043 eorum
2182 1985 2517 2063 exspecta-

459 2067 642 2146 tioni,
699 2069 808 2152 qui
859 2068 1150 2145 audiunt,
1206 2089 1399 2152 quam
1450 2069 1774 2134 celerrime
1830 2079 2251 2148 succurratur3
2304 2069 2407 2134 cui
2452 2069 2515 2133 si

455 2159 636 2225 initio
673 2160 1068 2226 satisfactum
1101 2181 1234 2226 non
1268 2160 1378 2240 sit,
1414 2162 1613 2227 multo
1647 2162 1791 2249 plus
1830 2162 1912 2228 sit
1942 2160 2011 2226 in
2042 2163 2281 2246 reliqua
2312 2183 2513 2226 eausa

453 2249 899 2333 laborandum,
951 2253 1119 2319 male
1163 2253 1333 2320 enim
1367 2277 1439 2321 se
1480 2278 1584 2322 res
1638 2255 1859 2336 habet,
1914 2277 2077 2341 quae
2110 2279 2241 2323 non
2272 2253 2509 2334 statim,

342 2369 423 2411 314
455 2358 528 2412 ut
561 2347 686 2413 dici
721 2359 948 2435 coepta
981 2357 1107 2426 est,
1159 2348 1384 2415 melior
1425 2349 1564 2423 fieri
1613 2349 1882 2416 videtur.
1969 2372 2122 2437 ergo
2156 2360 2230 2415 ut
2268 2349 2335 2414 in
2368 2371 2516 2414 ora--

456 2450 592 2507 tore
628 2443 905 2529 optimus
942 2442 1236 2528 quisque,
1291 2442 1385 2508 sio
1418 2443 1487 2508 in
1521 2444 1804 2511 oratione
1844 2443 2275 2509 firmissimum
2310 2443 2512 2528 quod-

455 2559 578 2623 que
615 2538 697 2604 sit
747 2539 1023 2626 primum
1034 2562 1053 2617 3
1109 2538 1262 2603 dum
1296 2537 1457 2603 illud
1507 2548 1721 2605 tamen
1762 2538 1831 2605 in
1881 2549 2148 2623 utroque
2200 2547 2511 2613 teneatur,

455 2643 529 2695 ut
561 2654 666 2711 ea,
720 2654 882 2716 quae
917 2632 1256 2711 excellent,
1311 2643 1642 2698 serventur
1694 2631 1885 2698 etiam
1920 2633 2003 2697 ad
2052 2632 2508 2719 perorandum3

455 2725 512 2788 si
547 2745 674 2809 qua
707 2737 891 2791 erunt
921 2725 1290 2804 mediocria,
1325 2748 1478 2791 nam
1511 2725 1757 2791 vitiosis
1792 2747 2108 2811 nusquam
2142 2747 2287 2791 esse
2320 2746 2511 2810 opor-

455 2827 548 2883 tet
577 2818 816 2897 locum,
868 2819 938 2883 in
986 2818 1262 2883 mediam
1303 2820 1555 2885 turbam
1590 2830 1777 2902 atque
1812 2820 1879 2884 in
1920 2840 2185 2905 gregem
2236 2817 2513 2883 coician-

338 2936 417 2979 815
453 2920 575 2975 tur.
663 2911 840 2977 hisce
884 2912 1179 2978 omnibus
1222 2912 1419 2978 rebus
1474 2912 1888 2979 consideratis
1942 2922 2077 2977 tum
2112 2910 2382 2996 denique
2414 2909 2511 2989 id,

453 3004 625 3089 quod
656 3004 933 3091 primum
967 3016 1067 3070 est
1102 3002 1471 3082 dicendum,
1526 3016 1921 3093 postremum
1972 3005 2151 3071 soleo
2203 3004 2511 3090 cogitare,

451 3119 578 3181 quo
629 3110 772 3163 utar
823 3098 1104 3164 exordio.
1191 3120 1342 3163 nam
1385 3098 1443 3163 si
1494 3098 1746 3183 quando
1786 3098 1856 3164 id
1897 3098 2171 3185 primum
2221 3096 2506 3163 invenire

452 3190 651 3269 volui,
687 3190 930 3255 nullum
964 3190 1120 3255 mihi
1155 3191 1428 3258 occurrit
1458 3192 1581 3263 nisi
1618 3203 1729 3257 aut
1760 3192 1923 3257 exile
1960 3202 2069 3257 aut
2102 3190 2509 3280 nugatorium

349 3298 417 3353 78
453 3294 562 3348 aut
595 3284 856 3371 volgare
893 3295 1005 3350 aut
1038 3308 1390 3353 commune.
1461 3285 1771 3373 principia
1805 3296 2017 3352 autem
2052 3286 2301 3353 dicendi
2336 3307 2507 3351 sem-

446 3400 564 3463 per
615 3398 760 3443 cum
813 3378 1116 3445 adcurata
1149 3391 1214 3445 et
1266 3390 1455 3445 acuta
1488 3390 1553 3445 et
1584 3379 1892 3445 instructa
1942 3380 2298 3459 sententiiS,
2354 3389 2507 3465 apta

447 3470 690 3550 verbis,
746 3482 880 3535 tum
915 3495 1066 3539 vero
1112 3494 1449 3539 causarum
1500 3472 1757 3560 propria
1802 3496 1945 3539 esse
1982 3474 2244 3552 debent3
2294 3472 2506 3559 prima

447 3573 549 3627 est
581 3564 752 3629 enim
803 3565 987 3649 quasi
1041 3566 1317 3652 cognitio
1354 3576 1420 3632 et
1453 3566 1915 3633 commendatio
1965 3576 2185 3633 nostra
2214 3566 2284 3631 in
2326 3563 2506 3651 prin-

447 3654 639 3743 cipio,
693 3679 982 3742 quaeque
1021 3659 1317 3724 continuo
1354 3682 1528 3737 eum,
1582 3658 1690 3742 qui
1722 3658 1925 3738 audit,
1978 3660 2369 3747 permulcere
2406 3672 2509 3725 at-

332 3774 412 3817 sxe
449 3771 574 3833 que
625 3751 896 3816 adlicere
951 3751 1168 3829 debet3
1219 3752 1289 3816 in
1323 3775 1451 3836 quo
1487 3753 1781 3819 admirari
1818 3753 1991 3820 soleo
2024 3776 2157 3821 non
2205 3752 2507 3838 equidem

443 3842 633 3922 istos,
689 3844 797 3927 qui
831 3844 1070 3909 nullam
1124 3844 1273 3909 huie
1304 3846 1401 3911 rei
1434 3867 1694 3933 operam
1747 3847 2083 3925 dederunt,
2138 3847 2254 3912 sed
2296 3846 2505 3912 homi-

443 3955 594 3999 nem
623 3935 694 4001 in
725 3936 946 4021 primis
984 3937 1288 4002 disertum
1323 3950 1511 4022 atque
1550 3939 1891 4018 eruditum,
1938 3940 2334 4026 Philippum,
2389 3937 2502 4023 qui

440 4022 536 4087 ita
569 4025 732 4089 solet
766 4049 1028 4114 surgere
1061 4030 1145 4093 ad
1179 4030 1543 4111 dicendum,
1596 4042 1671 4097 ut
1703 4033 1874 4117 quod
1906 4033 2180 4120 primum
2233 4032 2507 4097 verbum
