2784 4575
998 286 1112 329 PER
1146 243 1340 329 ANNCS
1373 283 1649 328 DIGESTA.
2230 278 2425 324 XXIX

560 562 692 617 beio
728 559 944 615 homini
969 560 1031 615 in
1065 560 1434 631 adoptionem
1475 560 1739 629 dederat,
1776 562 1851 613 ad
1884 560 2113 631 plebem
2146 566 2257 615 tra-

562 630 778 685 ducitzl
821 644 896 685 ne
923 635 1042 685 tum
1079 630 1308 700 quidem
1335 627 1535 683 Cicero
1574 629 1673 699 leg
1736 628 1923 683 ‘onem
1949 646 1987 683 a
2011 626 2259 685 Caesare

561 699 672 754 sibi
701 698 954 753 oblatam
987 698 1214 767 accipit.
1285 696 1507 751 Eodem
1544 712 1694 751 anno
1780 696 2069 753 hei-mum
2104 702 2163 752 et
2188 696 2258 751 L.

559 766 854 824 Valerium
871 766 1143 821 Flaccum
1163 760 1437 821 defendit.

630 833 862 889 Caesari
881 833 1102 889 consuli
1115 874 1130 902 ,
1165 832 1468 904 rogatione
1486 832 1553 889 P.
1570 831 1789 889 Vatinii
1804 834 1936 889 trib.
1955 834 2051 903 pL,
2080 832 2259 887 invito

565 908 792 971 senatu,
835 902 1028 959 Gallia
1057 902 1288 957 citerior
1311 918 1441 956 cum
1458 900 1693 973 Illyrico
1723 908 1781 956 et
1807 902 1991 957 tribus
2018 901 2259 972 legioni-

563 973 750 1027 busin
769 970 1218 1042 quinquennium
1236 970 1586 1039 decernitur,
1625 985 1739 1041 quo
1766 971 1927 1025 facto
1958 976 2187 1025 senatus
2208 970 2261 1023 ei

565 1040 815 1095 Galliam
848 1040 1174 1095 ulteriorem
1209 1056 1338 1093 cum
1375 1038 1491 1093 alia
1526 1038 1755 1109 legione
1784 1039 1961 1094 addit.
2032 1040 2101 1093 P.
2131 1037 2259 1092 Clo-

565 1108 692 1164 dius
731 1106 974 1163 comitiis
1007 1107 1330 1163 tribuniciis
1365 1107 1500 1161 trib.
1534 1108 1613 1176 pl.
1651 1106 1986 1179 designatur
2022 1122 2263 1177 eumque

563 1176 911 1233 tribunatum
929 1176 1262 1231 aditm'ense
1280 1174 1607 1231 Decembri.

565 1242 725 1300 Coss.
793 1246 860 1299 L.
880 1246 1202 1326 Calpurnius
1219 1244 1344 1298 Piso
1365 1246 1715 1312 Caesoninus,
1752 1245 1819 1297 A.
1846 1244 2116 1299 Gabinius.

633 1312 868 1368 Clodius
913 1315 1047 1368 trib.
1086 1314 1162 1383 pl.
1200 1312 1360 1383 leges
1406 1311 1540 1366 tulit
1583 1312 1632 1365 1.
1666 1318 1733 1366 ut
1773 1312 2119 1367 frumentum
2206 1328 2263 1366 0-

562 1381 704 1453 pulo
740 1382 924 1453 gratis
959 1383 1206 1449 daretur,
1244 1382 1294 1435 2.
1329 1396 1405 1436 ne
1444 1380 1575 1450 quis
1598 1396 1705 1449 per
1732 1397 1835 1435 eos
1871 1380 2019 1444 dies,
2058 1380 2155 1449 qui
2198 1397 2266 1433 ns

568 1467 697 1505 cum
722 1450 940 1519 populo
971 1450 1068 1519 agi
1097 1450 1322 1517 liceret,
1361 1450 1435 1503 de
1460 1448 1623 1502 caelo
1652 1454 1907 1503 servaret
1968 1448 2020 1501 3.
2052 1449 2124 1502 de
2154 1448 2267 1503 col-

566 1518 734 1586 legiis
759 1516 1126 1595 restituendis
1155 1516 1318 1569 novis
1361 1532 1437 1569 ue
1470 1516 1865 1585 instituendis,
1900 1488 1952 1570 4.
1988 1532 2061 1569 ne
2100 1531 2268 1595 quem

517 1646 524 1651 ,
569 1600 838 1639 censores
857 1601 917 1637 1n
937 1589 1140 1638 senatu
1157 1584 1328 1653 legen
1371 1600 1407 1637 o
1425 1584 1803 1653 praeterirent
1818 1600 1962 1638 neve
1974 1600 2089 1653 qua
2106 1600 2267 1654 igno·

568 1650 743 1705 minia
761 1649 1085 1716 afficerent,
1113 1650 1225 1705 nisi
1244 1651 1344 1721 qui
1363 1650 1520 1721 apud
1540 1666 1641 1703 eos
1660 1656 1963 1705 accusatus
1984 1656 2044 1705 et
2060 1653 2265 1705 utrius-

571 1734 684 1790 que
705 1718 958 1773 censoris
988 1719 1272 1773 sententia
1292 1719 1593 1773 damnatus
1622 1724 1791 1773 esset.
1862 1720 2171 1773 Praeterea
2188 1720 2268 1773 le-

570 1804 702 1859 gem
739 1787 898 1857 tulit,
931 1791 1023 1855 ut,
1060 1786 1159 1858 qui
1195 1788 1374 1841 civem
1411 1786 1729 1840 Romanum
1763 1786 2150 1841 indemnatum
2185 1786 2267 1840 in-

571 1854 916 1924 teremisset,
955 1856 1008 1909 ei
1035 1872 1187 1926 aqua
1213 1860 1272 1911 et
1296 1855 1418 1926 igni
1438 1855 1887 1910 interdiceretur.
1960 1854 2087 1919 Quo
2108 1854 2265 1909 facto

571 1922 770 1979 Cicero
791 1930 1008 1979 vestem
1025 1930 1208 1979 mutat
1273 1929 1334 1979 et
1351 1923 1679 1977 sordidatus
1694 1924 1913 2005 populo
1934 1923 2271 1993 supplicat.8

571 1992 742 2073 Multi
779 2000 1072 2047 senatores
1117 1998 1177 2046 et
1211 1964 1330 2047 XX
1363 1990 1519 2046 milia
1560 1991 1853 2072 nominum
1900 1990 2166 2072 aliorum,
2210 1992 2269 2045 in

571 2078 766 2132 prunis
787 2078 818 2117 e
861 2061 1009 2115 uites
1027 2060 1148 2129 fere
1169 2077 1392 2129 omnes,
1429 2065 1697 2115 vesi-,imm
1725 2065 1998 2115 mutant.⁴¹
2067 2058 2267 2115 Cleero

571 2145 768 2185 mense
849 2128 994 2185 artie
1021 2134 1274 2185 extremo
1301 2130 1443 2183 urbe
1473 2128 1677 2185 cedit.⁵
1747 2130 1893 2183 Post
1918 2128 2041 2183 eius
2062 2129 2269 2186 disces-

575 2216 696 2253 sum
734 2196 972 2253 Clodius
1009 2197 1080 2252 de
1117 2198 1240 2253 eius
1277 2197 1479 2253 exsilio
1516 2196 1592 2251 ad
1626 2198 1903 2268 populum
1938 2196 2119 2251 refert
2152 2198 2269 2252 edi-

575 2272 838 2348 ctumque
873 2267 1166 2337 proponit,
1205 2272 1270 2322 ut
1303 2266 1390 2320 illi
1418 2282 1573 2348 aqua
1607 2272 1666 2321 et
1691 2266 1813 2337 igni
1839 2265 2272 2322 interdiceretur

575 2341 633 2390 et
649 2353 721 2390 ne
739 2341 890 2390 mtra
919 2335 1337 2407 quadringenta
1361 2335 1521 2388 miha
1542 2351 1811 2404 passuum
1840 2335 1892 2390 ei
1912 2335 2111 2390 liceret
2129 2351 2271 2389 esse.

572 2404 799 2458 Deinde
819 2403 1110 2459 Ciceronis
1131 2406 1357 2460 domum
1375 2403 1435 2458 in
1452 2403 1681 2459 Palatio
1694 2443 1710 2471 ,
1747 2403 1886 2458 item
1912 2403 2106 2457 villam
2125 2404 2272 2456 Tus-

572 2473 839 2528 culanam
859 2479 918 2528 et
933 2472 1292 2527 Formianum
1309 2471 1583 2540 incendit,
1611 2472 1769 2526 bona
1786 2467 2045 2552 diripim-
2068 2470 2271 2526 Cicero

572 2541 884 2609 Vibonem,
922 2541 1229 2608 Thurium,
1265 2540 1604 2618 Tarentum,
1640 2538 2005 2593 Brundisium
2032 2540 2181 2608 petit
2214 2545 2275 2593 et

526 2639 528 2643 ·
573 2609 632 2662 X
661 2608 794 2662 Kal.
815 2609 945 2662 Iun.
971 2608 1445 2662 Thessalonicam
1474 2612 1668 2660 vemt-..⁷
1728 2607 1873 2661 Inde
1902 2623 2028 2660 cum
2057 2607 2111 2660 ei
2140 2625 2167 2658 s
2246 2624 2272 2660 s

575 2676 792 2730 reditus
821 2675 978 2730 faeta
1007 2680 1186 2742 esset,
1221 2677 1276 2729 D
1377 2673 1645 2728 bachium
1672 2675 1823 2727 redit
1849 2674 2003 2727 circa
2019 2674 2120 2730 VI.
2200 2674 2272 2728 al.

577 2744 720 2798 Dec.
750 2781 754 2784 »
792 2741 859 2806 Q.
877 2741 1060 2796 frater
1085 2750 1218 2796 ante
1331 2743 1369 2794 1.
1387 2741 1573 2796 Maias
1590 2740 1731 2795 Asia
1756 2741 2051 2810 provincia
2078 2743 2271 2798 deces-

580 2811 654 2864 sit
717 2827 886 2881 quam
903 2825 1007 2880 per
1024 2810 1327 2864 triennium
1345 2809 1684 2864 obtinuerat.
2118 2829 2123 2833 ·

649 2849 926 2933 Cicerone
946 2878 1184 2948 expulso
1205 2876 1441 2932 Clodius
1469 2878 1522 2932 le
1566 2893 1654 2930 em
1684 2876 1817 2930 tulit
1834 2878 1905 2932 de
1919 2877 2272 2948 Ptolemae0‚

577 2963 714 3017 rege
743 2943 944 3016 Cypri,
981 2950 1045 3000 ut
1070 2947 1226 3000 bona
1261 2946 1384 3000 eius
1411 2946 1528 3016 pub
1554 2945 1840 3000 icarentur
1868 2952 1925 3000 et
1949 2963 2186 3017 regnum
2214 2947 2275 3000 in

576 3015 904 3139 grovinciae
950 3013 1190 3069 formam
1234 3014 1616 3084 redigeretur-3
1662 3014 1819 3086 quod
1861 3015 2155 3085 negotium
2198 3015 2275 3068 M.

625 3083 782 3139 atoni
799 3081 1128 3138 mandatum
1145 3088 1250 3138 est.
2127 3138 2129 3140 ,

267 3156 368 3212 697
439 3153 506 3210 57
581 3152 742 3210 Coss.
813 3152 880 3207 P.
909 3152 1183 3276 Οοῆηοὶἒιόε
1209 3152 1464 3205 Lentulus
1490 3151 1750 3220 Spinther,
1792 3149 1853 3211 Q.
1876 3150 2133 3204 Caecilius
2158 3151 2274 3204 Me·
2343 3147 2415 3203 50

921 3229 969 3274 te
1015 3238 1077 3274 us
1157 3240 1186 3274 e
1225 3239 1298 3274 os.

646 3288 928 3344 Kalendis
953 3238 1230 3344 Ianuariis
1248 3289 1533 3343 Lentulus
1561 3286 1833 3358 Spinther
1860 3303 1980 3342 cos.
2013 3287 2087 3340 de
2112 3303 2277 3342 revo-

581 3358 766 3412 cando
788 3355 1062 3413 Cicerone
1091 3357 1151 3411 in
1179 3365 1382 3412 senatu
1410 3372 1585 3437 agere
1614 3357 1833 3436 coepit,
1872 3353 2274 3410 adiuvantibus

579 3425 701 3482 fere
737 3425 1002 3480 omnibus
1037 3425 1282 3481 tribunis
1317 3425 1534 3495 plebis,
1571 3423 1631 3478 in
1706 3441 1863 3478 nmis
1898 3425 1963 3478 P.
1992 3421 2181 3478 Sestio
2218 3431 2277 3477 et

582 3495 653 3548 T.
688 3492 882 3548 Annio
917 3494 1158 3550 Milone.
1229 3493 1338 3548 His
1375 3493 1579 3547 studiis
1614 3509 1645 3547 e
1691 3499 1879 3546 ectum
1914 3497 2027 3560 est,
2063 3497 2128 3546 ut
2160 3491 2273 3561 pri—

579 3579 732 3616 mum
759 3560 968 3617 SCtum
1000 3561 1166 3618 fieret
1201 3561 1273 3618 de
1311 3561 1433 3616 eius
1470 3561 1683 3628 salute,
1721 3559 1927 3616 deinde
1968 3562 2061 3614 lex
2097 3560 2168 3614 de
2204 3575 2273 3612 eo

581 3632 906 3686 revocando
925 3632 1004 3686 ad
1020 3631 1296 3702 populum
1313 3630 1435 3685 lata
1450 3629 1595 3700 prid.
1610 3629 1806 3684 Nonas
1820 3629 2017 3684 Sextil.
2028 3625 2273 3682 omnium

584 3699 962 3754 centuriarum
984 3716 1266 3780 consensu
1291 3699 1519 3770 perlata
1544 3701 1684 3752 est.8
1726 3697 1946 3754 Eodem
1964 3695 2055 3750 die
2074 3693 2273 3750 Cicero

2332 1240 2401 1296 49

684 3857 708 3895 1
745 3855 799 3894 ds
818 3865 938 3905 prov.
959 3867 1078 3897 cons.
1099 3859 1165 3897 42.
1195 3857 1250 3896 ad
1267 3857 1363 3897 Att.
1381 3857 1418 3896 1.
1440 3857 1506 3904 18,
1527 3857 1567 3896 4.
1596 3855 1658 3896 ib.
1676 3855 1735 3894 IL
1754 3855 1820 3902 1⁹,
1840 3855 1879 3893 4.
1898 3853 1975 3892 IX.
1994 3853 2037 3891 2.
2139 3852 2165 3892 2
2199 3861 2276 3900 pro

581 3907 737 3948 Flacco
755 3907 821 3946 98.
925 3907 952 3947 8
979 3910 1036 3948 cf.
1054 3909 1108 3948 ad
1127 3909 1221 3948 Att.
1239 3907 1320 3947 111.
1339 3909 1405 3955 15,
1425 3909 1465 3947 5.
1571 3909 1597 3946 4
1622 3917 1701 3957 pro
1720 3905 1861 3945 Sestio
1880 3905 1946 3944 32.
2052 3904 2077 3942 5
2104 3913 2277 3942 omnem

581 3960 796 3998 rationem
823 3959 928 3998 fecti
955 3963 1000 3998 et
1035 3961 1206 3999 consilii
1242 3961 1310 3999 sul
1336 3961 1541 4008 exposuit
1568 3957 1721 3997 Cicero
1749 3965 1827 4005 pro
1854 3956 1967 3996 sest.
1994 3955 2163 3994 36—49.
2198 3965 2277 4004 pro
2352 3963 2359 3969 ·

584 4011 731 4050 Plane.
753 4011 922 4052 86-91.
949 4011 998 4050 in
1015 4012 1218 4052 Pisonem
1237 4012 1302 4050 18.
1424 4013 1451 4050 6
1474 4020 1555 4060 pro
1574 4009 1687 4048 sest.
1707 4009 1772 4047 54.
1894 4005 1919 4047 7
1946 4017 2023 4057 pro
2040 4005 2188 4046 Plane.
2210 4007 2275 4045 99.

583 4065 608 4102 8
633 4072 712 4112 pro
731 4063 842 4102 sest.
863 4063 1030 4103 67-87.
1051 4064 1272 4103 llo—128.
1291 4063 1513 4102 128—132.
1541 4062 1587 4100 in
1605 4061 1807 4100 Pisonem
1825 4059 1892 4100 34.
