2784 4575
883 238 1214 298 ‘ORATOR
1248 242 1563 299 192—199.
2138 232 2271 299 325

109 361 112 400 ³
158 364 612 445 dissolutum,
663 374 736 431 ut
784 375 1202 453 pervagatum
1255 387 1330 431 ac
1372 365 1635 452 volgare
1686 365 1977 433 videatur
1983 392 2005 446 3
2056 378 2130 433 ut
2180 372 2273 437 ab*

109 458 113 496 ⁵
159 461 400 527 altero
433 482 566 527 non
609 460 951 539 delectere,
1007 460 1276 526 alterum
1319 460 1559 537 oderis:
1614 460 1698 525 sit
1737 460 1932 547 igitur
1962 471 2037 526 ut
2071 484 2265 549 supra
2298 495 2377 535 196

107 553 113 590 ³
159 554 354 634 dixi,
417 552 760 643 [permixta
793 564 858 620 et
903 564 1255 641 temperata
1305 553 1585 618 numeris
1620 574 1741 619 nec
1786 553 2099 621 dissoluta
2146 578 2267 622 nec

107 651 114 688 f
165 660 327 715 tota
363 646 762 736 numerosa‚]
799 670 1042 735 paeane
1076 646 1374 725 maxime,
1412 647 1711 731 quoniam
1737 648 2011 735 optimus
2049 660 2267 717 auctor

109 745 113 782 f
165 743 276 807 ita
315 754 561 821 censet,
599 742 717 807 sed
747 741 1006 825 reliquis
1044 739 1236 807 etiam
1269 740 1571 818 numeris,
1609 762 1771 826 quos
1804 742 1913 808 ille
1944 743 2269 831 praeterit,

107 841 114 880 ⁵
166 848 572 923 temperata.

109 935 112 962 ¹
311 929 506 1012 Quos
543 940 757 995 autem
789 950 1086 994 numeros
1125 950 1273 993 cum
1308 928 1539 1013 quibus
1575 938 1897 1013 tamquam
1922 952 2267 1019 purpuram
2301 949 2371 1004 58

169 1022 454 1087 misceri
497 1031 802 1109 oporteat,
846 1042 1016 1087 nunc
1060 1022 1399 1087 dicendum
1440 1032 1540 1087 est
1578 1033 1769 1108 atque
1798 1024 2003 1090 etiam
2038 1025 2267 1109 quibus

109 1130 113 1168 :
169 1116 510 1184 orationis
547 1115 888 1205 generibus
925 1115 1054 1182 sint
1087 1116 1320 1201 quique
1357 1116 2023 1185 adcommodatissimi.
2109 1118 2271 1185 iam-

109 1227 110 1230 ’
179 1213 318 1277 bus
377 1210 552 1276 enim
603 1210 1157 1295 ‘frequentissimus
1213 1222 1312 1277 est
1351 1211 1424 1276 in
1458 1211 1580 1291 eis,
1634 1234 1798 1297 quae
1850 1213 2129 1280 demisso
2175 1224 2271 1279 at-

175 1328 320 1389 que
355 1303 581 1370 humili
627 1326 918 1371 sermone
965 1304 1284 1384 dicuntur3
1337 1328 1547 1391 paean
1600 1317 1812 1372 autem
1844 1306 1913 1372 in
1948 1306 2268 1397 ampliori-
2302 1336 2379 1377 ιιι

180 1400 349 1476 bus,
403 1397 472 1463 in
523 1408 794 1482 utroque
849 1398 1168 1485 dactylus3
1231 1398 1448 1483 itaque
1498 1398 1567 1464 in
1620 1399 1795 1465 varia
1846 1410 1911 1467 et
1958 1410 2269 1489 perpetua

177 1492 483 1559 oratione
517 1491 586 1555 hi
621 1501 770 1566 sunt
801 1490 966 1559 inter
1003 1516 1074 1559 se
1108 1492 1419 1558 miscendi
1452 1505 1519 1559 et
1552 1495 1975 1602 temperandi.
2020 1496 2115 1561 sic
2146 1494 2267 1561 mi-

184 1586 366 1651 nime
404 1584 941 1652 animadvertetur
992 1586 1429 1652 delectationis
1475 1586 1831 1697 aucupium·
1850 1598 1916 1654 et
1950 1588 2268 1672 quadran-

183 1680 316 1745 dae
353 1678 658 1745 orationis
693 1679 1037 1760 industria3
1094 1702 1256 1765 quae
1291 1680 1515 1745 latebit
1548 1704 1625 1747 eo
1659 1680 1899 1767 mag-ie,
1936 1682 1995 1746 si
2026 1690 2095 1747 et
2125 1702 2269 1747 ver-

171 1775 424 1839 ·borum
487 1785 552 1839 et
611 1773 1070 1841 sententiarum
1136 1773 1527 1862 ponderibus
1586 1784 1869 1853 utemur3
1939 1796 2091 1839 nam
2160 1774 2271 1858 qui

187 1868 463 1933 audiunt
513 1867 674 1934 haec
731 1868 888 1947 duo,
943 1869 1454 1935 animadvertunt
1506 1878 1573 1933 et
1621 1867 1899 1933 iucunda
1951 1866 2073 1933 sibi
2124 1890 2272 1933 sen-

190 1962 382 2041 tiunt,
418 1963 618 2029 verba
651 1964 794 2030 dico
831 1974 898 2029 et
931 1963 1300 2043 sententias,
1338 1985 1540 2048 eaque
1568 1964 1721 2029 dum
1747 1962 1973 2029 animis
2010 1962 2267 2029 attentis

187 2056 584 2123 admirantes
627 2057 982 2145 excipiunt,
1019 2057 1188 2144 fugit
1225 2079 1338 2123 eos
1376 2068 1443 2122 et
1473 2057 1901 2145 praetervolat
1932 2054 2267 2137 numerus3

155 2150 310 2235 «qui
355 2162 569 2217 tamen
615 2152 672 2217 si
706 2152 1003 2231 abesset,
1053 2152 1164 2217 illa
1205 2150 1350 2240 ipsa
1401 2150 1611 2217 minus
1658 2150 2063 2217 delectarent.
2148 2171 2270 2216 nec
2306 2176 2383 2217 198

197 2265 353 2310 vero
386 2244 442 2310 is
483 2266 704 2312 cursus
740 2258 842 2313 est
875 2269 1284 2314 numerorum
1314 2280 1405 2322 ·.-
1440 2244 1741 2313 orationis
1777 2245 1949 2326 dico,
1976 2252 2137 2312 'nam
2170 2255 2271 2312 est

197 2339 391 2424 longe
443 2339 626 2405 aliter
667 2340 736 2403 in
782 2342 1094 2421 versibus,
1129 2377 1220 2389 —
1280 2340 1438 2405 nihil
1472 2351 1545 2406 ut
1593 2341 1708 2406 fiat
1749 2351 1932 2407 extra
1978 2340 2267 2418 modum3

199 2454 354 2496 nam
384 2430 452 2496 id
494 2432 750 2516 quidem
799 2444 974 2498 esset
1013 2439 1243 2520 poema
1250 2457 1270 2511 3
1325 2433 1443 2498 sed
1484 2433 1690 2500 omnis
1744 2456 1865 2499 nec
1907 2432 2268 2498 claudicans

201 2546 327 2590 nec
367 2525 550 2610 quasi
590 2525 904 2590 fluctuans
961 2527 1078 2592 sed
1133 2525 1483 2610 aequaliter
1534 2536 2024 2611 constanterque
2058 2525 2271 2612 ingre-

201 2619 386 2694 diens
418 2641 764 2685 numerosa
795 2616 1066 2685 habetur
1119 2619 1350 2699 oratio3
1412 2629 1603 2702 atque
1636 2619 1705 2684 id
1736 2619 1807 2684 in
1849 2617 2116 2684 dicendo
2151 2641 2271 2683 nu-

206 2734 526 2778 merosum
573 2721 861 2801 putatur,
912 2733 1044 2778 non
1095 2712 1270 2797 quod
1331 2721 1537 2779 totum
1588 2722 1840 2778 constat
1880 2734 1918 2778 e
1966 2711 2268 2789 numeris,
2359 2753 2365 2758 ›-

207 2805 328 2871 sed
359 2807 530 2892 quod
572 2807 658 2873 ad
701 2829 1000 2874 numeros
1053 2805 1342 2896 proxime
1386 2805 1662 2885 accedit3
1717 2827 1842 2890 quo
1878 2805 2071 2872 etiam
2104 2804 2273 2870 diffi-

207 2900 387 2965 cilius
449 2911 550 2967 est
603 2901 890 2968 oratione
941 2900 1038 2966 uti
1090 2923 1282 2986 quam
1333 2899 1623 2966 versibus
1634 2947 1657 2979 ,
1692 2899 1881 2985 quod
1922 2899 2047 2964 illis
2101 2910 2275 2964 certa

208 2996 524 3080 quaedam
553 3007 620 3063 et
654 2997 920 3063 definita
951 2996 1060 3062 lex
1093 3005 1232 3076 est,
1279 3009 1494 3082 quam
1516 2994 1715 3105 sequi·
1730 2994 1822 3060 sit:
1856 3015 2151 3072 necesse3
2202 2993 2273 3058 in

210 3091 476 3158 dicendo
531 3101 748 3158 autem
798 3089 958 3157 nihil
1011 3101 1112 3157 est
1159 3087 1589 3178 propositum,
1650 3087 1787 3154 nisi
1822 3092 1918 3154 ιιι
1947 3110 2031 3177 ne
2080 3086 2271 3152 nimis

214 3186 534 3252 moderata
581 3197 650 3253 et
699 3197 976 3274 angusta
1023 3196 1134 3252 aut
1189 3183 1502 3251 dissoluta
1552 3195 1619 3250 et
1666 3183 1869 3250 fluens
1924 3182 2009 3248 sit
2050 3181 2269 3248 oratio.

211 3279 422 3362 itaque
471 3301 601 3345 ιιοιι
651 3291 802 3344 sunt
849 3279 918 3345 in
970 3303 1049 3346 ea
1099 3291 1425 3364 tamquam
1482 3277 1725 3344 nbicini
1792 3275 2275 3364 percussionum

218 3371 412 3450 modi,
477 3371 594 3437 sed
641 3367 944 3439 universa
1009 3372 1495 3461 comprehensio
1546 3384 1612 3444 et
1664 3370 1909 3460 species
1972 3369 2271 3436 orationis

217 3463 430 3530 clausa
480 3475 546 3532 et
597 3465 934 3532 terminata
998 3477 1127 3546 est,
1191 3467 1367 3550 quod
1426 3466 1753 3555 voluptate
1812 3463 2059 3530 aurium
2108 3462 2275 3528 iudi-

221 3570 411 3626 catur.

339 3651 516 3720 Solet
551 3663 764 3720 autem
790 3653 1008 3738 quaeri
1043 3662 1259 3720 totone
1292 3653 1360 3717 in
1387 3652 1630 3720 ambitu
1655 3653 1994 3720 verborum
2026 3650 2273 3717 numeri
2306 3645 2375 3702 59

223 3747 472 3813 tenendi
524 3747 654 3814 sint
705 3769 788 3812 an
838 3746 908 3812 in
955 3746 1178 3834 primis
1234 3746 1522 3835 partibus
1584 3746 1773 3832 atque
1823 3746 1893 3812 in
1942 3743 2269 3812 extremis·
2308 3717 2385 3759 ¹⁹⁹

231 3840 496 3927 plerique
531 3841 701 3908 enim
745 3853 1008 3908 censent
1044 3841 1271 3908 cadere
1313 3851 1563 3906 tantum
1599 3862 1937 3908 numerose
1980 3850 2272 3928 oportere

227 3934 657 4021 terminarique
711 3936 1106 4003 sententiam.
1194 3946 1296 4002 est
1327 3945 1571 4015 autem,
1623 3946 1697 4001 ut
1734 3935 1805 4002 id
1843 3933 2119 4000 maxime
2163 3933 2273 3998 de-

227 4037 384 4106 ceat,
420 4051 548 4095 non
581 4040 652 4095 ut
687 4029 892 4098 solum
901 4055 922 4111 3
957 4030 1290 4118 ponendus
1327 4039 1427 4099 est
1460 4029 1631 4097 enim
1662 4029 1768 4096 ille
1804 4027 2106 4108 ambitus,
2141 4049 2274 4094 ιιοιι
