2784 4575
322 0 2755 39 ΤἯ

1911 154 1936 185 Ι

749 294 856 349 DE
891 293 1382 351 INVENTIONE
1418 294 1493 349 11.
1528 294 1771 349 59-62.
2169 282 2292 349 171

231 428 345 482 aut
377 416 532 501 quid
567 417 757 483 statui
777 416 872 482 de
907 440 986 483 ea
1017 438 1088 483 re
1125 417 1482 483 conveniat.
1567 418 1637 483 id
1672 440 1752 483 ex
1786 418 2073 503 partibus
2116 419 2292 497 iuris,
2338 442 2389 485 ει

233 512 314 577 de
349 511 577 595 quibus
621 522 771 598 post
813 510 1151 577 dicendum
1195 522 1323 589 est,
1379 511 1547 577 sumi
1590 513 1909 598 oportebit
1950 523 2015 579 et
2046 513 2298 579 ratioci-

231 605 390 683 nari,
427 606 580 689 quid
611 606 679 671 in
715 606 1025 673 similibus
1060 608 1252 672 rebus
1287 606 1427 671 fieri
1454 606 1675 685 soleat,
1712 617 1777 673 et
1811 607 2047 686 videre,
2083 617 2299 673 utrum

232 699 474 765 malitia
509 700 681 765 aliud
716 712 970 788 agatur,
1010 700 1183 765 aliud
1219 700 1577 779 simuletur,
1623 724 1706 766 an
1742 700 2035 779 stultitia,
2072 724 2155 767 an
2186 724 2301 767 ne-

235 794 651 874 cessitudine,
707 796 880 880 quod
915 793 1038 860 alio
1074 794 1268 860 modo
1311 816 1504 881 agere
1546 816 1676 860 non
1710 795 1943 882 possit,
1998 818 2081 861 an
2116 817 2301 863 occa·

237 888 416 955 sione
469 889 702 977 agendi
755 889 849 955 sic
901 888 986 955 sit
1033 888 1339 955 iudicium
1391 900 1504 954 aut
1554 887 1719 955 actio
1782 890 2151 969 constituta,
2218 914 2300 955 an

231 994 404 1049 recte
449 982 588 1050 sine
640 982 774 1047 ulla
821 1004 894 1048 re
943 981 1083 1047 eius
1135 982 1310 1049 modi
1359 1006 1465 1049 res
1522 994 1766 1069 agatur.
1854 983 2033 1049 locus
2088 995 2301 1049 autem

233 1077 586 1143 eommunis
621 1086 842 1143 contra
876 1098 1050 1155 eum,
1089 1076 1200 1160 qui
1233 1076 1712 1144 translationem
1744 1077 2031 1143 inducet:
2074 1078 2300 1164 fugere

230 1170 536 1235 iudicium
572 1191 647 1235 ac
680 1192 981 1257 poenam,
1027 1171 1180 1255 quia
1213 1192 1447 1237 causae
1490 1170 1741 1238 diffidat
1747 1196 1767 1250 3
1814 1196 1855 1239 a
1887 1171 2299 1239 translatione
2385 1204 2388 1207 ·

232 1275 475 1331 autem:
511 1264 794 1331 omnium
821 1266 959 1331 fore
983 1267 1545 1353 perturbationem,
1584 1266 1640 1333 si
1676 1289 1804 1333 non
1836 1266 1929 1331 ita
1960 1291 2065 1335 res
2102 1292 2299 1355 agan-

231 1370 333 1423 tur
367 1372 435 1427 et
465 1360 534 1426 in
566 1360 870 1427 iudicium
912 1360 1199 1439 veniant,
1255 1382 1382 1445 quo
1415 1373 1605 1449 pacto
1648 1372 1967 1448 oporteat3
2020 1362 2143 1429 hoc
2179 1376 2296 1442 est,

235 1452 293 1517 si
345 1465 456 1518 aut
505 1475 654 1519 cum
705 1477 782 1521 eo
835 1465 1090 1541 agatur,
1144 1477 1421 1539 quocum
1472 1478 1603 1523 non
1654 1466 1971 1542 oporteat,
2024 1468 2135 1523 aut
2176 1458 2301 1523 alia

229 1571 468 1635 poena,
523 1548 647 1615 alio
683 1548 972 1626 crimine,
1027 1549 1150 1616 alio
1185 1561 1500 1635 tempore3
1557 1561 1747 1635 atque
1782 1549 1949 1617 hanc
1990 1552 2301 1618 rationem

233 1643 318 1708 ad
368 1642 910 1729 perturbationem
958 1642 1336 1709 iudiciorum
1387 1644 1673 1709 omnium
1729 1646 2067 1732 pertinere.
2170 1658 2299 1713 tres

231 1736 426 1825 igitur
477 1736 638 1803 haec
689 1736 1203 1816 constitutiones,
1260 1760 1423 1823 quae
1474 1738 1673 1825 partis
1716 1762 1848 1805 non
1898 1740 2163 1819 habent,
2220 1742 2303 1805 ad

231 1832 403 1897 hunc
453 1832 716 1899 modum
750 1833 1208 1899 tractabuntm.
1279 1854 1453 1899 nunc
1494 1833 1860 1921 generalem
1904 1835 2302 1901 constitutio-

229 1948 380 1993 nem
413 1938 481 1993 et
509 1926 710 2014 partis
745 1926 884 1993 eius
921 1926 1417 1995 consideremus.

353 2018 524 2087 Cum
575 2032 643 2087 et
690 2021 862 2087 facto
917 2032 984 2087 et
1031 2020 1189 2088 faeti
1237 2022 1495 2088 nomine
1550 2044 1858 2091 concesso
1910 2045 2117 2108 neque
2169 2023 2301 2089 ulla
2333 2022 2401 2135 ἓξ

231 2116 498 2185 actionis
533 2116 734 2183 inlata
775 2117 1210 2187 controversia
1251 2117 1350 2183 vis
1387 2130 1454 2184 et
1486 2130 1715 2185 natura
1748 2130 1816 2185 et
1848 2141 2053 2205 genus
2096 2118 2300 2207 ipsius

231 2210 472 2298 negotii
510 2212 858 2296 quaeritur,
915 2212 1430 2281 constitutionem
1475 2213 1841 2302 generalem
1885 2212 2299 2302 appellamus.

230 2305 422 2370 huius
455 2306 694 2391 primas
731 2329 876 2374 esse
901 2308 1102 2395 partis
1131 2309 1290 2374 duas
1325 2309 1513 2376 nobis
1540 2309 1743 2374 videri
1770 2308 2065 2388 diximus,
2102 2333 2301 2398 nego-

233 2397 451 2464 tialem
495 2411 558 2464 et
599 2399 1032 2469 iuridicialem.
1118 2403 1458 2490 negotialis
1502 2414 1630 2482 est,
1686 2425 1849 2488 quae
1891 2403 1960 2468 in
2001 2404 2145 2491 ipso
2188 2428 2300 2471 ne-

231 2491 407 2580 gotio
441 2492 595 2558 iuris
633 2493 834 2560 civilis
870 2496 1064 2562 habet
1087 2495 1479 2582 implicatam
1504 2498 2019 2586 controversiam.
2090 2520 2169 2563 ea
2202 2511 2302 2563 est

230 2585 422 2652 huius
475 2587 678 2654 modi:
739 2588 998 2670 quidam
1047 2589 1362 2675 pupillum
1414 2589 1719 2657 heredem
1776 2591 1930 2657 fecit
1937 2616 1957 2668 3
2018 2590 2297 2676 pupillus

233 2690 448 2745 autem
491 2691 640 2744 ante
681 2691 970 2746 mortuus
1017 2693 1144 2759 est,
1199 2703 1392 2764 quam
1432 2683 1503 2748 in
1544 2705 1730 2748 suam
1780 2684 2045 2748 tutelam
2097 2685 2299 2762 venit3

233 2775 314 2838 de
350 2772 701 2839 hereditate
737 2796 842 2851 ea,
897 2796 1061 2857 quae
1103 2775 1348 2861 pupillo
1383 2777 1587 2854 venit,
1639 2777 1805 2842 inter
1848 2798 1990 2855 eos,
2044 2776 2155 2860 qui
2187 2800 2303 2863 pa-

231 2869 348 2934 tris
390 2867 617 2955 pupilli
659 2868 930 2934 heredes
975 2869 1240 2934 secundi
1284 2880 1463 2948 sunt,
1520 2882 1586 2936 et
1617 2870 1783 2936 inter
1826 2871 2138 2958 adgnatos
2183 2895 2302 2958 pu·-

229 2961 369 3050 pilli
403 2962 838 3030 controversia
870 2973 970 3030 est
977 2989 996 3042 3
1031 2964 1359 3051 possessio
1385 2964 1694 3030 heredum
1722 2965 2145 3033 secundorum
2180 2977 2297 3032 est.

231 3057 498 3122 intentio
535 3069 634 3124 est
668 3058 1119 3145 adgnatorum:
1177 3065 1427 3127 ‘nostra
1457 3059 1731 3147 pecunia
1764 3070 1892 3138 est,
1946 3059 2028 3126 de
2062 3082 2190 3145 qua
2220 3061 2299 3138 is,

232 3153 412 3218 cuius
465 3151 728 3238 adgnati
781 3175 1034 3232 sumus,
1089 3163 1362 3220 testatus
1414 3175 1546 3220 non
1598 3153 1741 3220 est.'
1826 3153 2119 3242 depulsio
2171 3167 2299 3222 est:

232 3246 452 3312 ‘immo
505 3257 752 3325 nostra,
807 3247 918 3332 qui
967 3248 1238 3316 heredes
1295 3245 1618 3336 [secundi]
1670 3259 2056 3316 testamento
2098 3250 2298 3337 patris

233 3339 493 3404 sumus?
582 3340 873 3424 quaestio
909 3353 1038 3426 est:
1074 3352 1363 3408 utrorum
1400 3342 1522 3408 sit?
1554 3343 1747 3411 ratio:
1787 3349 1995 3431 ‘pater
2031 3345 2200 3411 enim
2236 3355 2301 3410 et

235 3432 355 3498 sibi
391 3443 456 3498 et
487 3433 618 3500 filio
652 3445 1102 3502 testamentum
1147 3437 1431 3524 scripsit,
1487 3438 1641 3505 dum
1672 3438 1730 3504 is
1773 3439 2053 3526 pupillus
2098 3450 2297 3516 esset3

233 3549 362 3613 qua
392 3549 492 3604 re,
550 3549 712 3611 quae
745 3529 862 3596 filii
895 3531 1182 3611 fuerunt,
1235 3543 1617 3600 testamento
1652 3533 1853 3622 patris
1889 3544 2111 3600 nostra
2142 3533 2302 3598 fiant

231 3643 498 3688 necesse
536 3623 674 3688 est.'
761 3622 1100 3691 infirmatio
1143 3626 1440 3694 rationis:
1496 3627 1719 3694 ‘immo
1760 3639 1943 3714 pater
1988 3626 2111 3692 sibi
2146 3626 2301 3692 scti-

231 3717 364 3804 psit
395 3727 461 3784 et
497 3717 847 3784 secundum
881 3718 1182 3787 heredem
1215 3743 1346 3788 non
1378 3719 1540 3800 filio,
1587 3723 1705 3788 sed
1738 3721 1863 3788 sibi
1904 3720 2093 3788 iussit
2124 3741 2298 3798 esse3

233 3833 360 3894 qua
391 3835 482 3891 re,
519 3824 966 3899 praeterquam
1000 3816 1173 3899 quod
1204 3815 1272 3882 in
1304 3816 1509 3902 ipsius
1536 3816 1677 3894 fuit,
1715 3824 2097 3882 testamento
2128 3812 2299 3879 illius

236 3916 519 3972 vestrum
553 3931 698 3975 esse
734 3931 865 3976 non
897 3911 1150 3996 potest?
1237 3911 1570 3978 iudicatio:
1621 3911 1913 3999 possitne
1962 3909 2299 3995 quisquam

234 3999 316 4066 de
359 4000 474 4064 filii
519 4003 745 4090 pupilli
785 4026 855 4070 re
901 4005 1150 4084 testari3
1206 4031 1288 4072 an
1322 4006 1591 4072 heredes
1638 4005 1901 4072 secundi
1940 4005 2141 4092 ipsius
2184 4029 2301 4092 pa-

231 4093 652 4176 trisfamilias,
705 4121 836 4166 non
886 4099 1000 4166 filii
1045 4122 1298 4186 quoque
1349 4101 1489 4166 eius
1542 4101 1767 4188 pupilli
1818 4100 2085 4168 heredes
2134 4099 2299 4166 sint?
