2784 4575
461 253 546 318 68
1105 260 1185 314 M.
1223 259 1498 317 TULLII
1533 256 1933 316 CICERONIS

461 387 672 452 facere
725 393 1000 470 oportet,
1062 391 1136 446 ut
1188 382 1613 466 eloquentiam
1664 380 1907 459 laudet3
1971 382 2163 447 debet
2212 381 2385 446 enim
2436 383 2522 448 ad

461 502 604 544 eam
635 477 1021 542 laudandam
1052 475 1262 562 ipsam
1294 475 1471 540 illam
1505 474 1831 552 adhibere,
1868 497 2059 558 quam
2090 473 2329 540 laudat.
2404 476 2519 540 sed

457 594 658 658 perge
688 593 906 657 porr03
944 569 1062 636 tibi
1095 568 1264 634 enim
1301 568 1623 634 adsentior
1658 578 1940 634 vestrum
1974 590 2121 634 esse
2155 568 2278 634 hoc
2313 579 2518 635 totum

461 664 692 732 diserte
729 664 965 742 dicere,
1017 663 1210 746 idque
1247 662 1302 728 si
1336 662 1481 747 quis
1513 661 1583 726 in
1619 661 1743 726 alia
1776 672 1911 727 arte
1942 661 2165 746 faciat,
2220 683 2369 727 eum
2406 662 2519 727 ad-

363 783 418 826 40
463 768 715 844 sumpto
752 757 1004 826 aliunde
1039 757 1131 820 uti
1165 757 1355 833 bono,
1390 779 1522 820 non
1554 755 1809 842 proprio
1842 775 1963 820 nec
1999 755 2155 821 suo.’
2227 765 2293 821 et
2320 754 2517 822 Cras-

460 875 570 918 sus
618 857 773 916 ‘nox
816 849 906 916 te'
951 849 1157 935 inquit
1202 848 1413 914 ‘nobis
1424 897 1447 928 ,
1498 847 1773 927 Antoni,
1826 847 2130 934 expolivit
2163 848 2517 915 hominem-

460 966 584 1029 que
643 943 921 1010 reddidit
927 968 948 1022 3
1009 965 1161 1007 nam
1219 941 1518 1007 hesterno
1582 963 1873 1007 sermone
1932 942 2121 1008 unius
2182 943 2514 1008 cuiusdam

459 1039 696 1125 operis,
749 1048 822 1103 ut
864 1037 954 1102 ait
997 1034 1344 1112 Caecilius,
1397 1035 1706 1122 remigem
1748 1034 2023 1120 aliquem
2074 1047 2183 1102 aut
2230 1036 2512 1101 baiulum

458 1132 642 1197 nobis
689 1139 1002 1197 oratorem
1047 1129 1504 1216 descripseram,
1558 1128 1815 1215 inopem
1856 1130 2171 1213 quendam
2222 1129 2515 1195 humani-

460 1226 608 1292 tatis
655 1236 844 1308 atque
885 1221 1306 1289 inurbanum?
1396 1233 1532 1286 tum
1573 1221 1895 1288 Antonius
1951 1221 2115 1288 ‘heri
2166 1222 2325 1288 enim
2341 1223 2357 1250 ’
2410 1224 2511 1288 in-

459 1317 595 1401 quit
639 1317 791 1383 ‘hoc
831 1316 988 1381 mihi
1036 1337 1522 1404 proposueram,
1576 1326 1676 1394 ut,
1732 1315 1789 1381 si
1833 1328 1897 1380 te
1932 1315 2332 1394 refellissem,
2385 1316 2507 1382 hos

459 1410 575 1475 abs
620 1421 685 1476 te
729 1409 1072 1496 discipulos
1115 1409 1525 1487 abducerem;
1577 1429 1776 1487 nunc,
1832 1405 2065 1476 Catulo
2110 1409 2401 1474 audiente
2446 1421 2515 1474 et

461 1501 768 1582 Caesare,
820 1503 1042 1570 videor
1095 1503 1327 1568 debere
1370 1524 1501 1567 non
1544 1511 1675 1566 tam
1726 1523 2013 1590 pugnare
2066 1512 2275 1568 tecum
2319 1524 2511 1587 quam

363 1625 416 1667 41
460 1596 611 1680 quid
642 1597 782 1684 ipse
827 1596 1097 1662 sentiam
1133 1595 1362 1662 dicere.
1434 1595 1715 1681 sequitur
1747 1596 1958 1682 igitur,
1996 1595 2292 1680 quoniam
2325 1595 2510 1660 nobis

458 1703 558 1758 est
589 1691 719 1770 hic,
759 1691 837 1758 de
873 1715 998 1776 quo
1040 1690 1383 1776 loquimur,
1437 1691 1505 1756 in
1539 1691 1679 1758 foro
1716 1701 1904 1774 atque
1937 1691 2006 1754 in
2040 1690 2238 1757 oculis
2278 1690 2511 1756 civium

455 1787 952 1863 constituendus,
988 1795 1060 1850 ut
1093 1786 1443 1862 videamus,
1480 1784 1632 1869 quid
1674 1784 1732 1849 ei
1757 1784 1997 1871 negotii
2024 1785 2245 1850 demus
2282 1783 2511 1868 cuique

455 1904 602 1946 cum
625 1880 873 1945 muneri
893 1879 1163 1944 velimus
1200 1901 1344 1944 esse
1369 1878 1831 1965 praepositum3
1866 1901 2016 1943 nam
2045 1876 2322 1944 Crassus
2352 1879 2508 1957 heri,

455 1997 600 2039 cum
635 1994 771 2050 voe,
810 1970 1038 2038 Catule
1074 1982 1139 2036 et
1165 1969 1427 2048 Caesar,
1462 1994 1592 2036 non
1626 1973 1953 2050 adessetis,
1990 1971 2204 2058 posuit
2233 1972 2510 2038 breviter

454 2068 523 2132 in
575 2066 725 2130 artis
781 2063 1220 2130 distributione
1279 2063 1478 2142 idem,
1543 2065 1713 2149 quod
1767 2063 2001 2131 Graeci
2058 2064 2343 2152 plerique
2394 2088 2511 2150 po-

458 2168 745 2235 suerunt,
789 2177 996 2240 neque
1034 2178 1186 2221 sane
1222 2157 1376 2240 quid
1410 2157 1549 2242 ipse
1585 2157 1873 2236 sentiret,
1920 2159 2035 2224 sed
2078 2157 2232 2243 quid
2266 2159 2348 2224 ab
2382 2159 2507 2224 illis

454 2249 793 2328 diceretur,
839 2249 1142 2317 ostendit:
1198 2251 1322 2318 duo
1357 2250 1565 2338 prima
1596 2273 1834 2340 genera
1866 2252 2307 2337 quaestionum
2343 2274 2507 2332 esse,

451 2345 520 2409 in
555 2343 782 2428 quibus
818 2343 1177 2428 eloquentia
1209 2356 1598 2424 versaretur,
1632 2370 1831 2411 unum
1862 2346 2203 2425 infinitum,
2242 2341 2511 2413 alterum

357 2467 411 2507 42
455 2449 724 2504 certum:
777 2439 1090 2503 infinitum
1124 2437 1281 2504 mihi
1323 2440 1658 2505 videbatur
1708 2440 1777 2505 id
1820 2441 2059 2518 dicere,
2110 2440 2180 2505 in
2222 2462 2348 2524 quo
2393 2440 2511 2505 ali-

453 2532 606 2617 quid
631 2533 982 2620 generatim
1009 2545 1433 2617 quaereretur,
1470 2534 1592 2599 hoc
1618 2534 1833 2599 modo:
1874 2534 2311 2621 expetendane
2336 2546 2511 2601 esset

453 2626 848 2713 eloquentia?
903 2626 1321 2712 expetendine
1357 2628 1671 2692 honores?
1724 2637 1967 2693 certum
2002 2638 2242 2706 autem,
2278 2626 2346 2691 in
2381 2650 2507 2711 quo

453 2723 607 2807 quid
639 2723 706 2789 in
738 2723 1033 2811 personis
1078 2733 1142 2788 et
1175 2723 1241 2787 in
1277 2722 1622 2788 constituta
1652 2744 1724 2787 re
1759 2733 1824 2788 et
1867 2722 2126 2789 definita
2176 2743 2509 2805 quaerere-

453 2829 554 2883 tur
561 2843 581 2896 3
636 2817 814 2883 cuius
851 2818 1025 2883 modi
1061 2828 1237 2895 sunt,
1291 2838 1456 2900 quae
1489 2816 1558 2882 in
1592 2817 1732 2883 foro
1768 2828 1956 2901 atque
1987 2817 2057 2882 in
2091 2817 2324 2883 civium
2359 2837 2509 2882 cau-

357 2933 410 2971 43
456 2911 543 2975 sis
580 2910 1269 2997 disceptationibusque
1313 2920 1666 2977 versantur.
1756 2934 1834 2976 ea
1866 2910 2023 2976 mihi
2072 2911 2364 2976 videntur
2396 2922 2509 2975 aut

449 3003 517 3065 in
567 3002 678 3069 lite
731 3004 970 3068 oranda
1021 3015 1132 3068 aut
1180 3004 1249 3067 in
1300 3004 1564 3071 consilio
1618 3005 1828 3070 dando
1882 3027 2024 3071 esse
2066 3005 2301 3092 posita,
2355 3027 2509 3069 nam

449 3094 608 3158 illud
641 3096 924 3174 tertium,
977 3096 1149 3179 quod
1184 3107 1248 3161 et
1282 3120 1323 3161 a
1358 3095 1603 3163 Crasso
1638 3108 1879 3163 tactum
1912 3108 2013 3164 est
2045 3110 2138 3176 et,
2190 3110 2261 3163 ut
2292 3098 2504 3175 audie,

448 3185 556 3251 ille
599 3186 738 3273 ipse
780 3188 1195 3266 Aristoteles,
1252 3190 1358 3273 qui
1412 3190 1571 3255 haec
1620 3191 1897 3257 maxime
1946 3190 2337 3269 inlustravit,
2390 3190 2507 3255 ad-

446 3278 684 3358 iunxit,
738 3280 986 3346 etiamsi
1022 3304 1181 3369 opus
1219 3292 1344 3361 est,
1398 3283 1607 3349 minus
1645 3298 1743 3351 est
1778 3298 1991 3351 tamen
2032 3284 2503 3353 necessarium?

450 3373 842 3460 ‘quidnam‘i”
879 3375 1084 3459 inquit
1111 3373 1380 3442 Catulus
1419 3382 1529 3443 ‘an
1554 3378 1987 3445 laudationes?
2019 3378 2087 3443 id
2122 3379 2292 3447 enim
2318 3378 2506 3444 video

345 3467 411 3578 fl
447 3469 598 3555 poni
649 3491 853 3556 genus
907 3469 1203 3535 tertium.'
1309 3471 1476 3550 ‘ita,'
1530 3472 1736 3557 inquit
1784 3473 2107 3539 Antonius
2163 3478 2259 3538 ‘et
2308 3470 2376 3535 in
2426 3492 2506 3537 eo

447 3563 703 3647 quidem
745 3586 980 3649 genere
1023 3563 1155 3632 scio
1192 3575 1257 3631 et
1289 3588 1392 3631 me
1432 3576 1495 3632 et
1539 3566 1775 3644 omnis,
1830 3566 1941 3651 qui
1974 3566 2339 3644 adfuerunt,
2394 3564 2509 3629 de-

444 3656 710 3723 lectatos
764 3679 908 3723 esse
960 3658 1397 3737 vehementer,
1451 3681 1595 3725 cum
1640 3683 1679 3725 a
1723 3671 1786 3725 te
1838 3669 1940 3725 est
1969 3660 2250 3746 Popilia,
2302 3669 2509 3725 mater

446 3760 686 3828 vestra,
739 3749 1024 3829 laudata,
1084 3752 1186 3817 cui
1235 3752 1510 3840 primum
1561 3752 1808 3819 mulieri
1860 3754 2029 3820 hunc
2080 3753 2389 3821 honorem
2436 3752 2509 3817 in

443 3855 662 3910 nostra
695 3842 948 3910 civitate
984 3844 1284 3912 tributum
1317 3857 1495 3934 puto.
1584 3849 1699 3913 sed
1730 3871 1861 3914 non
1894 3847 2126 3927 omnia,
2165 3868 2507 3933 quaecum-

446 3957 570 4016 que
619 3936 964 4021 loquimur,
1015 3938 1172 4005 mihi
1222 3940 1519 4007 videntur
1562 3942 1645 4009 ad
1687 3954 1888 4009 artem
1932 3953 1998 4009 et
2040 3940 2124 4008 ad
2164 3951 2507 4030 praecepta

349 4051 404 4091 45
449 4048 590 4091 esse
623 4031 981 4097 revocanda
987 4056 1008 4111 3
1053 4056 1136 4099 ex
1179 4034 1271 4100 eis
1307 4034 1477 4101 enim
1510 4036 1821 4115 fontibus,
1865 4036 2035 4103 unde
2071 4036 2284 4102 omnia
2317 4058 2515 4101 orna-
