2784 4575
713 308 820 365 AD
860 309 1422 368 c.HERENN1UM
1457 311 1593 367 1111.
1628 314 1712 384 60,
1751 316 1834 370 61.
2212 303 2299 370 95

239 443 466 522 parata
501 443 627 511 est,
684 433 800 498 sed
832 442 1102 516 utraque
1135 454 1239 498 res
1277 433 1610 500 coniuncte
1648 447 1710 500 et
1744 437 2007 503 confuse
2044 459 2301 526 compa—

240 538 400 593 rata.
471 538 614 591 ante
651 526 868 592 oculos
903 525 1182 612 ponendi
1220 524 1516 615 [negotii]
1550 549 1743 594 causa
1780 527 2091 615 [sumetur
2128 534 2300 598 simi-

242 620 462 697 litudo,
500 640 645 684 cum
671 618 913 684 dicetur
939 641 1054 705 per
1084 618 1532 707 conlationem]
1565 621 1683 687 sic·
1722 624 1844 688 ‘uti
1880 625 2299 704 citharoedus,

241 735 388 779 cum
418 713 724 800 prodierit
758 713 994 800 optime
1029 712 1326 790 vestitus,
1360 715 1599 800 pallam
1634 717 1986 782 inauratam
2020 720 2299 799 indutus,

240 830 388 873 cum
423 806 757 892 chlamyde
800 828 1120 894 purpurea
1161 807 1351 872 variis
1406 809 1721 875 coloribus
1775 812 2017 877 intexta
2058 824 2123 878 et
2156 834 2300 878 cum

239 924 476 968 corona
515 924 754 990 magna
795 900 1184 986 fulgentibus
1230 901 1500 987 gemmis
1544 902 1941 983 inluminata,
1996 905 2301 971 citharam

238 1006 464 1061 tenens
518 993 1069 1060 exornatissimam
1130 1016 1282 1060 auro
1338 1006 1403 1059 et
1456 995 1644 1062 ebore
1710 997 2099 1076 distinctam,
2161 999 2300 1086 ipse

239 1097 572 1174 praeterea
593 1088 801 1154 forma
826 1098 891 1152 et
917 1087 1128 1173 specie
1166 1087 1248 1152 sit
1283 1098 1348 1152 et
1384 1099 1626 1154 statura
1652 1090 1944 1176 adposita
1978 1093 2061 1156 ad
2094 1092 2303 1178 digni-

241 1191 467 1260 tatem,
521 1181 604 1260 si,
657 1203 801 1247 cum
851 1203 1152 1267 magnam
1201 1182 1441 1267 populo
1495 1185 1905 1249 commoverit
1954 1185 2055 1250 his
2107 1186 2297 1251 rebus
2337 1183 2348 1192 ⁶

237 1275 804 1362 exspectationem,
840 1284 1100 1360 repente
1137 1275 1386 1340 silentio
1422 1276 1592 1342 facto
1626 1299 1849 1344 vocem
1884 1279 2093 1344 mittat
2128 1302 2302 1346 acer-

234 1370 568 1437 bissimam
604 1390 748 1435 cum
783 1369 1148 1457 turpissimo
1194 1371 1474 1457 corporis
1516 1383 1723 1451 motu,
1780 1395 1905 1457 quo
1940 1375 2163 1440 melius
2200 1399 2302 1440 or—

234 1473 425 1530 natus
471 1473 536 1530 et
579 1463 786 1550 magis
831 1463 1023 1528 fuerit
1074 1475 1511 1551 exspectatus,
1566 1486 1641 1531 eo
1683 1467 1890 1553 magis
1945 1467 2191 1534 derisus
2238 1479 2303 1534 et

236 1567 639 1644 contemptus
693 1557 942 1636 eicitur3
994 1556 1174 1635 item,
1233 1558 1290 1622 si
1341 1559 1483 1642 quis
1527 1558 1595 1622 in
1640 1561 1893 1626 excelso
1945 1562 2085 1628 loco
2129 1572 2194 1627 et
2234 1562 2303 1626 in

235 1651 486 1738 magnis
526 1672 601 1716 ac
635 1649 1054 1737 locupletibus
1101 1651 1299 1738 copiis
1337 1651 1701 1718 conlocatus
1756 1654 2045 1719 fortunae
2081 1677 2301 1720 mune—

233 1744 409 1810 ribus
447 1754 513 1809 et
545 1754 810 1809 natiuae
845 1745 1194 1810 commodis
1224 1743 1519 1811 omnibus
1556 1746 1923 1826 abundabit,
1962 1747 2018 1811 si
2051 1747 2299 1812 virtutis

236 1851 302 1906 et
335 1839 584 1916 artium,
622 1859 785 1921 quae
810 1838 1153 1924 magistrae
1180 1837 1429 1904 virtutis
1468 1851 1635 1918 sunt,
1672 1840 1903 1927 egebit,
1941 1862 2067 1924 quo
2094 1841 2299 1928 magis

235 1933 464 1999 ceteris
500 1932 695 1997 rebus
733 1931 851 1996 erit
893 1931 1189 2019 copiosus
1226 1943 1291 1998 et
1323 1932 1607 2000 inlustris
1643 1946 1709 2000 et
1743 1944 2177 2021 exspectatus,
2224 1957 2299 2001 eo

236 2025 675 2092 vehementius
739 2024 988 2090 derisus
1041 2036 1108 2091 et
1167 2036 1564 2114 contemptus
1620 2050 1701 2093 ex
1753 2029 1924 2093 omni
1989 2037 2303 2093 conventu

234 2121 546 2187 bonorum
583 2120 861 2186 cicietur.
950 2119 1072 2184 hoc
1109 2119 1312 2186 simile
1365 2123 1775 2188 exornatione
1825 2123 2157 2207 utriusque
2188 2121 2300 2200 rei,

239 2213 495 2278 alterius
539 2213 801 2279 inertiae
841 2210 1156 2301 [artificis]
1200 2214 1457 2280 alterius
1512 2215 1775 2281 stultitia
1829 2216 2017 2281 simili
2057 2216 2300 2281 ratione

240 2307 510 2385 conlata,
527 2310 666 2373 sub
677 2319 972 2395 aspectus
999 2307 1282 2373 omnium
1316 2331 1453 2373 rem
1483 2310 1777 2388 subiecit3
1815 2311 2054 2376 dictum
2089 2321 2300 2375 autem
2332 2307 2403 2361 48

241 2411 345 2467 est
375 2423 489 2487 per
531 2402 979 2479 conlationem,
1031 2412 1369 2487 propterea
1413 2403 1583 2486 quod
1634 2404 1961 2491 proposita
2012 2380 2368 2469 similitu-⁶

240 2494 388 2561 dine
421 2495 600 2582 paria
635 2505 782 2560 sunt
817 2495 1032 2561 omnia
1063 2496 1281 2561 relata.

360 2591 439 2655 In
473 2589 784 2656 similibus
822 2592 1161 2656 observare
1198 2599 1447 2675 oportet
1482 2590 1834 2675 diligenter,
1869 2601 1959 2668 ut,
1997 2610 2141 2654 cum
2165 2610 2302 2653 rem

237 2685 588 2751 referamus
627 2683 896 2750 similem
909 2732 926 2761 ,
973 2683 1152 2748 cuius
1188 2683 1282 2748 rei
1327 2704 1523 2748 causa
1566 2682 2037 2746 similitudinem
2075 2681 2301 2746 attule-

237 2778 434 2843 rimus
447 2826 465 2857 ,
521 2778 720 2843 verba
761 2778 845 2842 ad
889 2776 1365 2843 similitudinem
1408 2775 1755 2840 habeamus
1802 2774 2298 2840 adcommodata.

237 2873 306 2937 id
357 2882 458 2939 est
507 2871 696 2937 huius
748 2871 951 2937 modi:
1009 2870 1128 2934 ‘ita
1178 2879 1251 2934 ut
1302 2868 1671 2933 hirundines
1726 2867 1967 2934 aestivo
2018 2878 2303 2955 tempore

238 2979 494 3054 praesto
534 2976 710 3044 sunt,
757 2965 993 3053 frigore
1037 2964 1264 3053 pulsae
1297 2965 1623 3030 recedunt.
1660 3012 1677 3028 .
1718 2962 1755 3029 .'
1844 2985 1926 3028 ex
1960 2963 2184 3029 eadem
2219 2963 2305 3028 si-

239 3060 593 3125 militudine
629 3081 798 3124 nunc
831 3081 947 3145 per
980 3058 1458 3124 translationem
1492 3058 1689 3122 verba
1734 3056 2069 3123 sumimus:
2126 3056 2307 3122 ‘item

240 3153 388 3219 falsi
425 3154 611 3218 amici
645 3174 870 3219 sereno
914 3151 1082 3217 vitae
1127 3163 1412 3239 tempore
1455 3161 1713 3239 praesto
1756 3160 1906 3217 sunt
1913 3176 1932 3229 3
1986 3150 2175 3216 simul
2210 3161 2305 3214 at-

241 3270 365 3332 que
417 3247 692 3313 hiemem
744 3247 1035 3312 fortunae
1089 3246 1411 3325 viderunt,
1474 3246 1771 3312 devolant
1824 3246 2083 3311 omnes?
2191 3245 2306 3311 sed

240 3341 522 3406 inventio
587 3339 886 3407 similium
947 3339 1151 3404 facilis
1217 3340 1363 3418 erit,
1436 3339 1492 3405 si
1553 3339 1663 3423 qui
1725 3339 1847 3405 sibi
1913 3339 2117 3405 omnis
2177 3360 2303 3417 res,

243 3432 582 3499 animantis
644 3443 710 3498 et
765 3432 1106 3511 inanimes,
1170 3442 1380 3497 mutas
1444 3442 1510 3498 et
1568 3432 1948 3517 eloquentis,
2011 3433 2179 3497 feras
2243 3442 2308 3495 et

243 3537 643 3604 mansuetas,
697 3525 1010 3592 terrestris
1048 3536 1112 3591 et
1145 3523 1523 3603 maritimas,
1580 3525 1947 3591 artificiosas
1984 3534 2049 3588 et
2081 3531 2308 3586 natura

245 3630 674 3707 comparatas,
727 3620 994 3685 usitatas
1041 3628 1231 3703 atque
1271 3618 1605 3683 inusitatas
1658 3619 2021 3701 frequenter
2068 3634 2304 3700 ponere

249 3725 394 3779 ante
447 3713 667 3780 oculos
718 3714 953 3801 poterit
1003 3724 1067 3778 et
1119 3735 1200 3778 ex
1252 3712 1352 3777 his
1409 3712 1687 3796 aliquam
1746 3709 1964 3776 venari
2020 3705 2307 3772 similitu-

251 3806 490 3887 dinem,
545 3829 709 3892 quae
753 3818 862 3872 aut
906 3828 1132 3872 ornare
1184 3816 1296 3871 aut
1340 3806 1566 3871 docere
1604 3814 1713 3869 aut
1755 3801 2131 3889 apertiorem
2170 3820 2309 3863 rem

252 3898 462 3965 facere
497 3912 608 3969 aut
639 3922 876 3988 ponere
921 3910 1068 3964 ante
1104 3900 1320 3966 oculos
1374 3900 1609 3985 possit.
1660 3919 1791 3962 non
1833 3894 2003 3960 enim
2034 3914 2138 3959 res
2174 3902 2309 3959 tota

255 4000 426 4057 totae
459 3994 551 4058 rei
585 4017 850 4061 necesse
886 4005 984 4059 est
1021 3992 1240 4058 similis
1279 3994 1388 4071 sit,
1429 3993 1544 4059 sed
1576 3990 1695 4056 id
1676 4010 1917 4077 1psum,
1952 3986 2125 4071 quod
2158 4009 2310 4053 con-

229 4080 484 4164 ‘fex-tur,
521 4088 992 4154 similitudinem
1027 4086 1260 4152 habeat
1293 4096 1559 4172 oportet.
