2784 4575
846 295 949 349 nn
988 266 1355 351 ORATORE
1390 293 1468 349 11.
1505 293 1745 347 14-61,
2239 282 2323 347 63

272 428 293 459 ⁶
304 444 387 486 ex
435 418 727 485 omnibus
770 417 1024 483 Latinis
1079 417 1291 483 verbis
1337 415 1524 483 huius
1578 414 1757 481 verbi
1799 416 1930 481 vim
1981 416 2085 483 vel
2125 418 2328 483 maxi·-

272 538 445 581 mam
480 536 730 599 semper
769 512 1021 600 putavi3
1074 534 1267 597 quem
1310 511 1482 577 enim
1514 533 1632 577 nos
1667 510 1954 599 ineptum
2003 532 2326 589 vocamus,

271 611 329 675 is
364 608 521 674 mihi
553 608 803 675 videtur
836 608 917 673 ab
952 608 1075 674 hoc
1107 628 1342 694 nomen
1386 606 1622 671 habere
1657 606 1942 683 ductum,
1997 607 2170 690 quod
2199 628 2330 672 non
2379 682 2384 687 q

276 704 361 771 sit
392 714 607 791 aptus,
656 702 850 787 idque
881 702 951 767 in
987 701 1295 768 sermonis
1333 700 1536 767 nostri
1587 699 2046 766 consuetudine
2087 699 2330 786 perlate

273 807 450 885 patet
456 822 478 876 3
530 818 681 861 nam
715 795 826 880 qui
860 805 971 860 aut
1022 806 1272 881 tempus
1309 794 1463 879 quid
1512 794 1795 881 postulet
1834 816 1966 859 non
2015 793 2190 860 videt
2223 806 2334 860 aut
2399 849 2406 858 ,

270 892 459 979 plura
490 888 767 974 loquitur
802 900 913 955 aut
948 912 1017 955 se
1054 899 1330 955 ostentat
1366 898 1474 953 aut
1509 911 1754 966 eorum,
1801 887 2178 973 quibuscum
2211 898 2330 967 est,

274 985 379 1050 vel
413 983 740 1071 dignitatis
776 984 881 1049 vel
916 982 1232 1049 commodi
1263 982 1577 1049 rationem
1619 1004 1750 1048 non
1784 981 1979 1047 habet
2013 992 2123 1047 aut
2157 982 2333 1048 deni-

277 1100 400 1163 que
434 1077 503 1141 in
535 1076 748 1161 aliquo
794 1099 1029 1162 genere
1073 1087 1182 1141 aut
1221 1076 1634 1143 inconcinnus
1673 1087 1782 1141 aut
1814 1076 2050 1142 multus
2095 1086 2222 1153 est,
2275 1076 2332 1141 is

278 1172 533 1258 ineptus
570 1192 713 1236 esse
750 1170 996 1235 dicitur.
1075 1170 1197 1236 hoc
1232 1170 1385 1237 vitio
1423 1170 1742 1235 cumulata
1775 1181 1875 1235 est
1909 1170 2333 1235 eruditissima
2359 1196 2412 1237 18

274 1266 387 1331 illa
414 1263 807 1333 Graecorum
838 1265 1011 1331 natio
1022 1290 1042 1343 ;
1076 1264 1291 1349 itaque
1326 1266 1500 1348 quod
1533 1266 1664 1330 vim
1698 1263 1885 1329 huius
1919 1264 2072 1329 mali
2100 1263 2334 1331 Graeci

274 1382 405 1426 non
438 1360 684 1439 vident,
736 1383 819 1426 ne
861 1383 1097 1425 nomen
1140 1361 1396 1444 quidem
1439 1360 1499 1427 ei
1541 1359 1694 1426 vitio
1744 1360 2181 1447 imposuerunt
2188 1386 2207 1439 3
2261 1372 2334 1425 ut
2449 1410 2451 1415 -

278 1453 448 1519 enim
491 1476 760 1538 quaeras
814 1454 1054 1533 omnia,
1109 1477 1233 1539 quo
1276 1456 1468 1521 modo
1507 1453 1739 1521 Graeci
1787 1455 2074 1541 ineptum
2117 1456 2334 1542 appel-

274 1546 429 1626 lent,
463 1571 595 1613 non
625 1548 925 1635 reperies.
987 1549 1271 1613 omnium
1304 1559 1518 1615 autem
1551 1548 1948 1635 ineptiarum,
1987 1570 2149 1633 quae
2185 1560 2337 1615 sunt

274 1641 797 1721 innumerabiles,
850 1642 1026 1707 haud
1067 1641 1201 1709 scio
1244 1666 1329 1707 an
1370 1642 1548 1707 nulla
1583 1642 1665 1707 sit
1705 1642 1934 1721 maior,
1989 1665 2208 1727 quam,
2261 1654 2334 1707 ut

274 1733 368 1799 illi
404 1736 637 1814 solent,
692 1757 1089 1821 quocumque
1122 1737 1192 1801 in
1235 1737 1407 1815 loco,
1460 1758 1892 1822 quoscumque
1932 1734 2096 1822 inter
2131 1735 2334 1803 homi-

274 1852 391 1895 nes
426 1829 637 1895 visum
672 1840 798 1910 est,
854 1831 935 1896 de
968 1832 1161 1897 rebus
1198 1841 1311 1896 aut
1361 1830 1750 1897 difficillimis
1793 1840 1907 1895 aut
1939 1852 2069 1896 non
2109 1850 2334 1895 neces-

276 1922 459 1989 sariis
488 1924 891 2013 argutissime
926 1924 1267 2013 disputare.
1332 1926 1456 1992 hoc
1488 1948 1608 1991 nos
1645 1925 1726 1990 ab
1760 1924 1900 1991 istis
1935 1922 2334 2011 [adulescen-

276 2016 473 2106 tibus]
513 2019 724 2085 facere
754 2018 937 2084 inviti
972 2030 1037 2085 et
1068 2030 1436 2085 recusantes
1473 2019 1610 2085 heri
1635 2018 1838 2085 coacti
1865 2017 2126 2084 sumus.'
2197 2028 2332 2082 tum
2365 2012 2402 2067 5

278 2109 547 2179 Catulus
592 2119 704 2180 ‘ne
742 2111 975 2181 Graeci
1010 2114 1314 2199 quidem,'
1357 2113 1568 2199 inquit
1602 2120 1620 2149 ‘
1633 2110 1898 2193 Crasse,
1937 2112 2046 2198 qui
2077 2114 2146 2178 in
2179 2111 2332 2177 civi·
2358 2086 2410 2127 ²⁹

276 2206 510 2272 tatibus
548 2208 680 2273 suis
716 2209 870 2275 clari
913 2220 979 2275 et
1020 2210 1240 2296 magni
1290 2208 1578 2287 fuerunt,
1633 2208 1818 2275 sicuti
1861 2219 1932 2273 tu
1973 2230 2044 2275 es
2086 2228 2331 2293 nosque

276 2309 497 2366 omnes
530 2301 599 2366 in
630 2313 850 2369 nostra
881 2327 953 2370 16
992 2305 1249 2390 publica
1300 2304 1595 2370 volumus
1639 2327 1814 2383 esse,
1867 2303 2094 2369 horum
2131 2301 2335 2370 Grae-

278 2414 515 2472 corum,
569 2394 681 2480 qui
714 2418 786 2462 66
818 2396 1137 2464 inculcant
1171 2397 1430 2463 auribus
1464 2397 1728 2478 nostris,
1783 2397 2021 2464 similes
2056 2398 2331 2475 fuerunt,

276 2487 499 2554 necin
531 2487 662 2554 otio
706 2511 1029 2558 sermones
1066 2492 1255 2557 huius
1288 2492 1464 2558 modi
1507 2491 2092 2577 disputationesque
2127 2490 2336 2576 fugie-

277 2582 459 2660 bant3
504 2603 581 2648 ac
615 2582 670 2646 si
705 2582 820 2648 tibi
856 2584 1173 2662 videntur,
1220 2586 1328 2669 qui
1362 2586 1696 2670 temporis,
1740 2585 1848 2668 qui
1881 2585 2031 2663 loci,
2078 2584 2188 2668 qui
2220 2583 2336 2649 ho-
2360 2605 2414 2645 20

277 2674 519 2740 minum
550 2675 862 2742 rationem
894 2701 1025 2743 non
1058 2677 1321 2756 habent,
1365 2677 1593 2764 inepti,
1647 2677 1812 2742 sicut
1845 2677 2080 2744 debent
2112 2677 2332 2754 videri,

278 2792 431 2834 num
468 2770 727 2836 tandem
770 2781 881 2836 aut
921 2770 1102 2838 locus
1148 2771 1253 2836 hic
1286 2795 1419 2838 non
1465 2771 1732 2838 idoneus
1775 2771 2052 2849 videtur,
2105 2771 2173 2836 in
2208 2793 2336 2855 quo

278 2863 559 2948 porticus
594 2863 755 2930 haec
786 2864 957 2954 ipsa,
993 2865 1105 2932 ubi
1136 2887 1309 2932 nunc
1342 2865 1768 2944 ambulamus,
1822 2876 1888 2931 et
1918 2865 2238 2952 palaestra
2269 2876 2338 2932 et

280 2968 375 3024 tot
414 2957 572 3026 locis
618 2958 938 3027 sessiones
988 2957 1496 3048 [gymnasiorum
1537 2961 1624 3026 ad
1659 2958 2078 3048 Graecorum]
2119 2960 2337 3047 dispu-

280 3051 587 3119 tationum
620 3054 991 3122 memoriam
1024 3055 1301 3141 quodam
1334 3056 1524 3122 modo
1561 3055 1996 3121 commovent?
2040 3065 2150 3120 aut
2181 3077 2335 3119 num

276 3147 707 3234 importunum
740 3160 992 3236 tempus
1027 3149 1095 3216 in
1130 3159 1305 3216 tanto
1350 3150 1513 3228 otio,
1564 3149 1734 3234 quod
1767 3159 1834 3214 et
1863 3171 2007 3215 raro
2052 3149 2238 3214 datur
2271 3158 2338 3215 et

278 3265 448 3308 nunc
496 3254 829 3330 peroptato
881 3246 1067 3312 nobis
1120 3247 1338 3312 datum
1389 3246 1528 3312 est?
1579 3255 1690 3310 aut
1738 3244 2026 3311 homines
2079 3246 2160 3310 ab
2211 3243 2336 3310 1106

282 3357 515 3420 genere
550 3336 993 3424 disputationis
1030 3339 1245 3417 alieni,
1292 3339 1402 3423 qui
1437 3361 1658 3406 omnes
1693 3339 1754 3404 ei
1787 3361 2035 3417 sumus,
2089 3348 2164 3403 ut
2199 3337 2335 3404 61116

280 3427 381 3492 1116
418 3427 643 3494 studiis
680 3430 877 3496 vitam
907 3432 1148 3498 nullam
1182 3455 1326 3516 esse
1362 3431 1731 3498 ducamus?'
1779 3433 2021 3500 ‘omnia
2052 3431 2202 3496 ista’
2229 3431 2335 3494 in·
2359 3449 2410 3488 21

281 3520 417 3606 quit
470 3519 747 3588 Crassus
811 3529 963 3612 ‘ego
1014 3525 1138 3591 alio
1188 3525 1380 3591 modo
1439 3527 1842 3614 interpretor,
1905 3526 2014 3610 qui
2061 3524 2336 3611 primum

279 3615 664 3702 palaestram
690 3627 757 3682 et
780 3618 967 3684 sedes
1002 3629 1067 3684 et
1098 3619 1377 3706 porticus
1408 3619 1600 3686 etiam
1621 3620 1820 3708 ipsos,
1851 3617 2101 3695 Catule,
2132 3615 2336 3683 Grae-

282 3732 392 3779 cos
447 3711 912 3779 exercitationis
960 3709 1055 3800 [et
1089 3713 1552 3802 delectationis]
1609 3736 1804 3780 causa
1849 3709 2008 3799 [non
2053 3712 2338 3797 disputa-

283 3801 500 3888 tionis]
557 3805 879 3877 invenisse
932 3807 1199 3874 arbitror
1206 3834 1227 3887 3
1278 3831 1431 3874 nam
1481 3819 1546 3874 et
1597 3806 1866 3874 saeculis
1919 3804 2134 3870 multis
2185 3815 2336 3870 ante

282 3900 619 3986 gymnasia
658 3901 919 3968 inventa
965 3911 1147 3980 sunt,
1200 3924 1393 3987 quam
1432 3902 1503 3967 in
1545 3901 1638 3968 616
1681 3897 2066 3988 philosophi.
2095 3898 2334 3984 garrire

284 4003 659 4078 coeperunt,
712 4007 778 4062 et
820 3995 943 4062 hoc
983 3995 1125 4084 ipso
1177 4005 1490 4084 tempore,
1543 4017 1690 4061 cum
1739 3992 1952 4060 omnia
1999 3993 2334 4079 gymnasia

280 4083 646 4174 philosophi
680 4099 954 4169 teneant,
990 4098 1205 4156 tamen
1238 4113 1456 4157 eorum
1483 4089 1800 4156 auditores
1837 4087 2082 4154 discum
2115 4085 2334 4154 audire
