2784 4575
401 1882 451 1922 sl

498 227 631 298 360
814 305 819 312 ,
1116 238 1193 296 ιι.
1230 237 1504 295 ‘runnu
1539 237 1942 296 mousom-s

500 385 765 449 genere,
801 383 927 446 quo
961 360 1097 440 illa,
1151 383 1313 444 quae
1346 358 1416 427 in
1450 359 1828 448 disputando
1865 371 1992 438 est,
2035 361 2288 427 uberior
2323 371 2438 427 est
2475 374 2584 428 ‘at-

500 478 622 544 que
655 455 841 522 latior
876 465 941 520 et
974 454 1058 520 ad
1091 467 1301 520 motus
1330 454 1683 522 animorum
1706 453 2005 542 volgique
2041 478 2268 524 sensus
2297 457 2582 523 adcom-

496 549 828 618 modatior.
934 559 1149 615 custos
1203 571 1355 616 vero
1415 549 1720 615 virtutum
1777 549 2062 618 omnium
2119 551 2402 617 dedecus
2465 553 2584 617 fu-

497 643 681 730 giens
715 643 1095 727 laudemque
1128 641 1404 710 maxime
1439 662 1836 726 consequens
1872 643 2252 710 verecundia
2283 655 2410 712 est.
2473 657 2581 711 at-

498 757 623 822 que
654 735 724 802 hi
758 736 1015 822 quidem
1050 747 1199 824 sunt
1232 736 1367 802 fere
1403 736 1585 845 quasi
1637 735 1896 822 quidam
1939 736 2192 802 habitus
2227 738 2434 804 animi
2473 741 2577 806 sic

498 828 733 896 adfecti
765 840 831 896 et
864 829 1215 909 constituti,
1267 840 1340 897 ut
1372 828 1503 896 sint
1545 829 1780 916 singuli
1828 829 1992 896 inter
2027 853 2097 896 se
2131 832 2392 924 proprio
2437 833 2578 899 vir-

496 923 649 989 tutis
688 945 935 1033 ‘genere
996 922 1305 1002 distincti3
1366 947 1408 990 a
1457 923 1686 1010 quibus
1740 934 1810 990 ut
1861 946 2150 1008 quaeque
2208 949 2318 991 res
2367 939 2573 1014 gesta

496 1026 623 1096 est,
684 1016 777 1084 ita
829 1017 914 1082 sit
962 1016 1233 1082 honesta
1290 1038 1556 1082 necesse
1609 1027 1712 1082 est
1761 1039 2132 1102 summeque
2192 1017 2568 1086 laudabilis.

498 1121 646 1179 sunt
690 1121 902 1176 autem
944 1110 1052 1176 alii
1097 1109 1355 1194 quidam
1398 1109 1530 1175 ficti
1580 1109 1773 1176 animi
1813 1110 2070 1198 habitus
2121 1122 2188 1177 et
2230 1112 2314 1176 ad
2347 1113 2570 1178 ⁸virtu-

495 1214 627 1270 tem
660 1205 843 1290 quasi
876 1203 1187 1292 praeculti
1220 1213 1285 1270 et
1316 1204 1676 1292 praeparati
1709 1204 1898 1270 rectis
1928 1205 2152 1270 studiis
2186 1215 2254 1270 et
2287 1207 2564 1287 artibus,

494 1307 567 1361 ut
599 1297 666 1362 in
702 1297 835 1364 suis
869 1298 1060 1363 rebus
1096 1308 1240 1364 sunt
1276 1297 1486 1362 studia
1517 1297 1896 1378 litterarum,
1931 1308 2004 1363 ut
2035 1321 2450 1366 numerorum
2487 1324 2564 1365 ac

496 1413 827 1469 sonorum,
878 1401 951 1456 ut
985 1413 1353 1469 mensurae,
1396 1401 1468 1456 ιιι
1503 1391 1812 1470 siderum,
1863 1402 1936 1458 ιιι
1969 1414 2300 1476 equorum,
2337 1405 2415 1458 ut
2449 1418 2563 1461 ve-

495 1484 717 1563 nandi,
770 1496 843 1551 ut
893 1508 1238 1563 armorum3
1291 1487 1359 1552 in
1407 1487 1844 1552 communibus
1886 1487 2304 1574 propensiora
2343 1490 2562 1557 studia

492 1577 561 1642 in
612 1579 821 1664 aliquo
872 1603 1105 1667 genere
1159 1581 1408 1646 virtutis
1459 1581 1796 1670 praecipue
1839 1582 2104 1648 colendo
2158 1594 2266 1648 aut
2319 1583 2558 1650 divinis

494 1673 685 1739 rebus
723 1674 1055 1758 serviendo
1090 1685 1200 1739 aut
1232 1675 1629 1760 parentibus,
1667 1675 1914 1754 amicis,
1976 1675 2334 1763 hospitibus
2368 1699 2560 1764 prae-

498 1767 681 1852 cipue
716 1777 904 1851 atque
938 1768 1273 1856 insigniter
1308 1768 1646 1854 diligendis
1653 1793 1678 1848 3
1715 1779 1903 1854 atque
1940 1769 2100 1834 haec
2132 1769 2388 1853 quidem
2424 1771 2556 1836 vir-

498 1869 722 1927 tutum.
812 1861 1106 1926 vitiorum
1141 1871 1351 1928 autem
1387 1871 1537 1926 sunt
1571 1884 1808 1948 genera
1842 1862 2171 1928 contraria.
2233 1866 2556 1930 cernenda

496 1964 707 2020 autem
742 1965 890 2020 sunt
924 1953 1285 2042 diligenter,
1339 1977 1419 2020 ne
1456 1955 1680 2020 fallant
1712 1979 1792 2022 ea
1823 1978 1942 2021 nos
1990 1957 2167 2034 vitia,
2221 1979 2380 2040 quae
2417 1958 2554 2022 vir·-

497 2058 697 2112 tutem
753 2047 1045 2112 videntur
1106 2046 1363 2124 imitari3
1427 2071 1575 2112 nam
1629 2059 1692 2113 et
1741 2049 2138 2135 prudentiam
2183 2049 2416 2114 malitia
2471 2061 2546 2112 et

455 2219 458 2223 Ι
496 2139 976 2226 temperantiam
1015 2139 1377 2206 immanitas
1421 2141 1490 2204 in
1542 2141 1970 2226 voluptatibus
2025 2141 2428 2229 aspernandis
2477 2153 2552 2208 et

402 3010 455 3051 82

494 2231 993 2319 magnitudinem
1028 2231 1221 2297 animi
1266 2233 1615 2321 superbia
1594 2257 1663 2297 111
1695 2233 1884 2300 11111118
1927 2235 2296 2301 extollendis
2333 2245 2400 2301 et
2435 2235 2550 2301 de-

496 2325 823 2436 spicientia
845 2326 915 2391 in
948 2326 1426 2393 contemnendis
1453 2326 1798 2394 honoribus
1821 2338 1886 2393 et
1911 2328 2349 2407 liberalitatem
2387 2331 2552 2395 31111-

498 2421 592 2486 sio
628 2433 693 2487 et
726 2419 1159 2487 fortitudinem
1195 2420 1461 2487 audacia
1501 2419 1782 2485 imitatur
1815 2432 1882 2486 et
1911 2422 2283 2509 patientiam
2317 2422 2550 2488 duritia

498 2511 761 2603 [manis]
800 2525 865 2579 et
896 2514 1201 2579 iustitiam
1236 2513 1546 2579 acerbitas
1583 2524 1648 2581 et
1677 2513 2050 2601 religionem
2085 2515 2448 2602 superstitio
2485 2530 2552 2581 et

481 2608 825 2677 lenitatem
872 2608 1140 2675 mollitia
1192 2606 1385 2674 animi
1421 2617 1486 2673 et
1538 2608 1986 2673 verecundiam
2037 2608 2338 2675 timiditas
2375 2619 2440 2675 et
2471 2609 2550 2675 il-

500 2704 630 2769 lam
674 2701 1037 2791 disputandi
1074 2700 1480 2789 prudentiam
1529 2702 1908 2767 concertatio
1965 2702 2364 2789 captatioque
2408 2726 2549 2769 ver-

493 2796 720 2862 borum
755 2806 817 2859 et
850 2796 1015 2860 hanc
1049 2794 1387 2861 oratoriam
1423 2794 1552 2860 vim
1585 2794 1791 2861 inanis
1831 2796 2142 2881 quaedam
2174 2797 2554 2883 profluentia

494 2888 821 2973 loquendi;
868 2888 1093 2955 studiis
1132 2900 1345 2956 autem
1379 2888 1564 2955 bonis
1619 2889 1850 2955 similia
1901 2889 2196 2957 videntur
2228 2914 2331 2970 ea,
2385 2913 2554 2975 quae

501 2992 647 3047 sunt
696 2981 765 3047 in
815 2976 1039 3049 eodem
1074 3005 1307 3072 genere
1359 2982 1574 3049 nimia.
1663 3006 1854 3069 quam
1897 2985 1980 3050 ob
2013 3006 2149 3050 rem
2200 2983 2406 3051 omnis
2448 2985 2548 3050 vis

493 3076 794 3141 laudandi
845 3076 1377 3187 vituperandique
1421 3100 1504 3143 ex
1545 3075 1646 3143 his
1693 3088 1977 3145 sumetur
2028 3078 2331 3143 virtutum
2365 3077 2552 3145 vitio-

493 3190 757 3252 rumque
807 3169 1123 3255 partibus3
1188 3170 1305 3235 sed
1356 3170 1426 3236 in
1475 3181 1607 3240 toto
1653 3171 1837 3257 quasi
1897 3182 2200 3240 contextu
2246 3172 2549 3237 orationis

493 3263 653 3328 haec
686 3258 868 3330 erunt
916 3262 1313 3331 inlustranda
1361 3265 1667 3346 maxime,
1722 3287 1912 3351 quem
1956 3266 2040 3332 ad
2079 3266 2341 3333 modum
2375 3263 2549 3349 quis-

498 3381 619 3443 que
652 3369 1023 3447 generatus,
1063 3380 1251 3444 quem
1286 3360 1370 3427 ad
1401 3362 1665 3427 modum
1699 3363 2033 3440 educatus,
2069 3383 2258 3445 quem
2293 3360 2378 3425 ad
2410 3382 2549 3426 mo-

496 3454 648 3517 dum
678 3452 1001 3518 institutus
1030 3464 1436 3539 moratusque
1470 3455 1688 3534 fuerit3
1725 3466 1808 3533 et,
1845 3456 1902 3521 si
1938 3455 2088 3539 quid
2115 3454 2216 3519 cui
2242 3476 2548 3540 magnum

500 3556 610 3610 aut
657 3546 1023 3613 incredibile
1075 3546 1400 3628 acciderit,
1453 3550 1852 3634 maximeque
1897 3549 1953 3615 si
1985 3550 2054 3614 id
2105 3548 2402 3615 divinitus
2439 3569 2552 3614 ac-

496 3638 726 3705 cidisse
759 3638 1035 3727 potuerit
1066 3641 1295 3722 videri3
1350 3652 1487 3708 tum
1521 3664 1682 3728 quae
1718 3645 1982 3732 quisque
2019 3642 2315 3722 senserit,
2367 3641 2547 3717 (1133-

492 3733 603 3810 ι·1ι,
656 3733 953 3819 gesserit,
1008 3734 1092 3799 ad
1124 3756 1227 3814 ea,
1282 3759 1445 3821 quae
1487 3736 1816 3825 proposita
1868 3748 2042 3818 sunt,
2097 3736 2396 3803 virtutum
2431 3758 2546 3823 ge-

495 3848 648 3891 nera
682 3824 1353 3909 adcommodabuntur,
1409 3853 1490 3897 33
1531 3830 1779 3917 illisque
1829 3828 2126 3919 [eisdem]
2181 3827 2545 3897 inveniendi

495 3918 651 3983 locis
688 3941 917 3987 causae
966 3942 1180 3987 rerum
1215 3934 1279 3988 et
1314 3936 1578 3990 eventus
1616 3937 1680 3992 et
1721 3926 2170 4010 consequentia
2217 3924 2545 4007 requiren-

496 4016 615 4107 tur.
706 4033 911 4095 neque
957 4036 1104 4079 vero
1156 4038 1327 4082 mors
1381 4039 1627 4096 eorum,
1683 4040 1949 4103 quorum
1990 4018 2122 4084 vita
2163 4016 2540 4097 laudabitur,
