2784 4575
552 271 677 336 144
1154 279 1233 334 Μ.
1273 277 1544 335 TULLII
1580 274 1979 334 CICERONIS

545 405 668 471 fuit
699 402 896 468 divini
929 400 1200 466 hominis
1237 423 1362 465 vox
1398 411 1464 465 et
1494 399 1722 477 oratio,
1768 420 1959 507 quam
2001 397 2185 482 quasi
2218 409 2585 484 exspectan-

545 511 642 564 tes
675 508 825 583 post
861 495 996 560 eius
1037 493 1366 558 interitum
1420 491 1882 558 veniebamus·
1862 515 1930 556 ιιι
1973 490 2239 568 curiam,
2294 500 2368 554 ιιι
2399 492 2589 556 vesti-

545 592 722 679 gium
779 589 936 654 illud
995 588 1232 676 ipsum,
1303 586 1370 651 in
1430 609 1555 670 quo
1616 586 1723 651 ille
1781 597 2170 674 postremum
2238 583 2588 664 institisset,

545 695 1010 752 contueremur:
1064 702 1335 765 namque
1387 690 1525 745 tum
1572 679 1741 744 latus
1792 679 1853 744 ei
1904 677 2137 743 dicenti
2188 677 2590 744 condoluisse

547 779 966 860 sudoremque
1019 773 1291 838 multum
1341 783 1752 838 consecutum
1802 793 1947 837 esse
2008 771 2453 848 audiebamus3
2512 794 2590 837 ex

545 894 670 955 quo
725 891 870 934 cum
921 867 1377 945 cohorruisset,
1432 887 1579 930 cum
1619 865 1783 931 febri
1834 865 2093 930 domum
2124 865 2313 928 rediit
2362 864 2588 949 dieque

483 1001 508 1042 ς
547 964 817 1050 septimo
857 961 1074 1027 lateris
1128 959 1346 1026 dolore
1400 969 1811 1045 consumptus
1862 967 1982 1023 est.
2070 981 2109 1023 o
2144 957 2443 1021 fallacem
2478 957 2590 1022 ho-
2734 991 2736 1052 Q

543 1059 786 1124 minum
848 1078 1029 1142 spem
1088 1054 1508 1140 fragilemque
1566 1053 1885 1118 fortunam
1948 1059 2015 1116 et
2070 1051 2275 1116 inanis
2336 1061 2585 1116 nostras
2734 1055 2736 1136 ξ

545 1149 1010 1228 contentiones,
1063 1169 1230 1230 quae
1273 1147 1485 1213 medio
1518 1145 1587 1209 in
1630 1145 1835 1232 spatio
1880 1165 2071 1230 saepe
2112 1144 2495 1230 franguntur
2529 1155 2587 1208 et
2735 1141 2736 1180 ³

544 1254 841 1311 corruunt
875 1252 986 1308 aut
1019 1252 1164 1305 ante
1199 1241 1264 1304 in
1298 1240 1441 1325 ipso
1476 1260 1665 1304 cursu
1699 1240 2073 1315 obruuntur,
2111 1259 2303 1322 quam
2335 1249 2588 1324 portum

542 1336 904 1421 conspicere
937 1331 1302 1421 potuerunt!
1356 1355 1505 1396 nam
1548 1331 1845 1415 quamdiu
1882 1329 2104 1396 Crassi
2141 1329 2268 1394 fuit
2300 1330 2588 1396 ambitio-

539 1431 641 1495 nis
684 1429 900 1494 labore
953 1425 1084 1490 vita
1135 1425 1447 1502 districta,
1500 1425 1741 1490 tamdiu
1789 1423 2050 1510 privatis
2100 1421 2309 1510 magis
2363 1423 2585 1488 officiis

540 1533 608 1587 et
639 1520 878 1608 ingenii
927 1519 1116 1585 laude
1149 1519 1361 1586 floruit
1404 1541 1595 1602 quam
1628 1519 1839 1582 fructu
1890 1516 2317 1602 amplitudinis
2354 1527 2466 1581 aut
2497 1517 2588 1581 rei

539 1615 832 1702 publicae
883 1614 1187 1700 dignitate
1198 1638 1217 1690 ;
1272 1612 1380 1696 qui
1432 1623 1645 1677 autem
1696 1633 1897 1676 annus
1950 1611 2009 1676 ei
2059 1609 2300 1698 primus
2348 1611 2431 1676 ab
2473 1610 2589 1675 ho-

541 1731 768 1776 norum
816 1707 1252 1794 perfunctione
1305 1706 1547 1771 aditum
1598 1704 1879 1771 omnium
1928 1724 2236 1769 concessu
2280 1704 2364 1768 ad
2417 1726 2590 1768 sum-

539 1825 712 1868 mam
773 1800 1206 1866 auctoritatem
1265 1799 1485 1877 dabat,
1545 1798 1603 1862 is
1655 1798 1789 1862 eius
1852 1819 2105 1863 omnem
2158 1819 2336 1883 spem
2396 1807 2589 1882 atque

478 1923 507 1964 s
541 1896 752 1961 omnia
784 1895 950 1959 vitae
987 1893 1248 1959 consilia
1279 1902 1483 1958 morte
1515 1891 1835 1976 pervertit.
1919 1891 2043 1955 fuit
2074 1890 2197 1955 hoc
2227 1891 2592 1956 luctuosum

543 1990 703 2065 suis,
758 1986 1054 2051 acerbum
1087 1985 1356 2071 patriae,
1412 2005 1607 2069 grave
1641 1983 1827 2048 bonis
1872 1983 2163 2048 omnibus
2172 2004 2191 2060 3
2244 1982 2356 2047 sed
2388 1983 2451 2047 ei
2486 1993 2592 2046 ta-

539 2104 687 2146 men
719 2080 814 2144 rei
860 2077 1150 2164 publicae
1205 2099 1390 2142 casus
1446 2077 1645 2142 secuti
1680 2087 1855 2154 sunt,
1908 2087 1981 2142 ut
2011 2077 2166 2141 mihi
2198 2099 2325 2141 non
2366 2087 2591 2162 erepta

539 2175 623 2238 L.
680 2171 919 2238 Crasso
973 2195 1014 2236 a
1063 2171 1160 2236 dis
1225 2169 1684 2235 immortalibus
1744 2170 1903 2249 vita,
1966 2171 2081 2235 sed
2130 2171 2364 2236 donata
2410 2193 2587 2236 mors

537 2286 680 2329 esse
732 2264 1045 2330 videatur:
1097 2285 1230 2329 non
1278 2262 1438 2329 vidit
1486 2263 1861 2351 flagrantem
1910 2263 2079 2329 bello
2122 2263 2403 2341 Italiam,
2454 2285 2587 2329 non

539 2358 865 2422 ardentem
895 2356 1136 2422 invidia
1180 2366 1495 2435 senatum,
1548 2380 1678 2422 non
1712 2355 1967 2423 sceleris
2010 2356 2236 2421 nefarii
2268 2356 2583 2442 principes

537 2450 810 2515 civitatis
859 2474 1034 2527 reos,
1094 2473 1226 2516 non
1273 2449 1513 2515 luctum
1564 2451 1759 2527 filiae,
1821 2473 1951 2515 non
2002 2449 2295 2515 exsilium
2346 2450 2581 2537 generi,
2641 2480 2646 2486 ·

535 2567 666 2609 non
701 2543 1174 2609 acerbissimam
1209 2540 1286 2609 C.
1321 2541 1519 2607 Marii
1550 2543 1799 2629 fugam,
1851 2565 1981 2608 non
2014 2542 2188 2608 illam
2237 2554 2387 2629 post
2418 2542 2583 2608 redi-

535 2649 672 2703 tum
723 2638 858 2703 eius
911 2638 1170 2703 caedem
1219 2636 1501 2702 omnium
1552 2636 2078 2714 crudelissimam,
2130 2660 2260 2703 non
2311 2636 2581 2721 denique

535 2733 602 2797 in
637 2732 810 2797 omni
842 2754 1075 2818 genere
1121 2731 1538 2796 deformatam
1590 2752 1731 2795 eam
1784 2730 2129 2807 civitatem,
2182 2730 2250 2795 in
2285 2751 2413 2813 qua
2442 2730 2583 2816 ipse

465 2824 502 2876 3
535 2825 980 2891 florentissima
1027 2823 1296 2888 multum
1347 2824 1640 2889 omnibus
1688 2821 1947 2909 [gloria]
1993 2824 2431 2909 praestitisset.
2518 2834 2583 2889 et
2735 2898 2736 2903 η

474 2894 834 3000 ⁹quoniam
887 2918 1067 3003 attigi
1119 2917 1500 3025 cogitatione
1552 2917 1684 2981 vim
1724 2917 2217 3000 varietatemque
2268 2917 2579 2994 fortunae,
2735 2912 2736 3001 l

535 3034 664 3075 non
716 3011 1048 3097 vagabitur
1099 3009 1300 3075 oratio
1350 3032 1496 3074 mea
1546 3009 1798 3096 longius
1851 3020 2041 3094 atque
2092 3011 2185 3076 eis
2238 3012 2373 3075 fere
2422 3009 2581 3097 ipsis
2734 3002 2736 3077 ἱ

535 3104 862 3169 definietur
895 3103 1075 3180 viris,
1131 3102 1240 3187 qui
1290 3102 1414 3167 hoc
1466 3124 1783 3182 sermone,
1836 3124 2026 3187 quem
2074 3104 2311 3170 referre
2364 3124 2581 3169 susce·
2734 3090 2736 3167 ἶ

530 3194 759 3281 pimus,
795 3196 1208 3262 continentur.
1249 3246 1256 3249 -
1282 3196 1421 3279 quis
1450 3196 1618 3261 enim
1650 3219 1779 3261 non
1801 3197 1937 3263 iure
1964 3199 2215 3263 beatam
2242 3197 2327 3262 L.
2358 3194 2581 3263 Crassi
2735 3198 2736 3231 ³

531 3300 799 3355 mortem
849 3290 1050 3373 illam,
1105 3312 1266 3375 quae
1301 3300 1402 3355 est
1436 3313 1476 3353 a
1507 3290 1721 3354 multis
1776 3313 1967 3377 saepe
2020 3292 2281 3369 defleta,
2332 3290 2580 3369 dixerit,

528 3406 678 3447 cum
709 3383 934 3449 horum
987 3383 1270 3469 ipsorum
1307 3384 1419 3461 sit,
1472 3384 1579 3467 qui
1618 3382 1811 3471 [tum]
1850 3406 1995 3449 cum
2028 3385 2137 3450 illo
2186 3394 2581 3472 postremum

527 3478 662 3541 fere
697 3476 1012 3542 conlocuti
1047 3487 1222 3554 sunt,
1277 3487 1573 3541 eventum
1624 3478 2025 3543 recordatus?
2078 3488 2365 3545 tenemus
2410 3478 2579 3545 enim

527 3568 832 3633 memoria
883 3568 966 3649 Q.
1022 3567 1350 3647 Catulum,
1408 3570 1614 3635 virum
1666 3572 1837 3636 omni
1888 3571 2075 3637 laude
2127 3582 2577 3657 praestantem,

529 3683 674 3726 cum
709 3662 832 3727 sibi
880 3684 1009 3727 non
1041 3662 1421 3728 incolumem
1474 3664 1819 3743 fortunam,
1876 3666 1991 3731 sed
2042 3664 2337 3730 exsilium
2372 3676 2437 3729 et
2476 3666 2580 3729 fu-

527 3778 678 3841 gam
730 3755 1196 3865 deprecaretur,
1259 3778 1403 3822 esse
1458 3768 1771 3837 coactum,
1832 3770 1906 3823 ut
1955 3759 2087 3824 vita
2138 3782 2208 3826 se
2258 3759 2397 3846 ipse
2448 3760 2581 3844 pri-

445 3876 507 3916 ιο
531 3858 728 3915 varst.
813 3849 942 3914 iam
976 3849 1074 3914 M.
1107 3849 1377 3915 Antonii
1427 3850 1495 3915 in
1546 3851 1639 3917 eis
1691 3852 1847 3940 ipsis
1891 3853 2174 3931 Rosa-ie,
2227 3852 2295 3917 in
2347 3852 2577 3937 quibus

525 3941 632 4007 ille
663 3964 800 4007 rem
834 3942 1156 4028 publicam
1189 3946 1699 4013 constantissime
1726 3948 1947 4013 consul
1982 3947 2351 4013 defenderat
2384 3969 2579 4031 quae-

529 4055 654 4116 que
689 4056 913 4103 censor
945 4038 1362 4125 imperatoriis
1400 4043 1713 4108 manubiis
1749 4052 2029 4122 ornarat,
2072 4044 2353 4130 positum
2386 4050 2577 4129 eaput
