2784 4575
426 282 526 379 22'
923 325 1342 383 common
1374 324 1997 384 RHETomcostuu

429 448 850 535 descriptione
887 448 1332 536 coniungetur-3
1387 449 1616 514 deinde
1664 449 2013 515 contrariae
2046 449 2493 537 descriptionis

425 543 588 608 ratio
620 542 962 620 refelletur,
1002 543 1057 607 si
1093 554 1204 607 aut
1235 542 1403 608 falsa
1428 544 1547 608 erit
1582 554 1693 607 aut
1716 542 1955 607 inutilis
1993 552 2102 607 aut
2136 544 2339 630 turpis
2378 558 2490 611 aut

427 637 732 703 iniuriosa
738 662 758 715 3
803 636 872 701 id
927 637 1100 719 quod
1154 659 1235 701 ex
1285 637 1441 702 iuris
1484 637 1771 725 partibus
1810 648 2095 704 sumetur
2138 638 2219 703 de
2272 637 2493 703 iuridi-

431 734 574 800 ciali
610 734 929 811 absoluta,
969 734 1050 799 de
1085 756 1212 817 qua
1243 733 1374 798 iam
1407 732 1758 817 loquemur.

279 830 283 837 ’
335 851 390 895 18
555 830 901 912 Quaeritur
951 828 1021 893 in
1062 828 1611 906 translationibus,
1670 824 1999 915 [primum]
2058 851 2212 893 num
2264 828 2495 913 aliquis

431 924 570 991 eius
603 924 697 989 rei
742 923 1084 1001 actionem,
1135 922 1508 1009 petitionem
1555 934 1666 987 aut
1696 922 2204 1009 persecutionem
2238 922 2493 1000 habeat,

428 1040 584 1083 num
629 1018 752 1082 alio
798 1028 1108 1104 tempore,
1162 1040 1317 1081 num
1361 1016 1487 1081 alia
1528 1016 1701 1103 lege,
1754 1040 1911 1081 num
1954 1016 2079 1082 alio
2123 1026 2496 1100 quaerentet

431 1111 592 1177 haec
625 1109 876 1197 legibus
914 1123 980 1175 et
1019 1110 1302 1175 moribus
1315 1158 1332 1187 ,
1389 1130 1591 1193 aequo
1640 1121 1705 1175 et
1735 1110 1905 1175 bono
1938 1110 2357 1196 reperientur,
2413 1110 2497 1174 de

435 1205 665 1290 quibus
701 1205 947 1269 dicetur
979 1205 1046 1269 in
1081 1203 1417 1269 iuridiciali
1452 1202 1763 1270 absoluta.

552 1298 635 1365 In
671 1319 868 1363 causa
898 1297 1252 1364 ratiocinali
1283 1299 1561 1386 primum
1596 1309 1961 1381 quaeretur,
2013 1297 2243 1382 ecquid
2278 1297 2358 1362 de
2391 1318 2497 1361 re-

429 1394 554 1459 bus
620 1389 992 1478 [maioribus
1055 1404 1166 1457 aut
1215 1392 1564 1457 minoribus
1628 1389 1765 1478 aut]
1832 1390 2142 1457 similibus
2208 1390 2500 1457 similiter

435 1489 740 1575 scripturn
776 1499 888 1554 aut
919 1488 1264 1553 iudicatum
1302 1487 1386 1553 sit
1394 1512 1413 1565 3
1452 1486 1681 1553 deinde
1714 1497 1929 1551 utrum
1964 1508 2079 1551 eae
2111 1508 2216 1551 res
2255 1484 2495 1550 similes

435 1581 561 1647 sint
595 1582 653 1647 ei
695 1583 817 1660 rei,
873 1604 1000 1665 qua
1043 1583 1123 1647 de
1169 1583 1405 1668 agitur,
1461 1604 1544 1646 an
1588 1579 1956 1657 dissimiles3
2012 1578 2240 1644 deinde
2284 1588 2498 1645 utrum

434 1675 723 1741 consulto
759 1676 840 1741 de
877 1699 954 1741 ea
984 1698 1056 1741 re
1093 1675 1399 1763 scriptum
1430 1698 1562 1741 non
1598 1674 1701 1753 sit,
1735 1674 1909 1758 quod
1942 1670 2214 1738 noluerit
2248 1694 2497 1751 cavere,

434 1794 517 1836 an
551 1771 725 1855 quod
761 1770 914 1837 satis
952 1783 1208 1835 cautum
1250 1769 1490 1857 putarit
1529 1780 1788 1856 propter
1833 1778 2185 1833 ceterorum
2232 1766 2501 1853 scripto-

431 1886 577 1930 rum
611 1864 1104 1930 similitudinem.
1195 1864 1275 1928 de
1325 1863 1613 1949 partibus
1666 1861 1987 1947 legitimae
2032 1859 2498 1927 constitutionis

435 1959 591 2022 satis
629 1959 868 2021 dictum
903 1970 1002 2023 est
1011 1982 1030 2035 3
1067 1978 1237 2021 nunc
1273 1957 1355 2021 ad
1388 1955 1804 2020 iuridicialem
1835 1966 2246 2021 revertamur.

329 2046 400 2159 ξιξ)
553 2050 877 2115 Absoluta
908 2050 1243 2115 iuridiciali
1287 2049 1736 2114 constitutione
1779 2060 2057 2126 utemur,
2112 2070 2257 2113 cum
2288 2048 2499 2134 ipsam

435 2165 600 2221 rem,
657 2164 850 2227 quam
883 2166 1003 2208 nos
1041 2143 1272 2208 fecisse
1307 2142 1707 2220 confitemur,
1761 2143 1898 2209 iure
1941 2144 2178 2208 factam
2214 2142 2496 2207 dicemus

437 2237 574 2303 sine
608 2236 741 2302 ulla
775 2236 1218 2324 adsumptione
1263 2237 1574 2303 extrariae
1620 2236 2028 2319 defensionis.
2116 2236 2185 2302 in
2229 2258 2307 2302 ea
2348 2256 2499 2301 con-

434 2330 609 2395 venit
651 2331 896 2414 quaeri,
950 2331 1169 2396 iurene
1217 2331 1301 2396 sit
1342 2331 1601 2398 factum.
1692 2332 1771 2397 de
1809 2355 1885 2398 eo
1931 2353 2126 2397 causa
2158 2330 2369 2418 posita
2402 2329 2498 2392 di-

435 2445 578 2489 cere
612 2425 982 2512 poterimus,
1022 2425 1076 2490 si
1113 2447 1195 2490 ex
1231 2425 1461 2508 quibus
1496 2424 1785 2511 partibus
1819 2425 1920 2490 ius
1958 2436 2225 2502 constet,
2262 2445 2501 2510 cogno-

434 2518 732 2584 verimus.
822 2530 1075 2586 constat
1124 2518 1320 2606 igitur
1375 2541 1458 2583 ex
1501 2518 1602 2583 his
1652 2519 1972 2606 partibus:
2026 2531 2279 2596 natura,
2331 2516 2496 2602 lege,

435 2613 920 2692 consuetudine,
973 2614 1280 2692 iudicato,
1335 2634 1540 2698 aequo
1596 2627 1661 2678 et
1710 2614 1906 2692 bono,
1959 2625 2167 2700 pacto.
2272 2621 2500 2676 natura

432 2707 534 2772 ius
571 2720 698 2788 est,
755 2709 927 2794 quod
971 2707 1372 2796 cognationis
1421 2718 1532 2772 aut
1573 2707 1829 2795 pietatis
1874 2727 2071 2772 causa
2104 2697 2499 2780 observatur,

435 2824 560 2885 quo
587 2803 725 2868 iure
751 2815 1048 2890 parentes
1086 2827 1125 2868 a
1158 2803 1374 2868 liberis
1404 2815 1469 2868 et
1504 2826 1543 2867 a
1574 2802 1944 2889 parentibus
1976 2800 2158 2866 liberi
2186 2799 2497 2864 coluntur·

431 2893 577 2978 lege
628 2895 730 2961 ius
785 2909 886 2961 est
935 2897 1030 2972 id,
1085 2897 1258 2979 quod
1308 2895 1530 2983 populi
1582 2894 1762 2958 iussu
1811 2903 2101 2957 sanctum
2144 2905 2270 2968 est,
2328 2891 2501 2973 quod

438 3007 674 3071 genus:
712 2998 784 3050 ut
815 2989 884 3051 in
916 2988 1018 3051 ius
1057 3009 1188 3065 eas,
1225 3009 1373 3051 cum
1407 2988 1673 3052 voceriS.
1765 2984 2219 3050 consuetudine
2262 2983 2363 3048 ius
2399 2995 2500 3048 est

433 3078 529 3157 id,
588 3080 763 3162 quod
805 3081 943 3145 sine
986 3081 1130 3165 lege
1185 3101 1386 3162 aeque
1432 3101 1508 3143 ac
1542 3079 1598 3143 si
1631 3078 1987 3164 legitimum
2032 3078 2140 3154 sit,
2196 3076 2499 3141 usitatum

437 3184 564 3251 est,
611 3173 783 3256 quod
826 3196 1060 3260 genus:
1106 3173 1200 3251 id,
1248 3172 1422 3256 quod
1467 3171 1824 3258 argentario
1870 3171 2089 3238 tuleris
2126 3191 2497 3257 expensum,

437 3291 476 3334 a
519 3267 690 3333 socio
736 3268 872 3332 eius
925 3278 1098 3332 recte
1139 3277 1359 3354 petere
1404 3266 1637 3354 possis.
1724 3265 2074 3330 iudicatum
2124 3276 2225 3330 est
2265 3264 2361 3344 id,
2416 3266 2501 3332 de

438 3385 564 3446 quo
623 3363 938 3428 sententia
986 3364 1118 3428 lata
1170 3372 1271 3427 est
1323 3372 1434 3426 aut
1487 3361 1813 3426 decretum
1862 3361 2323 3447 interpositum.
2422 3383 2501 3426 ea

439 3479 630 3543 saepe
667 3456 921 3522 diversa
957 3468 1135 3535 sunt,
1191 3466 1264 3521 ut
1298 3455 1472 3521 aliud
1508 3455 1632 3521 alio
1674 3454 1870 3520 iudici
1916 3466 2027 3520 aut
2066 3455 2344 3542 praetori
2392 3465 2501 3518 aut

438 3551 684 3618 consuli
738 3563 849 3617 aut
901 3552 1153 3617 tribuno
1207 3549 1416 3637 plebis
1469 3549 1773 3637 placitum
1827 3550 1939 3626 sit,
1997 3546 2089 3635 [et
2140 3550 2239 3627 fit,
2292 3558 2367 3611 ut
2416 3549 2497 3610 de

437 3646 662 3712 eadem
695 3669 763 3712 re
803 3669 994 3733 saepe
1031 3646 1192 3711 alius
1230 3643 1406 3710 aliud
1440 3644 1792 3711 decreverit
1826 3656 1937 3710 aut
1968 3641 2287 3728 iudicarit]
2328 3640 2499 3724 quod

438 3763 670 3827 genus:
731 3741 830 3807 M.
884 3742 1145 3807 Drusus
1198 3751 1454 3828 praetor
1505 3741 1785 3805 urbanus
1841 3740 2013 3825 quod
2066 3761 2211 3803 cum
2264 3734 2498 3799 herede

436 3835 720 3901 mandati
754 3848 1075 3923 ageretur,
1112 3836 1416 3900 iudicium
1440 3833 1732 3913 reddidit,
1773 3833 1925 3900 Sex.
1955 3833 2157 3897 Iulius
2190 3851 2319 3896 non
2352 3828 2497 3892 red-

441 3926 616 3992 didit.
703 3929 857 3994 item
903 3928 980 3997 C.
1031 3927 1292 3995 Caelius
1345 3929 1539 3994 iudex
1592 3928 1867 3995 absolvit
1908 3925 2276 3991 iniuriarum
2330 3943 2496 3998 eum,

441 4020 550 4103 qui
574 4021 896 4087 Lucilium
920 4035 1176 4110 poetam
1202 4024 1270 4089 in
1299 4045 1492 4090 scena
1516 4023 1889 4089 nominatim
1915 4020 2203 4095 laeserat,
2239 4017 2318 4083 P.
2345 4016 2498 4080 Mu-

442 4113 577 4179 cius
615 4137 789 4194 eum,
837 4118 947 4202 qui
980 4118 1066 4186 L.
1099 4117 1376 4186 Accium
1407 4130 1667 4207 poetam
1698 4115 2164 4192 nominaverat,
2201 4110 2499 4178 condem-
