2784 4575
409 2289 443 2341 3

417 2362 443 2400 s

478 199 611 268 344
1088 209 1165 265 M.
1202 207 1476 267 TULLII
1511 205 1908 264 010ERoN1s

478 335 694 402 locos?
748 331 828 400 C.
870 333 951 399 P.
1003 331 1073 400 in
1124 331 1351 416 quibus
1405 331 1608 396 latent
1656 340 2047 417 argumenta.
2137 329 2214 396 C.
2258 331 2340 398 Ε.
2389 333 2554 416 quid

483 439 583 494 est
633 426 1113 514 argumentum?
1168 422 1246 491 C.
1290 425 1370 490 P.
1415 422 1742 510 probabile
1791 423 2120 488 inventum
2163 425 2246 488 ad
2299 425 2553 491 facien-

484 523 631 588 dam
674 521 888 586 fidem.
978 517 1056 584 O.
1090 519 1169 586 Ε.
1207 539 1336 603 quo
1377 517 1568 583 modo
1603 516 1796 604 igitur
1839 517 1966 584 duo
2001 539 2240 604 genera
2277 517 2416 584 ista
2455 521 2553 584 di-

481 616 683 681 vidis?
728 612 808 680 C.
842 614 921 678 P.
958 635 1123 698 quae
1158 611 1295 677 sine
1330 622 1464 676 arte
1499 621 1827 696 putantur,
1875 633 1953 676 ea
1983 621 2229 678 remota
2261 613 2550 698 appello,

479 720 553 776 ut
594 708 953 776 testimonia
959 733 979 786 ;
1029 706 1254 784 insita,
1290 728 1456 789 quae
1491 705 1821 772 inhaerent
1860 705 1930 770 in
1969 705 2112 794 ipsa
2151 729 2242 772 re.
2335 705 2421 774 C.
2469 709 2550 780 Ε.

482 803 984 870 testimoniorum
1028 823 1189 886 quae
1232 823 1471 890 genera
1515 801 1700 866 sunt?
1743 797 1822 866 C.
1857 800 1936 866 P.
1983 799 2268 866 divinum
2313 813 2380 868 et
2429 803 2552 868 hu-

478 919 766 962 manum:
810 896 1095 961 divinum
1126 906 1200 959 ut
1242 895 1524 974 oracula,
1569 903 1640 959 ut
1683 894 1991 980 auspicia,
2035 905 2108 960 ut
2141 895 2550 963 vaticinatio-

480 1013 626 1070 nes,
667 1000 741 1056 ut
770 1011 1079 1077 responsa
1124 989 1551 1066 sacerdotum,
1596 987 2032 1074 haruspicum,
2077 989 2518 1056 coniectorum
2525 1018 2546 1070 3

481 1085 856 1162 humanum,
911 1083 1083 1167 quod
1126 1091 1450 1170 spectatur
1483 1105 1566 1148 ex
1601 1082 2001 1162 auctoritate,
2055 1105 2138 1149 ex
2187 1083 2544 1164 voluntate,

480 1201 563 1244 ex
590 1178 871 1244 oratione
900 1187 1015 1243 aut:⁴
1039 1177 1240 1243 libera
1267 1187 1378 1242 aut
1405 1196 1737 1263 expressa,
1773 1177 1842 1241 in
1867 1199 1992 1261 quo
2011 1175 2246 1242 'insunt
2277 1177 2542 1265 scripta,

480 1281 686 1359 pacta,
721 1270 1055 1358 promissa,
1090 1271 1313 1349 iurata,
1352 1271 1657 1356 quaesita.
1730 1268 1808 1336 O.
1841 1271 1921 1336 Ε.
1957 1292 2120 1354 quae
2157 1278 2336 1352 suntf,
2375 1294 2544 1356 quae

480 1363 639 1430 dicis
682 1364 911 1430 insita?
960 1363 1045 1432 C.
1078 1365 1158 1432 P.
1204 1387 1367 1450 quae
1417 1377 1646 1432 natura
1689 1365 1886 1433 infixa
1930 1376 2078 1432 sunt
2117 1367 2312 1432 rebus
2357 1365 2540 1454 ipsis,

478 1468 553 1524 ut
588 1458 897 1538 definitio,
940 1470 1013 1525 ut
1046 1461 1455 1539 contrarium,
1491 1471 1564 1526 ut
1597 1478 1702 1538 ea,
1747 1481 1909 1545 quae
1947 1471 2096 1525 sunt
2127 1459 2254 1546 ipsi
2287 1473 2542 1526 contra·-

478 1555 655 1620 riove
690 1553 827 1620 eius
880 1565 993 1620 aut
1026 1555 1259 1620 similia
1302 1566 1412 1620 aut
1455 1554 1787 1622 dissimilia
1819 1566 1931 1620 aut
1963 1566 2392 1622 consentanea
2427 1569 2544 1620 aut

480 1649 913 1728 dissentanea3
966 1660 1040 1715 ut
1072 1672 1179 1728 ea,
1233 1671 1398 1734 quae
1433 1659 1580 1716 sunt
1632 1649 1816 1734 quasi
1850 1649 2188 1714 coniuncta
2227 1659 2337 1714 aut
2367 1671 2540 1734 quae

480 1743 665 1826 quasi
714 1744 1067 1830 pugnantia
1114 1744 1279 1809 inter
1332 1766 1433 1824 se3
1487 1754 1560 1809 ut
1607 1766 1826 1810 earum
1872 1765 2114 1825 rerum,
2171 1744 2251 1809 de
2301 1744 2538 1828 quibus

482 1837 718 1922 agitur,
762 1859 992 1903 causae
1002 1863 1021 1916 3
1073 1849 1187 1919 aut
1205 1859 1556 1910 „causarum
1589 1849 1884 1916 eventus,
1919 1837 1990 1902 id
2021 1848 2150 1916 est,
2188 1861 2346 1922 quae
2384 1849 2540 1902 sunt

478 1932 709 1997 effecta
744 1931 823 1997 de
860 1933 1067 1997 causis
1078 1956 1097 2011 ;
1148 1942 1225 1996 ιιι
1258 1931 1758 2011 distributiones,
1799 1943 1873 1997 ut
1909 1929 2172 2018 [genera
2200 1927 2534 2018 partium,]

478 2047 783 2110 generum
816 2037 1057 2110 partes;
1093 2036 1167 2090 ut
1196 2025 1539 2111 primordia
1563 2048 1776 2093 rerum
1809 2035 1876 2091 et
1909 2027 2092 2110 quasi
2117 2045 2528 2112 praecurren-

478 2118 593 2194 tia,
646 2117 715 2180 in
750 2116 977 2200 quibus
1012 2119 1180 2183 inest
1214 2119 1454 2204 aliquid
1485 2120 1868 2208 argumenti3
1921 2133 1996 2185 ut
2028 2139 2229 2185 rerum
2259 2127 2539 2182 conten-

478 2209 713 2286 tiones,
768 2210 922 2294 quid
953 2211 1188 2291 maius,
1244 2213 1396 2297 quid
1429 2237 1573 2301 par,
1619 2213 1774 2297 quid
1805 2213 2014 2278 minus
2053 2213 2161 2292 sit,
2195 2211 2264 2276 in
2297 2211 2536 2297 quibus

479 2313 588 2367 aut
611 2313 871 2369 naturae
897 2327 1108 2370 rerum
1124 2316 1245 2371 caut
1266 2308 1602 2373 facultates
1633 2318 2098 2394 comparantur.
2171 2304 2250 2373 C.
2274 2306 2354 2373 Ε.
2395 2328 2537 2371 om-

477 2399 749 2465 nibusne
784 2399 979 2486 igitur
1011 2422 1093 2465 ex
1124 2400 1265 2466 istis
1302 2402 1460 2467 locis
1506 2404 1878 2488 argumenta
1921 2402 2282 2467 sumemus?
2335 2398 2417 2465 G.
2453 2400 2536 2465 P.

475 2493 671 2561 immo
726 2516 877 2559 vero
932 2495 1351 2561 scrutabimur
1405 2506 1471 2560 et
1513 2516 1886 2579 quaeremus
1921 2518 2005 2577 ex
2039 2494 2333 2562 omnibus
2345 2519 2364 2571 ;
2419 2494 2542 2559 sed

478 2586 921 2653 adhibebimus
972 2586 1304 2667 iudicium,
1356 2600 1428 2653 ut
1495 2588 1663 2654 levia
1713 2612 1964 2675 semper
2017 2588 2350 2667 eiciamus,
2403 2610 2540 2653 non

474 2703 824 2765 numquam
866 2681 1056 2747 etiam
1108 2682 1468 2748 communia
1517 2683 2087 2769 praetermittamus
2143 2694 2209 2747 et
2250 2704 2382 2747 non
2423 2704 2541 2746 ne-

476 2776 773 2839 cessaria.
864 2773 941 2840 O.
986 2776 1065 2842 Ε.
1112 2775 1411 2860 quoniam
1455 2776 1539 2843 de
1585 2776 1712 2843 fide
1764 2776 2178 2863 respondisti,
2231 2778 2380 2842 volo
2423 2800 2542 2841 au-

476 2867 612 2931 dire
665 2868 746 2933 de
798 2879 994 2934 motu.
1102 2868 1181 2935 O.
1234 2871 1313 2935 P.
1372 2866 1499 2957 [tu]
1555 2870 1698 2938 loco
1749 2871 2006 2955 quidem
2069 2870 2350 2955 quaeris,
2417 2871 2539 2935 sed

474 2960 725 3047 plenius
778 2962 951 3046 quod
1001 2962 1098 3029 vis
1154 2963 1599 3051 explicabitur,
1651 2986 1796 3030 cum
1841 2965 1926 3030 ad
1976 2965 2278 3031 orationis
2329 2964 2536 3051 ipsius

476 3056 1041 3142 quaestionumque
1091 3058 1402 3125 rationem
1453 3082 1706 3126 venero.
1780 3058 1876 3143 C.
1919 3062 1996 3145 Ε.
2043 3060 2198 3145 quid
2249 3060 2537 3143 sequitur

473 3149 706 3236 igitur?
758 3148 837 3217 O.
872 3151 953 3218 P.
988 3174 1134 3217 eum
1165 3152 1513 3232 inveneris,
1568 3154 1926 3222 conlocare:
1973 3176 2119 3219 cum
2155 3166 2256 3219 est
2285 3151 2536 3219 infinita

476 3244 791 3328 quaestio,
845 3245 1001 3312 ordo
1052 3245 1223 3311 idem
1274 3258 1374 3313 est
1418 3248 1582 3326 fere,
1635 3269 1826 3333 quem
1867 3248 2164 3335 exposui,
2217 3248 2534 3325 locorum3

394 3410 401 3414 ,
472 3338 542 3403 in
592 3338 851 3407 definita
902 3346 1115 3405 autem
1164 3340 1526 3408 adhibenda
1577 3354 1727 3409 sunt
1777 3342 1888 3409 illa
1947 3342 2167 3421 etiam,
2231 3364 2396 3427 quae
2447 3342 2537 3406 ad

473 3443 685 3499 motus
722 3433 1081 3500 animorum
1129 3435 1464 3523 pertinent.
1557 3435 1634 3503 O.
1670 3438 1748 3503 Ε.
1785 3460 1910 3522 quo
1945 3437 2136 3503 modo
2178 3436 2374 3523 igitur
2405 3435 2535 3500 ista

474 3527 795 3613 explicas?
856 3526 937 3595 G.
976 3526 1057 3593 P.
1122 3529 1329 3598 habeo
1389 3531 1749 3597 communia
1799 3542 2138 3618 praecepta
2187 3530 2381 3597 fidem
2433 3528 2536 3594 fa-

472 3619 682 3685 ciendi
716 3630 781 3687 et
812 3623 1279 3689 commovendiz
1338 3621 1694 3712 [quoniam]
1731 3625 1892 3691 fides
1927 3635 2026 3691 est
2056 3626 2252 3689 firma·
2292 3622 2531 3711 opini0,

470 3726 683 3781 motus
738 3726 949 3781 autem
1000 3717 1197 3783 animi
1245 3718 1526 3784 incitatio
1571 3730 1682 3783 aut
1725 3720 1808 3785 ad
1858 3720 2248 3807 voluptatem
2292 3728 2403 3783 aut
2445 3718 2536 3781 ad

474 3808 829 3875 molestiam
865 3821 975 3875 aut
1008 3810 1091 3877 ad
1134 3812 1544 3900 cupiditatem
1579 3822 1690 3879 aut
1731 3813 1816 3879 ad
1857 3824 2096 3881 metum
2128 3850 2216 3861 —-
2251 3823 2346 3879 tot
2381 3822 2534 3877 sunt

476 3901 645 3965 enim
678 3926 931 3987 genera,
968 3916 1180 3991 partes
1216 3908 1430 3995 plures
1468 3930 1774 3995 generum
1809 3908 2204 3996 singulorum
2237 3943 2326 3957 --
2361 3902 2534 3991 [om-

477 4012 627 4055 nem
679 3996 1173 4064 conlocationem
1226 4002 1308 4065 ad
1358 4002 1550 4066 finem
1613 4002 2030 4069 adcommodo
2084 3994 2528 4087 quaestionis]
