2784 4575
420 391 496 433 165

418 1520 497 1559 164

416 2922 491 2964 165

527 227 657 294 316
698 264 707 267 -
1142 237 1221 292 M..
1259 236 1534 294 TULLII
1569 235 1974 296 CICERONIS

530 363 929 440 volebamus,
984 371 1095 426 aut
1128 355 1233 424 ars
1278 359 1416 425 eius
1461 359 1894 426 conciliandae
1942 360 2336 447 reperienda.
2431 360 2626 428 duae

530 467 681 524 sunt
712 457 907 544 igitur
939 479 1073 533 res,
1128 476 1291 540 quae
1334 455 1730 542 permulcent
1779 455 1982 533 auris,
2035 477 2230 521 sonus
2267 465 2336 520 et
2370 477 2624 522 nume-

526 573 659 618 rus.
746 551 829 616 de
861 571 1125 616 numero
1159 571 1339 626 mox,
1384 569 1555 614 nunc
1589 548 1670 613 de
1705 571 1865 614 sono
1899 549 2281 634 quaerimus.
2375 552 2616 629 verba,

526 656 601 712 ut
634 667 831 732 supra
862 644 1168 722 diximus,
1213 641 1490 728 legenda
1525 653 1674 708 sunt
1705 641 2112 729 potissimum
2153 643 2320 708 bene
2360 667 2618 711 sonan-

529 739 637 818 tia,
674 739 791 804 sed
822 761 903 802 ea
934 759 1065 802 non
1088 747 1165 801 ut
1185 742 1414 823 poetae
1439 736 1754 823 exquisita
1787 736 1872 801 ad
1905 757 2152 815 sonum,
2191 737 2309 802 sed
2337 749 2614 826 sumpta

528 833 611 898 de
644 831 887 897 medio:

616 932 775 1011 ‘qua
806 935 1005 1014 ponto
1042 925 1125 990 ab
1156 923 1416 989 Helles’

530 1031 789 1108 superat
822 1019 1104 1085 modum.
1138 1029 1219 1090 ,at

614 1113 883 1180 Tmolus
916 1113 1056 1178 auri
1090 1113 1237 1178 fons
1269 1111 1586 1196 liquorum

529 1207 876 1298 splendidis
912 1206 1273 1272 nominibus
1318 1205 1728 1270 inluminatus
1763 1216 1866 1270 est
1908 1227 2158 1285 versus,
2216 1206 2336 1272 sed
2380 1207 2606 1294 proxi-

527 1325 673 1368 mus
706 1300 1069 1386 inquinatus
1104 1299 1556 1366 insuavissima
1589 1299 1799 1366 littera

614 1395 787 1460 ‘finis
821 1395 1133 1482 frugifera
1164 1405 1231 1459 et
1262 1393 1488 1459 efferta
1523 1415 1676 1458 arva
1707 1392 1912 1458 Asiae
1945 1392 2157 1460 tenet?

530 1512 655 1576 qua
686 1513 756 1556 re
790 1488 1073 1556 bonitate
1106 1489 1319 1574 potius
1352 1497 1718 1553 nostrorum
1743 1487 2082 1552 verborum
2105 1497 2364 1552 utamur
2403 1511 2600 1574 quam

530 1583 865 1675 splendore
903 1581 1321 1659 Graecorum,
1358 1582 1485 1647 nisi
1519 1583 1684 1648 forte
1719 1582 1813 1647 sic
1844 1581 2020 1668 loqui
2061 1583 2372 1670 paenitetz

616 1686 771 1764 ‘qua
804 1688 1181 1765 tempestate
1215 1676 1537 1742 Helenam
1569 1675 1786 1742 Paris’

528 1785 593 1840 et
626 1792 790 1860 quae
824 1784 1201 1858 sequuntur:
1252 1772 1448 1836 immo
1502 1793 1654 1837 vero
1708 1771 1836 1836 ista
1886 1791 2227 1856 sequamur
2273 1771 2596 1858 asperita-

502 1902 505 1907 ·
528 1879 782 1952 temque
818 1866 1141 1954 fugiamus

614 1961 851 2027 ‘habeo
884 1961 1074 2026 istam
1106 1981 1231 2045 ego
1264 1959 1814 2048 perterricrepam'

528 2057 806 2138 itemque

617 2145 1109 2230 ‘versutiloquas
1144 2145 1462 2212 malitias?

526 2260 647 2305 nec
682 2239 888 2305 solum
924 2251 1381 2327 componentur
1425 2239 1622 2305 verba
1661 2241 1934 2320 ratione,
1989 2241 2105 2307 sed
2139 2239 2326 2307 etiam
2353 2237 2588 2305 finien-

526 2344 655 2413 tur,
692 2332 993 2419 quoniam
1034 2334 1105 2399 id
1145 2333 1449 2399 iudicium
1486 2356 1630 2399 esse
1685 2336 1954 2401 alterum
1999 2336 2245 2401 aurium
2285 2334 2582 2401 diximus,

528 2429 644 2495 sed
676 2427 973 2493 finientur
1015 2438 1125 2495 aut
1175 2428 1634 2515 compositione
1685 2429 1828 2515 ipsa
1863 2440 1930 2495 et
1971 2429 2154 2513 quasi
2199 2450 2316 2496 sua
2361 2442 2586 2515 sponte

527 2533 638 2589 aut
680 2522 957 2609 quodam
990 2544 1226 2609 genere
1270 2520 1638 2600 verborum,
1691 2523 1759 2587 in
1796 2522 2080 2607 quibus'
2059 2523 2220 2609 ipsis
2267 2524 2589 2589 concinni-

525 2628 625 2683 tas
695 2618 891 2696 inest3
964 2638 1127 2702 quae
1200 2616 1335 2682 sive
1405 2638 1590 2683 casus
1663 2616 1902 2683 habent
1958 2616 2028 2682 in
2095 2617 2276 2683 exitu
2343 2617 2586 2695 similis,

526 2712 663 2778 sive
696 2711 955 2799 paribus
991 2711 1173 2798 paria
1205 2711 1584 2788 redduntur,
1642 2711 1778 2776 sive
1813 2723 2219 2798 opponuntur
2254 2712 2585 2789 contraria,

528 2818 751 2891 suapte
804 2816 1031 2872 natura
1080 2828 1421 2871 numerosa
1473 2815 1650 2883 sunt,
1706 2804 1954 2871 etiamsi
2003 2804 2160 2871 nihil
2204 2815 2305 2871 est
2347 2806 2590 2871 factum

528 2899 607 2964 de
645 2897 979 2965 industria.
1066 2900 1135 2964 in
1178 2900 1368 2964 huius
1414 2899 1856 2965 concinnitatis
1901 2900 2374 2967 consectatione
2405 2898 2589 2967 'Gor-

524 2992 697 3081 giam
748 2993 947 3059 fuisse
1008 2993 1359 3079 principem
1424 2992 1782 3079 accepimus
1794 3018 1814 3072 3
1879 3014 2006 3077 quo
2059 2995 2138 3059 de
2191 3016 2428 3081 genere
2471 2994 2590 3059 illa

478 3122 485 3129 ·
522 3098 744 3152 nostra
776 3096 927 3150 sunt
958 3086 1027 3151 in
1059 3085 1445 3151 Miloniana:
1501 3093 1630 3151 ‘est
1673 3086 1871 3165 enim,
1928 3086 2200 3167 iudices,
2253 3088 2416 3154 haec
2455 3112 2587 3153 non

415 3674 491 3714 166

526 3180 787 3266 scripta,
842 3179 957 3245 sed
991 3190 1141 3244 nata
1181 3178 1317 3256 lex,
1372 3201 1564 3263 quam
1607 3202 1739 3245 non
1781 3180 2146 3258 didicimus,
2202 3180 2584 3268 accepimus,

522 3272 824 3360 legimus,
878 3294 1100 3339 verum
1153 3294 1234 3337 ex
1286 3284 1514 3338 natura
1563 3272 1706 3361 ipsa
1759 3274 2179 3360 adripuimus,
2233 3274 2584 3357 hausimus,

522 3366 982 3453 expressimus,
1018 3366 1102 3431 ad
1134 3387 1328 3450 quam
1362 3388 1494 3433 non
1529 3367 1728 3445 docti,
1768 3367 1886 3433 sed
1919 3368 2090 3446 facti,
2127 3391 2260 3435 non
2291 3366 2586 3447 instituti,

524 3461 642 3527 sed
672 3460 899 3525 imbuti
934 3482 1173 3527 sumus.
1176 3460 1193 3489 ’
1283 3460 1444 3526 haec
1477 3461 1648 3526 enim
1683 3462 1836 3527 talia
1871 3472 2045 3542 sunt,
2089 3472 2189 3541 ut,
2236 3462 2388 3547 quia
2420 3465 2589 3531 refe-

522 3565 747 3619 runtur
782 3555 864 3620 ad
914 3576 1019 3632 ea,
1066 3556 1149 3619 ad
1184 3578 1347 3640 quae
1383 3556 1622 3621 debent
1659 3556 1911 3635 referri,
1964 3555 2414 3643 intellegamus
2455 3581 2590 3625 non

524 3649 881 3733 quaesitum
916 3672 1059 3715 esse
1094 3672 1459 3729 numerum,
1503 3650 1621 3715 sed
1657 3661 1973 3730 secutum3
2019 3650 2191 3735 quod
2221 3652 2296 3715 fit
2327 3651 2486 3717 item
2516 3652 2588 3717 in

523 3744 871 3809 referendis
900 3746 1250 3824 contrariis,
1284 3755 1357 3811 ut
1374 3746 1484 3809 illa
1511 3754 1678 3823 sunt,
1717 3745 1946 3829 quibus
1981 3768 2109 3811 non
2134 3746 2325 3811 modo
2361 3768 2590 3811 nume-

524 3859 673 3901 rosa
706 3836 934 3915 oratio,
974 3838 1091 3903 sed
1124 3840 1315 3905 etism
1350 3861 1574 3905 versus
1611 3838 1910 3906 efficitur:

612 3950 782 4004 eam,
819 3951 1008 4013 quam
1042 3932 1201 3998 nihil
1236 3955 1531 4010 accusas,
1569 3931 1833 3997 damnas
1867 3968 1958 3981 -

526 4019 909 4085 condemnas
948 4022 1211 4103 diceret,
1250 4028 1359 4111 qui
1393 4046 1648 4091 versum
1685 4026 1966 4111 effugere
2002 4024 2192 4091 vellet
2225 4058 2318 4073 ·--
