2784 4575
829 261 932 314 DE
966 259 1455 318 1NVENT10NE
1489 262 1537 318 1.
1574 217 1803 318 <sl-ss.
2222 249 2347 319 135

279 383 436 470 quid
491 381 717 448 attinet
775 383 1138 463 ostendere,
1203 384 1374 469 quod
1434 383 1634 450 cuivis
1695 385 1881 452 facile
1940 387 2346 474 perspicuum

279 481 418 546 est?
473 477 704 564 quodsi
735 478 828 546 ita
861 489 988 558 est,
1043 502 1126 544 ex
1161 479 1282 546 hoc
1318 490 1382 545 et
1428 503 1507 545 ex
1552 503 1657 558 eo,
1713 482 1885 564 quod
1926 497 2349 568 proposuera-

279 594 454 652 mus,
502 574 625 638 hoc
660 573 1015 652 conficitur,
1067 585 1429 662 separatum
1463 595 1607 640 esse
1652 573 1953 659 quiddam
1988 600 2027 640 a
2059 579 2349 663 proposi-

281 666 455 734 tione
489 667 1040 756 approbationem:
1095 669 1196 734 sin
1242 679 1453 734 autem
1496 669 1587 734 ita
1630 680 1754 747 est,
1809 669 2045 736 falsum
2087 681 2187 737 est
2219 694 2348 736 non
2554 733 2557 738 .

282 784 429 830 esse
489 762 636 850 plus
701 784 893 847 quam
966 760 1342 850 tripertitam
1414 764 2044 850 argumentationem.
2158 765 2346 830 simili
2388 790 2441 831 64

278 857 474 924 modo
523 857 725 942 liquet
777 857 1040 923 alteram
1094 879 1347 942 quoque
1409 859 1930 946 approbationem
1990 870 2349 946 separatam

280 973 430 1020 esse
466 953 547 1018 ab
591 950 1025 1040 assumptione
1037 977 1066 1019 ε.
1101 953 1158 1019 si
1191 953 1467 1037 quadam
1508 953 1577 1017 in
1612 953 2157 1040 argumentatione
2192 954 2347 1018 satis
2420 1033 2425 1038 .

283 1057 390 1112 est
429 1047 526 1112 uti
568 1047 1011 1136 adsumptione
1057 1059 1122 1114 et
1161 1070 1293 1114 non
1336 1058 1587 1135 oportet
1638 1049 1985 1136 adiungere
2038 1049 2350 1135 approba-

285 1139 529 1206 tionem
583 1141 1038 1228 adsumptioni,
1095 1144 1371 1227 quadam
1424 1153 1635 1208 autem
1686 1142 1753 1206 in
1806 1142 2349 1230 argumentatione

279 1235 537 1302 infirma
571 1247 670 1304 est
703 1237 1094 1326 adsumptio,
1152 1237 1276 1304 nisi
1321 1236 1621 1302 adiuncta
1664 1237 1748 1302 sit
1791 1237 2191 1324 approbatio,
2246 1259 2349 1302 se-

277 1341 575 1418 paratum
636 1332 936 1417 quiddam
989 1342 1171 1421 extra
1231 1333 1742 1420 adsumptionem
1792 1344 1894 1398 est
1954 1331 2343 1420 approbatio·

283 1436 386 1491 est
421 1437 634 1494 autem
667 1427 1130 1514 argumentatio
1165 1427 1505 1513 quaedam,
1560 1427 1628 1492 in
1663 1448 1789 1511 qua
1826 1426 2183 1514 adsumptio
2217 1449 2348 1491 non

279 1519 527 1607 indiget
579 1521 1080 1608 approbationis,
1145 1531 1218 1587 ut
1263 1523 1701 1600 os-tendemus3
1756 1521 2068 1605 quaedam
2114 1531 2344 1598 autem,

279 1613 350 1680 in
386 1635 512 1700 qua
554 1615 713 1680 nihil
757 1616 930 1682 valet
971 1616 1108 1682 sine
1153 1617 1638 1704 approbatione=
1688 1627 1981 1703 separata
2020 1616 2214 1702 igitur
2249 1625 2349 1680 est

282 1708 366 1774 ab
419 1710 864 1798 adsumptione
917 1710 1308 1798 approbatio.
1416 1710 1821 1777 ostendemus
1878 1719 2118 1787 autem,
2174 1708 2346 1792 quod
2389 1733 2440 1773 65

277 1804 566 1892 polliciti·
610 1828 857 1884 sumus,
928 1806 1052 1874 hoc
1111 1807 1332 1872 modoz
1404 1818 1493 1872 est
1553 1806 2025 1894 aryumentqtiO‚
2092 1807 2162 1868 in
2224 1825 2347 1889 qua

279 1902 430 1986 quia
471 1900 874 1986 perspicuam
919 1900 1212 1967 omnibus
1258 1899 1589 1966 veritatem
1642 1898 1921 1965 continet
1966 1896 2345 1982 adsumptio,

277 1992 440 2058 nihil
472 1987 727 2082 indiget
753 1995 1246 2082 approbationis.
1284 2017 1363 2060 ea
1396 2004 1496 2060 est
1518 1993 1709 2058 huius
1738 1992 1939 2058 modi:
1978 1991 2065 2057 ‘si
2100 2001 2349 2077 oportet

279 2088 448 2156 velle
477 2113 723 2179 sapere,
751 2091 904 2156 dare
930 2113 1190 2179 operam
1212 2089 1655 2178 philosophiae
1682 2087 2015 2154 convenit?
2070 2087 2175 2151 hic
2200 2109 2347 2175 pro-

278 2181 515 2270 positio
549 2184 794 2271 indiget
827 2183 1297 2271 approbationis
1309 2211 1328 2263 ;
1365 2207 1496 2250 non
1534 2183 1703 2249 enim
1727 2183 2067 2269 perspicua
2101 2191 2199 2246 est
2234 2203 2347 2246 ne-

283 2299 412 2361 que
431 2289 676 2345 constat
689 2278 854 2346 inter
871 2279 1098 2358 omnis,
1117 2291 1455 2368 propterea
1471 2279 1643 2364 quod
1659 2277 1840 2343 multi
1858 2277 2014 2342 nihil
2040 2276 2347 2363 prodesse

285 2370 770 2460 philosophiam,
790 2374 1074 2460 plerique
1091 2373 1284 2439 etiam
1301 2374 1531 2440 obesse
1550 2373 1957 2448 arbitrant-um
1986 2370 2347 2457 adsumptio

284 2466 624 2555 perspicua
667 2480 792 2547 est;
849 2479 950 2533 est
993 2468 1162 2534 enim
1214 2467 1403 2533 haec:
1460 2474 1737 2554 ‘oportet
1781 2476 1995 2530 autem
2038 2464 2201 2528 velle
2246 2486 2349 2527 sa·-

281 2561 474 2647 pere.'
563 2561 686 2627 hoc
730 2561 878 2646 quia
918 2562 1132 2649 ipsum
1175 2584 1257 2628 ex
1303 2584 1372 2627 se
1406 2560 1785 2649 perspicitur
1832 2570 1895 2624 et
1938 2576 2159 2622 verum
2202 2576 2347 2620 esse

285 2652 696 2741 intellegitur,
751 2656 908 2722 nihil
954 2656 1178 2722 attinet
1221 2650 1585 2743 approbari}
1640 2676 1767 2738 qua
1816 2676 1885 2717 re
1942 2650 2154 2715 statim
2198 2670 2347 2712 con-

287 2747 603 2815 cludenda
653 2761 752 2817 est
803 2751 1286 2839 argumentatio.
1384 2760 1485 2815 est
1536 2771 1689 2835 ergo
1742 2744 2102 2829 adsumptio
2156 2762 2349 2825 quae—

289 2840 466 2921 dam,
514 2866 673 2928 quae
709 2844 1181 2932 approbationis
1216 2866 1346 2910 non
1387 2842 1661 2929 indiget3
1706 2862 1855 2904 nam
1902 2836 2220 2922 quandam
2252 2835 2349 2899 in-

288 2936 508 3024 digere
533 2940 939 3027 perspicuum
967 2951 1066 3005 est
1074 2965 1093 3019 3
1133 2947 1427 3026 separata
1452 2947 1554 3003 est
1576 2936 1769 3023 igitur
1798 2934 1878 2998 ab
1908 2930 2349 3017 adsumptione

289 3032 691 3119 approbati03
727 3034 963 3100 falsum
1001 3058 1154 3122 ergo
1191 3042 1292 3099 est
1324 3055 1455 3099 non
1490 3053 1633 3097 esse
1667 3029 1815 3116 plus
1853 3049 2041 3112 quam
2076 3023 2351 3112 triperti-
2385 3113 2399 3133 .

284 3135 416 3191 tam
445 3128 1074 3214 argumentationem.
1148 3139 1352 3212 atque-
1371 3149 1455 3193 ex
1481 3126 1579 3191 his
1607 3123 1765 3189 illud
1788 3122 1917 3187 iam
1942 3119 2349 3209 perspicuum
2383 3113 2451 3226 {g

285 3229 415 3297 est,
459 3243 604 3287 esse
642 3223 961 3305 quandam
997 3221 1636 3309 argumentationem,
1691 3218 1759 3282 in
1794 3239 1921 3301 qua
1962 3236 2167 3300 neque
2202 3236 2381 3301 pro--

284 3314 518 3399 positio
570 3336 778 3399 neque
831 3316 1190 3402 adsumptio
1251 3314 1538 3402 indigeat
1597 3310 2068 3400 approbationis
2081 3358 2098 3387 ,
2160 3308 2349 3373 huius

286 3406 489 3486 modi,
535 3420 608 3474 ut
643 3420 884 3475 certum
919 3409 1220 3494 quiddam
1262 3419 1327 3475 et
1357 3410 1555 3474 breve
1600 3404 1875 3492 exempli
1917 3426 2113 3469 causa
2150 3423 2351 3488 pona-

287 3522 464 3567 mus:
525 3502 611 3567 ‘si
665 3525 914 3569 summo
966 3525 1158 3591 opere
1212 3502 1525 3590 sapientia
1582 3500 1859 3588 petenda
1911 3508 2037 3574 est,
2102 3516 2351 3559 summo

285 3616 480 3682 opere
517 3596 782 3663 stultitia
816 3597 1076 3663 vitanda
1109 3607 1236 3674 est;
1285 3617 1533 3663 summo
1570 3604 1782 3661 autem
1817 3596 2007 3679 opere
2044 3586 2355 3673 sapientia

283 3690 566 3775 petenda
609 3703 710 3758 est
718 3716 738 3771 3
793 3715 1041 3759 summo
1093 3691 1288 3778 igitur
1341 3712 1531 3778 opere
1586 3686 1851 3755 stultitia
1902 3680 2161 3748 vitanda
2212 3677 2347 3743 est?

283 3782 392 3848 hic
443 3795 510 3851 et
567 3788 918 3873 propositio
981 3799 1047 3853 et
1107 3786 1467 3872 ademptio
1528 3782 1867 3871 perspicua
1918 3787 2043 3854 est;
2108 3794 2233 3857 qua
2281 3794 2351 3837 re

289 3889 516 3945 neutra
557 3903 812 3967 quoque
853 3882 1099 3971 indiget
1149 3880 1624 3970 approbatione.
1715 3900 1795 3941 ex
1836 3874 2013 3939 hisce
2056 3867 2349 3964 omnibus

288 3968 450 4037 illud
500 3978 911 4065 perspicuum
961 3989 1060 4043 est
1113 3973 1634 4066 approbationem
1686 3981 1822 4035 tum
1874 3963 2133 4052 adiungi
2143 4009 2176 4075 ,Ο
2208 3973 2353 4073 tum

285 4087 422 4134 non
465 4070 755 4161 adiungi,
814 4095 896 4141 ex
939 4094 1064 4158 quo
1107 4071 1511 4161 cognoscitur
1562 4086 1769 4150 neque
1811 4062 1880 4129 in
1920 4068 2353 4150 propositione
