2784 4575
827 287 934 342 DE
968 285 1465 381 INVENTIONEJ
1492 287 1539 342 Ι.
1574 287 1743 342 3—5.
2194 277 2317 343 105

251 413 320 488 in
371 410 640 500 publicis
695 411 884 476 rebus
937 409 1198 478 infantis
1246 421 1311 474 et
1352 409 1707 496 insipientis
1762 402 2063 478 homines*
2096 413 2315 479 solitos

255 530 398 572 esse
443 505 685 572 versari
728 526 848 570 nec
893 527 1044 570 vero
1091 505 1175 569 ad
1215 504 1497 590 privatas
1544 527 1771 570 causas
1806 529 2075 593 magnos
2112 529 2188 574 ac
2223 507 2318 571 di-

203 621 208 626 ·
255 612 459 668 sertos
495 599 786 666 homines
821 599 1150 676 accedere,
1199 600 1315 664 sed
1359 621 1505 664 cum
1539 623 1579 664 a
1614 599 1875 666 summis
1921 600 2073 666 viris
2116 602 2319 666 maxi-

255 718 397 760 mae
431 717 533 760 res
573 692 1188 771 administrarentur,
1226 692 1494 759 arbitror
1530 693 1687 759 alios
1724 693 1925 759 fuisse
1960 717 2091 760 non
2122 694 2319 759 incal-

253 789 418 855 lidos
464 787 786 866 homines,
840 786 949 871 qui
1003 787 1085 850 ad
1123 809 1356 873 parvas
1413 787 1876 854 controversias
1928 787 2318 875 privatorum

256 883 659 960 accederent3
717 881 946 966 quibus
997 880 1067 944 in
1120 881 1565 947 controversiis
1618 901 1764 947 cum
1816 903 2009 968 saepe
2054 907 2093 947 a
2142 905 2321 948 men-

257 977 438 1042 dacio
476 985 697 1043 contra
730 997 951 1040 verum
989 985 1157 1054 stare
1191 974 1482 1040 homines
1519 974 2033 1053 consuescerent,
2072 976 2325 1041 dicendi

258 1069 608 1134 adsiduitas
655 1067 811 1135 aluit
864 1067 1223 1146 audaciam,
1277 1079 1350 1133 ut
1391 1069 1753 1136 necessario
1802 1066 2187 1158 [superiores
2230 1069 2323 1135 illi

255 1174 516 1250 propter
559 1161 820 1227 iniurias
867 1161 1129 1249 civium]
1175 1163 1474 1229 resistere
1528 1162 1873 1230 audacibus
1921 1174 1986 1252 01
2028 1164 2325 1252 opitulari

258 1257 394 1322 suis
446 1256 715 1343 quisque
769 1257 1146 1324 necessariis
1201 1269 1554 1344 cogeretur.
1641 1259 1854 1344 itaque
1912 1281 2058 1324 cum
2107 1259 2177 1324 in
2228 1259 2323 1324 di·-

257 1352 459 1416 cendo
517 1373 711 1438 saepe
761 1374 908 1436 par,
971 1374 1100 1417 non
1153 1374 1501 1437 numquam
1555 1351 1747 1416 etiam
1808 1353 2094 1440 superior
2146 1353 2321 1419 visus

259 1455 432 1509 esset
464 1446 549 1522 is,
605 1445 715 1528 qui
759 1445 996 1510 omisso
1043 1445 1252 1510 studio
1309 1445 1655 1532 sapientiae
1697 1444 1856 1511 nihil
1910 1447 2032 1512 sibi
2072 1458 2325 1534 praeter

259 1539 688 1621 eloquentiam
713 1549 1165 1624 comparasset,
1199 1539 1411 1617 fiebat,
1448 1550 1521 1604 ut
1554 1549 1621 1604 et
1650 1540 2069 1606 multitudinis
2107 1553 2173 1608 01
2206 1565 2322 1608 0110

259 1631 494 1697 iudicio
523 1631 776 1719 dig-nus,
813 1631 922 1716 qui
947 1654 1084 1696 rem
1109 1632 1435 1719 publicam
1468 1644 1737 1720 gereret,
1774 1633 2113 1699 videretur.
2174 1635 2325 1699 hinc

258 1726 559 1792 nimirum
597 1723 755 1813 [non
786 1724 1076 1812 iniuria],
1125 1748 1271 1791 cum
1315 1727 1400 1792 ad
1432 1727 1864 1814 gubernacula
1895 1728 1990 1792 rei
2031 1727 2325 1838 publicae

260 1820 578 1886 temerarii
613 1830 800 1904 atque
839 1820 1112 1886 audaces
1149 1820 1439 1886 homines
1477 1832 1902 1900 accesserant,
1938 1821 2217 1886 maxima
2251 1843 2325 1886 ac

261 1915 616 1980 miserrima
665 1915 1002 2002 naufragia
1051 1915 1316 1980 fiebant.
1371 1915 1601 2000 quibus
1652 1917 1844 1982 rebus
1898 1926 2144 1981 tantum
2197 1915 2327 1982 odii

261 2021 450 2095 atque
493 2009 770 2077 invidiae
815 2011 1097 2096 suscepit
1140 2010 1529 2094 eloquentia,
1584 2022 1656 2074 ut
1697 2009 1985 2076 homines
2038 2010 2327 2098 ingenio-

263 2105 500 2172 sissimi
535 2105 719 2191 quasi
755 2129 837 2171 ex
873 2105 1084 2190 aliqua
1119 2106 1374 2171 turbida
1407 2116 1785 2192 tempestate
1818 2105 1887 2170 in
1920 2116 2194 2193 portum,
2234 2105 2327 2170 sic

261 2223 344 2264 ex
397 2200 702 2266 seditiosa
755 2222 830 2265 ac
883 2199 1276 2266 tumultuosa
1325 2199 1461 2265 vita
1503 2222 1575 2265 se
1617 2199 1685 2264 in
1739 2199 2019 2265 studium
2070 2198 2327 2284 aliquod

210 2349 225 2370 ,,
262 2294 584 2359 traderent
627 2294 928 2378 quietum.
1019 2317 1146 2380 qua
1185 2318 1255 2360 re
1297 2295 1457 2359 mihi
1506 2294 1799 2360 videntur
1849 2305 2075 2382 postea
2116 2306 2328 2377 cetera

265 2388 478 2453 studia
524 2399 700 2454 recta
749 2400 938 2473 atque
999 2389 1270 2455 honesta
1318 2413 1435 2476 per
1495 2388 1693 2455 otium
1754 2389 2193 2455 concelebrata
2245 2390 2327 2455 ab

261 2482 518 2569 optimis
564 2482 896 2560 enituisse,
942 2484 1066 2549 hoc
1108 2506 1260 2548 vero
1297 2507 1337 2547 a
1377 2482 1699 2569 plerisque
1746 2506 1963 2548 eorum
2006 2482 2327 2561 desertum

263 2577 656 2643 obsolevisse
692 2588 995 2663 tempore,
1033 2598 1158 2661 quo
1193 2576 1392 2641 multo
1423 2575 1859 2664 vehementius
1896 2586 2033 2641 erat
2054 2576 2329 2639 retinen-

265 2672 418 2735 dum
454 2680 519 2734 et
553 2668 900 2735 studiosius
937 2669 1415 2755 adaugendum3
1460 2692 1612 2733 nam
1655 2691 1779 2754 quo
1825 2668 2147 2755 indignius
2190 2690 2327 2733 rem
2360 2693 2386 2734 5

265 2762 782 2829 honestissimam
827 2772 895 2825 et
935 2761 1356 2826 rectissimam
1402 2761 1683 2826 violabat
1726 2761 2061 2826 stultorum
2105 2773 2169 2825 01
2210 2760 2330 2836 1111-

264 2856 608 2945 proborum
643 2853 964 2921 temeritas
1011 2865 1075 2920 et
1120 2855 1386 2920 audacia
1430 2878 1677 2921 summo
1714 2876 1859 2919 cum
1899 2854 1992 2919 rei
2035 2854 2328 2942 publicae

267 2951 672 3029 detrimentO,
717 2971 794 3015 eo
841 2948 1186 3015 studiosius
1232 2958 1297 3014 et
1339 2948 1465 3014 illis
1508 2948 1933 3015 resistendum
1976 2948 2097 3013 fuit
2141 2960 2206 3015 et
2236 2950 2331 3016 rei

265 3045 558 3133 publicae
609 3043 1086 3110 consulendum.
1187 3043 1360 3127 quod
1412 3053 1702 3111 nostrum
1752 3043 1931 3109 illum
1982 3066 2111 3109 non
2164 3044 2331 3131 fugit
2362 3055 2400 3111 4

269 3138 584 3206 Catonem
634 3160 840 3223 neque
884 3138 1180 3204 Laelium
1233 3160 1442 3223 neque
1497 3160 1742 3217 00111111,
1796 3147 1867 3203 111
1908 3160 2057 3203 vere
2100 3137 2326 3216 dicam,

267 3233 648 3320 discipulum
682 3233 1062 3299 Africanum
1096 3244 1303 3319 neque
1343 3232 1672 3299 Gracchos
1706 3233 2000 3299 Africani
2032 3244 2327 3319 nepotes:

269 3328 496 3411 quibus
531 3327 600 3391 111
632 3327 992 3394 hominibus
1030 3339 1168 3394 erat
1203 3350 1451 3393 summa
1479 3328 1679 3393 virtus
1717 3338 1783 3393 01
1816 3350 2065 3393 summa
2098 3326 2329 3393 virtute

269 3420 652 3506 amplificata
685 3422 1026 3487 auctoritas
1063 3433 1153 3501 et,
1200 3443 1362 3506 quae
1400 3432 1464 3487 et
1496 3422 1597 3487 his
1631 3424 1823 3488 rebus
1859 3432 2231 3488 ornamento
2267 3438 2331 3486 et

267 3514 362 3579 rei
413 3513 704 3600 publicae
753 3516 1074 3601 praesidio
1138 3527 1338 3595 esset,
1402 3516 1779 3601 eloquentia.
1887 3516 2013 3600 qua
2062 3538 2133 3581 re
2184 3536 2329 3581 meo

269 3608 527 3694 quidem
573 3608 784 3674 animo
833 3610 1034 3676 nihilo
1083 3611 1294 3677 minus
1344 3610 1739 3695 eloquentiae
1784 3610 2165 3676 studendum
2210 3619 2329 3686 est,

270 3704 392 3771 etsi
427 3726 505 3769 ea
539 3702 798 3788 quidam
843 3715 907 3769 et
946 3704 1246 3791 privatim
1288 3715 1352 3770 et
1392 3705 1645 3791 publice
1691 3707 2029 3771 abutuntur
2034 3729 2055 3783 3
2102 3702 2218 3767 sed
2253 3724 2329 3768 eo

268 3799 527 3883 quidem
579 3798 1047 3877 vehementius,
1111 3822 1194 3863 ne
1247 3798 1401 3863 mali
1451 3822 1686 3887 magno
1750 3822 1894 3863 cum
1954 3796 2331 3863 detrimento

271 3891 581 3958 bonorum
616 3904 680 3959 et
715 3893 1034 3959 communi
1059 3893 1342 3959 omnium
1366 3894 1647 3979 pernicie
1680 3894 2021 3979 plurimum
2052 3890 2302 3977 possint
2308 3916 2327 3970 3

271 4006 416 4049 cum
467 3987 840 4073 praesertim
893 3989 1016 4054 hoc
1069 3988 1153 4053 sit
1203 4010 1429 4066 unum,
1496 3988 1665 4071 quod
1718 3988 1801 4052 ad
1852 3986 2057 4051 omnis
2109 4008 2213 4051 res
2266 3994 2331 4051 01

267 4077 548 4165 privatas
603 4094 666 4147 et
713 4081 1003 4169 publicas
1067 4081 1343 4147 maxime
1402 4082 1743 4168 pertineat,
1806 4081 1928 4146 hoc
1980 4089 2143 4159 tuta,
2206 4079 2329 4145 hoc
