2784 4575
702 225 806 281 AD
847 223 907 279 G.
941 224 1407 283 HERENNIUM
1442 224 1515 280 11.
1552 224 1793 279 44-46,
2193 212 2276 279 35

223 352 456 419 alteros
491 349 875 436 vituperare:
912 347 1051 413 fieri
1085 347 1255 413 enim
1296 358 1526 435 potest,
1563 358 1655 426 ut,
1694 370 1839 413 cum
1873 348 2103 414 alteros
2139 372 2277 413 ma-

223 445 325 535 gis
370 443 666 523 laudaris,
704 443 982 527 aliquam
1023 442 1234 507 alteris
1279 452 1525 528 partem
1569 441 1773 507 laudis
1822 442 2147 521 attribuas,
2194 464 2277 507 ne

225 538 512 626 cupidius
556 558 879 625 pugnasse
924 548 1144 602 contra
1187 534 1517 601 'veritatem
1556 536 1818 623 puteris.
1907 536 2060 602 item
2094 536 2279 603 vitio-

225 655 368 699 sum
422 642 522 697 est
576 632 655 697 de
707 630 961 696 nomine
1006 641 1070 695 et
1111 630 1423 696 vocabulo
1468 629 1961 695 controversiam
2014 639 2274 708 struere,

223 748 416 811 quam
448 749 584 791 rem
620 724 1010 791 consuetudo
1047 724 1281 810 optime
1314 735 1529 811 potest
1568 723 1875 791 iudicare:
1920 722 2095 789 velut
2131 722 2279 789 Sul-

222 820 424 907 picius
436 868 455 898 ,
511 818 620 903 qui
661 818 1136 895 intercesserat,
1191 840 1272 883 ne
1308 818 1560 897 exules,
1614 817 1844 902 quibus
1889 839 2148 886 causam
2183 817 2278 882 di-

216 936 366 979 cere
409 935 540 978 non
591 912 899 990 licuisset,
943 912 1422 991 reducerentur,
1476 912 1649 977 idem
1688 912 2004 1000 posterius
2048 912 2277 977 immu-

215 1018 356 1072 tata
399 1007 752 1084 voluntate,
807 1028 951 1071 cum
1004 1007 1271 1071 eandem
1313 1005 1526 1093 legem
1560 1006 1781 1086 senet,
1836 1011 1944 1073 sed
1984 1007 2173 1071 aliam
2209 1030 2279 1073 se

213 1102 390 1165 ferre
427 1100 664 1165 diceret
695 1110 952 1187 propter
986 1100 1314 1190 nominum
1349 1100 1923 1178 commutationem,
1958 1123 2091 1166 non
2126 1122 2280 1165 exu-

216 1195 344 1272 les,
393 1194 509 1259 sed
542 1194 609 1257 vi
641 1194 876 1259 eiectos
915 1216 986 1259 se
1018 1194 1321 1259 reducere
1366 1194 1618 1260 dicebat
1625 1219 1643 1273 3
1688 1195 1953 1282 proinde
1998 1194 2179 1279 quasi
2213 1194 2281 1259 id

222 1288 455 1353 fuisset
495 1287 563 1353 in
607 1288 1064 1366 controversia,
1114 1310 1238 1372 quo
1283 1288 1376 1351 illi
1420 1289 1675 1353 nomine
1711 1290 2175 1377 appellarentur
2214 1286 2281 1374 [a

213 1382 456 1468 populo
491 1380 813 1468 Romano]
829 1428 846 1457 ,
903 1391 1014 1446 aut
1045 1382 1310 1467 proinde
1346 1381 1529 1465 quasi
1572 1405 1701 1447 non
1744 1406 1993 1462 omnes,
2049 1383 2277 1467 quibus

223 1496 388 1557 aqua
421 1485 486 1539 et
518 1473 653 1561 igni
685 1474 1089 1538 interdictum
1124 1486 1249 1552 est,
1297 1476 1517 1541 exules
1556 1477 1970 1563 appellentur.
2059 1500 2281 1542 verum

219 1568 312 1631 illi
376 1567 649 1632 fortasse
709 1566 1129 1652 ignoscimus,
1193 1568 1249 1633 si
1312 1589 1458 1632 cum
1518 1589 1713 1633 causa
1773 1570 1951 1646 fecit3
2013 1591 2131 1635 nos
2186 1582 2281 1633 ta-

213 1682 367 1725 men
402 1658 846 1745 intellegamus
881 1660 1181 1725 vitiosum
1226 1682 1371 1725 esse
1414 1660 1740 1726 intendere
1786 1662 2279 1726 controversiam

220 1764 478 1841 propter
510 1753 841 1818 nominum
875 1753 1453 1820 commutationem.

343 1846 667 1930 Quoniam
709 1848 1036 1915 exornatio
1083 1859 1332 1914 constat
1375 1871 1457 1914 ex
1511 1848 1819 1913 similibus
1864 1860 1929 1913 et
1971 1846 2277 1934 exemplis
2314 1848 2381 1903 29

220 1952 286 2007 et
326 1943 518 2009 rebus
569 1942 862 2007 iudicatis
909 1953 971 2008 et
1025 1941 1617 2029 amplificationibus
1674 1954 1736 2008 et
1788 1942 2011 2009 ceteris
2063 1942 2277 2019 rebus,
2321 1920 2377 1963 ⁴⁶

219 2058 384 2120 quae
426 2035 745 2124 pertinent
787 2037 871 2102 ad
913 2038 1354 2124 exaugendam
1398 2048 1463 2101 et
1505 2037 2137 2123 conlocupletandam
2178 2059 2281 2100 ar-

212 2131 784 2217 gumentationem,
839 2153 1002 2217 quae
1039 2131 1165 2197 sint
1205 2130 1273 2196 in
1309 2131 1401 2198 eis
1444 2134 1636 2197 rebus
1682 2132 1863 2211 vitia,
1922 2131 2280 2198 considere-

217 2247 382 2292 mus.
464 2226 666 2291 simile
703 2225 1002 2292 vitiosum
1036 2237 1153 2305 est,
1191 2226 1362 2312 quod
1400 2248 1481 2292 ex
1515 2227 1725 2312 aliqua
1756 2237 1937 2314 parte
1973 2224 2278 2292 dissimile

215 2330 490 2385 estnec
541 2320 734 2385 habet
783 2343 1004 2407 parem
1054 2321 1365 2387 rationem
1421 2320 1940 2408 comparationis,
1996 2333 2105 2386 aut
2158 2344 2276 2406 quo

222 2412 345 2479 sibi
385 2412 510 2500 ipsi
553 2416 764 2492 obest,
821 2415 929 2499 qui
973 2415 1198 2480 adfert.
1288 2415 1653 2502 exemplum
1694 2415 1994 2480 vitiosum
2040 2424 2168 2492 est,
2224 2414 2280 2479 si

217 2519 332 2574 aut
364 2509 599 2574 falsum
634 2522 760 2588 est,
798 2521 870 2575 ut
902 2511 1431 2596 reprehendatur,
1470 2521 1580 2575 aut
1612 2510 1997 2596 improbum,
2044 2518 2117 2572 ut
2150 2531 2280 2573 non

221 2603 306 2666 sit
337 2602 739 2680 imitandum,
798 2615 906 2668 aut
939 2603 1153 2668 maius·
1191 2613 1301 2667 aut
1333 2603 1545 2668 minus
1592 2626 1784 2687 quam
1826 2625 1929 2668 res
1973 2600 2273 2688 postulat.

214 2716 322 2760 res
358 2694 634 2760 iudicata
666 2696 894 2760 vitiose
928 2696 1312 2783 proferetur,
1351 2697 1407 2760 si
1442 2706 1551 2760 aut
1586 2695 1877 2760 dissimili
1910 2695 1991 2759 de
2026 2716 2096 2760 re
2128 2715 2276 2780 pro-

219 2788 483 2867 feretur,
539 2799 648 2853 aut
683 2789 761 2854 de
798 2811 876 2853 ea
916 2812 1013 2867 re,
1068 2811 1195 2872 qua
1228 2790 1310 2853 de
1354 2788 1786 2854 controversia
1819 2810 1949 2853 non
1983 2790 2111 2864 est‘,
2168 2797 2277 2851 aut

213 2881 534 2970 improba,
598 2894 707 2948 aut
749 2883 884 2949 eius
937 2882 1139 2960 modi,
1191 2892 1265 2947 ut
1309 2893 1420 2947 aut
1468 2880 1681 2968 plures
1736 2891 1847 2946 aut
1888 2879 2094 2968 magis
2139 2880 2276 2945 ido-

215 2971 376 3042 neae
410 2998 515 3042 res
551 2977 866 3043 iudicatae
913 2978 993 3043 ab
1029 2977 1409 3042 adversariis
1454 2973 1724 3063 proferri
1764 2974 2032 3062 possint.
2121 2974 2275 3040 item

213 3071 517 3137 vitiosum
551 3083 650 3136 est
691 3072 777 3150 id,
815 3072 986 3156 quod
1021 3071 1365 3137 adversarii
1393 3071 1634 3135 factum
1670 3092 1811 3135 esse
1839 3069 2271 3147 confiteantur,

217 3165 298 3230 de
335 3187 410 3230 eo
456 3166 886 3252 argumentari
929 3178 993 3232 et
1034 3167 1295 3253 planum
1347 3167 1557 3231 facere
1614 3165 1854 3230 factum
1899 3187 2070 3245 esse,
2125 3189 2276 3229 nam

211 3259 284 3322 id
327 3283 563 3346 augere
598 3271 864 3348 oportet.
951 3261 1106 3327 item
1149 3261 1449 3326 vitiosum
1486 3270 1613 3338 est,
1669 3259 1737 3324 id
1789 3282 2051 3346 augere,
2107 3260 2279 3343 quod

217 3354 515 3419 convenit
549 3354 804 3435 docere,
851 3355 973 3420 hoc
1006 3354 1226 3434 mod0,
1271 3366 1345 3420 ut
1389 3355 1444 3420 si
1480 3353 1622 3439 quis
1658 3375 1849 3438 quem
1895 3364 2120 3441 arguat
2164 3353 2279 3418 ho-

215 3443 455 3509 minem
499 3447 807 3514 occidisse
844 3461 934 3527 et,
989 3459 1330 3533 antequam
1375 3447 1530 3513 satis
1573 3447 1837 3514 idoneas
1876 3457 2278 3534 argumenta-

211 3538 424 3604 tiones
463 3541 768 3619 attulerit,
815 3553 1048 3629 augeat
1079 3554 1414 3631 peccatum
1453 3553 1519 3608 et
1560 3541 1730 3606 dicat
1762 3540 1919 3604 nihil
1950 3538 2272 3626 indignius

213 3656 393 3712 esse,
456 3657 648 3718 quam
700 3635 1022 3702 hominem
1084 3636 1403 3703 occidere:
1465 3658 1597 3701 non
1648 3635 1844 3712 enim,
1906 3644 2119 3698 utrum
2179 3633 2275 3698 in-

212 3727 485 3814 dignum
521 3727 606 3792 sit
641 3751 723 3793 an
756 3750 913 3806 non,
952 3729 1067 3796 sed
1093 3730 1425 3805 factumne
1463 3729 1572 3806 sit,
1610 3729 1948 3814 quaeritur.

340 3820 719 3910 Complexio
770 3821 1001 3889 vitiosa
1053 3834 1182 3904 est,
1249 3846 1413 3910 quae
1461 3845 1592 3889 -non
1644 3822 1917 3909 primum
1978 3821 2273 3905 quidque,

211 3916 390 3999 quod
435 3918 676 3984 dictum
711 3929 836 3997 est,
885 3920 1324 4005 complectitur
1356 3930 1423 3985 et
1457 3940 1619 4004 quae
1654 3939 1783 3982 non
1816 3916 2091 3982 breviter
2125 3937 2274 3982 con-

207 4011 489 4078 cluditur
525 4025 590 4079 et
623 4035 785 4098 quae
821 4036 951 4080 non
987 4037 1068 4080 ex
1095 4013 1567 4080 enumeratione
1596 4022 1838 4078 certum
1874 4023 1939 4077 et
1972 4022 2271 4078 constans

1854 4113 1885 4163 3
1904 4113 1930 4144 t
