2784 4575
949 240 1268 298 ORATOR
1305 241 1546 298 75—84.
2136 231 2280 300 ι295

217 379 535 456 ponentur
595 378 660 434 et
719 363 934 433 nescio
995 365 1166 430 unde
1230 387 1312 430 ex
1371 364 1588 430 abdito
1648 377 1893 444 erutae,
1966 378 2153 451 atque
2212 355 2281 435 in
2328 401 2332 407 ¹

218 464 345 531 hoc
377 474 625 529 oratore
651 460 1168 538 dominabuntur;
1205 459 1603 524 verecundus
1640 460 1758 524 erit
1782 481 1937 526 usus
1974 462 2282 528 oratoriae

218 558 407 641 quasi
442 555 872 644 supellectilis.
962 553 1250 640 supellex
1285 563 1384 619 est
1418 552 1589 618 enim
1632 553 1909 637 quodam
1941 555 2132 621 modo
2167 579 2281 622 no-
2324 587 2377 627 80

209 663 386 731 stra,
422 673 585 738 quae
621 660 722 716 est
753 649 822 714 in
857 648 1274 725 ornamentis,
1321 647 1447 712 alia
1479 669 1721 726 rerum,
1759 648 1883 714 alia
1916 650 2281 730 verborum;

217 756 480 812 ornatus
519 754 732 810 autem
766 743 1108 809 verborum
1141 741 1407 827 duplex:
1459 763 1627 807 unus
1664 741 2072 828 simplicium,
2126 745 2285 812 alter

219 837 723 905 conlocatorum:
789 836 1060 924 simplex
1111 836 1417 922 probatur
1466 835 1535 900 in
1584 836 1856 922 propriis
1909 838 2283 924 usitatisque

217 931 462 1010 verbis,
519 932 691 1017 quod
725 941 838 996 aut
879 929 1115 1018 optime
1169 939 1403 996 sonant
1436 938 1545 993 aut
1577 951 1714 994 rem
1756 930 2031 996 maxime
2067 933 2285 1019 expla-

215 1037 396 1105 nant3
447 1027 516 1091 in
559 1026 782 1092 alienis
819 1037 928 1090 aut
963 1024 1337 1090 translatum
1373 1035 1439 1089 et
1471 1023 1713 1089 factum
1756 1025 2008 1091 aliunde
2040 1035 2115 1092 ut
2146 1049 2285 1092 mu-

219 1131 366 1198 tuo,
420 1130 532 1185 aut
564 1121 805 1186 factum
841 1120 922 1184 ab
965 1119 1107 1205 ipso
1145 1129 1211 1184 et
1241 1140 1482 1186 novum
1518 1128 1627 1182 aut
1666 1118 1949 1205 priscum
1991 1130 2057 1187 et
2088 1120 2287 1187 inusi-

220 1225 424 1280 tatum
432 1239 462 1293 3·
517 1214 635 1280 sed
685 1213 877 1281 etiam
928 1213 1230 1278 inusitata
1282 1234 1359 1278 ac
1407 1211 1621 1298 prisca
1673 1223 1824 1278 sunt
1871 1213 1939 1278 in
1987 1215 2283 1302 propriis,

212 1307 345 1374 nisi
400 1308 572 1394 quod
621 1331 767 1374 raro
818 1307 1072 1374 utimur.
1161 1307 1491 1373 conlocata
1542 1316 1755 1372 autem
1806 1307 2002 1374 verba
2043 1309 2282 1376 habent
2326 1337 2379 1378 81

212 1412 539 1480 ornatum,
595 1402 652 1467 si
695 1400 935 1485 aliquid
986 1398 1427 1466 concinnitatis
1482 1399 1793 1479 efficiunt,
1848 1401 2020 1484 quod
2072 1403 2283 1469 verbis

217 1495 480 1561 mutatis
506 1518 636 1561 non
663 1506 917 1560 maneat
943 1503 1238 1558 manente
1277 1493 1591 1558 sententia
1598 1519 1619 1571 3
1645 1517 1797 1558 nam
1832 1496 2284 1561 sententiarum

219 1599 618 1668 ornamenta,
683 1610 846 1673 quae
897 1598 1298 1675 permanent,
1361 1586 1612 1653 etiamsi
1671 1590 1868 1654 verba
1916 1590 2281 1669 mutaveris,

219 1693 371 1748 sunt
403 1685 516 1748 illa.
549 1683 806 1769 quidem
838 1682 1183 1769 permulta,
1239 1682 1357 1747 sed
1391 1701 1555 1765 quae
1612 1682 1931 1748 emineant
1962 1683 2282 1769 pauciora.

114 1861 123 1868 .
221 1799 375 1864 ergo
408 1777 517 1843 ille
551 1777 760 1843 tenuis
799 1774 1092 1864 [orator],
1107 1853 1110 1856 Α
1127 1776 1318 1842 modo
1355 1774 1441 1840 sit
1475 1775 1757 1861 elegans,
1790 1797 1913 1841 nec
1944 1776 2013 1840 in
2047 1776 2285 1843 facien-

219 1871 320 1936 dis
366 1871 597 1936 verbis.
624 1871 745 1937 erit
797 1870 1008 1936 audax
1053 1879 1119 1934 et
1159 1869 1227 1934 in
1273 1868 1731 1936 transferendis
1782 1869 2176 1937 verecundus
2222 1881 2287 1936 et

221 1986 454 2052 parcus
498 1965 566 2028 in
605 1963 834 2052 priscis
885 1962 1272 2046 reliquisque
1327 1963 1713 2028 ornamentis
1752 1973 1817 2027 et
1849 1963 2197 2031 verborum.
2222 1977 2288 2030 et

220 2058 677 2124 sententiarum
711 2057 1047 2124 demissior
1054 2081 1076 2136 ;
1130 2055 1464 2122 tralatione
1498 2056 1773 2122 fortasse
1809 2057 2113 2135 crebrior,
2160 2079 2287 2143 qua

219 2151 732 2237 frequentissime
797 2154 1006 2217 sermo
1069 2151 1276 2216 omnis
1328 2150 1526 2216 utitur
1575 2173 1708 2216 non
1758 2151 1948 2217 modo
2008 2152 2285 2218 urbano-

218 2267 390 2323 rum,
449 2245 567 2311 sed
619 2246 812 2311 etiam
850 2245 1270 2311 rusticorum:
1326 2244 1639 2331 siquidem
1684 2255 1793 2312 est
1845 2267 2063 2325 eorum
2104 2267 2285 2335 gem-

211 2360 396 2423 ·mare
439 2338 617 2417 vitis,
675 2339 849 2405 sitire
902 2363 1122 2426 agree,
1175 2340 1378 2405 laetas
1426 2362 1569 2405 esse
1625 2338 1908 2426 segetes,
1959 2337 2289 2407 luxuriosa

221 2431 558 2497 frumenta..
645 2432 804 2497 nihil
847 2432 1075 2498 horum
1123 2455 1352 2520 parum
1396 2432 1723 2511 audacter,
1778 2434 1895 2499 sed
1938 2445 2047 2499 aut
2082 2435 2284 2499 simile
2328 2462 2381 2502 ss

223 2535 322 2592 est
361 2524 456 2589 illi
497 2525 668 2590 unde
719 2527 1097 2606 transferas,
1152 2536 1260 2591 aut
1305 2526 1361 2591 si
1402 2548 1506 2591 res
1560 2548 1747 2594 suum
1774 2526 2043 2593 mullum
2094 2527 2287 2594 habet

221 2641 455 2686 nomen
461 2668 482 2698 ,
540 2618 808 2684 docendi
859 2641 1055 2685 causa
1118 2630 1471 2706 sumptum,
1523 2642 1654 2686 non
1705 2621 1967 2687 ludendi
2016 2620 2285 2688 videtur.

222 2714 346 2779 hoc
396 2723 766 2778 ornamento
816 2712 1077 2778 liberius
1139 2712 1332 2800 paulo
1398 2734 1589 2797 quam
1642 2714 1870 2780 ceteris
1921 2724 2133 2779 utetur
2182 2715 2288 2779 hic

224 2806 629 2885 summissus,
682 2827 804 2872 nec
835 2817 968 2873 tam
999 2806 1265 2873 licenter
1298 2817 1540 2885 tamen,
1594 2829 1788 2891 quam
1822 2807 1879 2873 si
1913 2830 2147 2895 genere
2192 2809 2289 2873 di-

224 2902 410 2969 cendi
443 2911 724 2966 uteretur
759 2899 1184 2986 amplissim03
1252 2900 1466 2985 itaque
1499 2900 1659 2965 illud
1690 2901 2078 2981 indecorum,
2116 2902 2288 2987 quod
2318 2925 2393 2980 25

223 2996 408 3083 quale
445 2997 528 3062 sit
562 3019 644 3065 ex
696 2997 928 3063 decoro
979 2998 1169 3063 debet
1202 2996 1486 3084 intellegi
1496 3026 1524 3076 ,·
1568 2995 1673 3063 hic
1718 3018 1967 3083 quoque
2004 3008 2286 3086 apparet,

223 3114 369 3157 cum
418 3091 702 3159 verbum⁸
737 3092 996 3177 aliquod
1047 3092 1234 3158 altius
1291 3091 1669 3157 transfertur
1676 3118 1697 3171 3
1754 3089 1976 3178 [idque
2018 3093 2095 3172 xin
2148 3114 2289 3158 ora-

223 3186 394 3251 tione
431 3185 651 3251 humili
695 3187 980 3273 ponitur,
1033 3186 1207 3271 quod
1240 3186 1413 3251 idem
1445 3186 1513 3251 in
1548 3186 1673 3251 alia
1718 3182 2021 3273 deceret]
2110 3185 2286 3251 illam
2326 3208 2379 3249 83

226 3290 439 3342 autem
490 3278 1006 3358 concinnitatem,
1060 3302 1222 3365 quae
1265 3281 1608 3346 verborum
1650 3278 2149 3345 conlocationem
2190 3279 2289 3344 in·-

224 3369 493 3435 luminat
527 3371 618 3437 eis
652 3371 1026 3451 luminibus,
1080 3396 1244 3457 quae
1281 3373 1515 3441 Graeci
1548 3375 1732 3459 quasi
1783 3372 2028 3457 aliquos
2064 3384 2287 3459 gestus

225 3462 524 3529 orationis
563 3462 864 3550 σχήματα
900 3466 1250 3553 appellant,
1306 3464 1511 3553 [quod
1550 3466 1723 3533 idem
1774 3467 2041 3532 verbum
2075 3467 2157 3532 ab
2194 3467 2286 3531 eis

227 3558 419 3625 etiam
451 3556 520 3624 in
555 3558 1012 3623 sententiarum
1055 3564 1429 3625 ornamenta.
1472 3562 1849 3627 transfertur
1858 3557 1907 3647 ,]
1964 3558 2289 3627 adhibebit

227 3651 484 3738 quidem
527 3651 632 3719 hic
675 3652 954 3732 subtilis,
1010 3675 1200 3739 quem
1241 3654 1368 3719 nisi
1420 3655 1593 3739 quod
1636 3655 1869 3735 solum,
1923 3655 2287 3739 ceteroquin

227 3757 396 3813 recte
454 3746 714 3831 quidam
756 3758 986 3813 vocant
1029 3748 1348 3827 Atticum,
1406 3748 1521 3814 sed
1560 3748 1753 3836 paulo
1802 3748 2084 3837 parcius3
2136 3770 2289 3813 nam

231 3842 394 3907 sicut
425 3841 493 3906 in
527 3842 856 3929 epularum
890 3853 1198 3929 apparatu
1233 3866 1274 3907 a.
1305 3844 1775 3931 magnificentia
1815 3843 2121 3911 recedens
2156 3865 2287 3908 non

231 3956 301 3999 se
341 3958 605 4021 parcum
649 3937 885 4015 solum,
944 3938 1061 4003 sed
1104 3936 1296 4003 etiam
1347 3938 1707 4027 elegantem
1758 3938 1958 4004 videri
1994 3935 2184 4015 volet,
2230 3948 2287 4002 et
2331 3961 2385 4001 84

231 4027 422 4115 eliget
473 4030 700 4115 quibus
764 4042 994 4098 utatur.
1101 4042 1252 4097 sunt
1302 4034 1471 4099 enim
1530 4033 1833 4121 pleraque
1886 4043 2037 4121 apta
2095 4030 2284 4097 huius
