2784 4575
480 277 569 344 66
924 286 1348 345 CORNIFICII
1379 284 2005 345 RHETORICORUM

487 425 654 493 sunt,
692 413 1160 489 aberraverunt,
1197 421 1263 476 et
1297 409 1509 498 specie
1544 410 1872 497 gravitatis
1910 410 2215 476 falluntur
2246 431 2367 476 nec
2400 433 2553 498 per-

381 507 449 563 11
487 510 729 597 spicere
788 517 1060 593 possunt
1119 506 1421 572 orationis
1484 517 1816 572 tumorem.
1929 505 2039 589 qui
2097 505 2167 570 in
2224 505 2551 573 mediocre

417 578 688 688 ⁶genus
741 600 1040 667 orationis
1092 599 1363 687 profecti
1417 610 1591 677 sunt,
1649 600 1704 664 si
1754 599 2085 686 pervenire
2130 621 2208 665 eo
2249 621 2379 665 non
2429 622 2574 686 po-

485 706 757 773 tuerunt,
795 704 1076 759 errantes
1111 693 1493 780 perveniunt
1526 694 1609 757 ad
1644 693 1985 759 confinium
2020 715 2224 781 genus
2260 693 2397 759 eius
2433 716 2552 780 ge—

482 790 672 868 neris,
693 790 865 873 quod
893 788 1284 875 appellamus
1315 787 1713 864 dissolutum,
1736 810 1812 852 eo
1838 789 2011 871 quod
2038 798 2139 853 est
2164 788 2303 853 sine
2329 788 2546 852 nervis

487 900 547 948 et.
587 883 890 960 articulis,
947 879 1048 968 [ut
1080 882 1204 947 hoc
1244 882 1436 947 modo
1491 881 1805 968 appellem
1858 881 2197 960 fluctuans,
2251 904 2330 948 eo
2374 880 2551 965 quod

487 980 746 1044 fluctuat
779 976 905 1042 huc
940 987 1005 1042 et
1037 973 1221 1062 illud]
1260 997 1379 1040 nec
1412 980 1625 1061 potest
1652 976 2016 1042 confirmate
2042 998 2249 1061 neque
2284 975 2550 1041 viriliter

491 1096 627 1136 sess
683 1070 1001 1158 expedire.
1105 1069 1174 1134 id
1225 1080 1325 1134 est
1373 1069 1565 1135 huius
1626 1069 1829 1135 modi:
1894 1069 2079 1135 ‘socii
2137 1071 2339 1136 nostri
2400 1091 2550 1135 cum

487 1168 858 1252 belligerare
900 1163 1236 1231 nobiscum
1286 1165 1551 1243 vellent,
1603 1165 1890 1252 profecto
1932 1164 2287 1230 ratiocinati
2330 1179 2552 1230 essent

491 1264 679 1326 etiam
723 1272 910 1344 atque
955 1259 1172 1338 etiam,
1226 1259 1380 1344 quid
1421 1271 1685 1346 possent
1736 1261 1974 1337 facere,
2032 1260 2088 1324 si
2130 1260 2385 1343 quidem
2429 1282 2551 1324 sua

491 1366 712 1440 spante
765 1355 1047 1420 facerent
1090 1364 1154 1419 et
1195 1376 1324 1433 non
1375 1354 1685 1421 haberent
1734 1354 1883 1419 hinc
1926 1354 2244 1418 adiutores
2287 1354 2546 1432 multos,

490 1448 687 1514 malos
749 1449 1037 1515 homines
1090 1458 1155 1513 et
1214 1448 1494 1514 audacis.
1599 1448 1807 1515 solent
1866 1448 2035 1513 enim
2097 1448 2206 1512 diu
2266 1448 2550 1534 cogitare

488 1565 735 1621 amnes,
790 1542 898 1626 qui
948 1565 1184 1630 magna
1237 1541 1498 1629 negotia
1546 1542 1771 1609 volunt
1820 1542 2050 1628 agere!
2155 1565 2285 1607 non
2335 1552 2549 1628 potest

489 1636 672 1702 huius
724 1636 900 1702 modi
953 1658 1160 1701 sermo
1223 1647 1441 1701 tenere
1504 1646 1812 1701 attentum
1874 1635 2253 1712 auditorem3
2316 1634 2548 1699 diffluit

487 1732 652 1796 enirn
677 1741 868 1809 totus,
903 1752 1112 1817 neque
1139 1730 1479 1816 quicquam
1512 1728 2053 1817 comprehendens
2079 1728 2376 1816 perfectis
2404 1751 2548 1796 ver-

487 1828 583 1888 his
623 1825 1038 1913 amplectitur.
1126 1825 1238 1909 qui
1269 1849 1401 1891 non
1435 1836 1708 1912 possunt
1738 1825 1807 1888 in
1840 1824 1951 1889 illa
1982 1823 2372 1890 facetissima
2404 1846 2545 1889 ver—

491 1922 711 1985 horum
748 1920 1178 1986 attenuatione
1213 1920 1546 1984 commode
1581 1918 1849 1996 versari,
1886 1919 2149 1982 veniunt
2183 1919 2266 1983 ad
2299 1917 2548 1983 aridum

491 2028 551 2080 ct
587 2035 912 2122 exsangue
949 2035 1152 2121 genus
1189 2013 1523 2090 orationis,
1570 2013 1742 2096 quod
1774 2036 1903 2079 non
1939 2013 2213 2078 alienum
2248 2024 2348 2078 est
2380 2012 2546 2077 exile

491 2106 825 2183 naminari,
880 2106 1058 2170 cuius
1092 2106 1268 2171 modi
1303 2116 1403 2171 est
1437 2106 1587 2171 hoc.
1643 2112 1820 2171 ‘nam
1859 2106 2005 2172 istic
2037 2107 2102 2171 in
2138 2106 2403 2173 balineis
2442 2128 2547 2171 ac—

491 2200 683 2265 ssessit
727 2200 810 2264 ad
852 2199 1051 2277 hunc;
1103 2211 1330 2286 postea
1381 2200 1561 2266 dicit:
1617 2201 1748 2266 ‘hic
1792 2211 1938 2266 tuus
1994 2225 2213 2266 servus
2259 2223 2361 2267 me
2404 2201 2547 2287 pul-

491 2292 692 2359 savit!
762 2304 990 2380 postea
1022 2294 1176 2360 dicit
1208 2294 1312 2360 hic
1345 2295 1439 2360 illi
1475 2295 1955 2361 ‘considerab0.'
2027 2307 2176 2382 post
2198 2296 2305 2361 ille
2333 2294 2548 2361 convi-

491 2392 647 2452 tium
691 2387 845 2453 fecit
885 2398 952 2453 et
983 2387 1190 2475 magis
1225 2389 1558 2475 magisque
1592 2400 1925 2477 praesente
1958 2389 2174 2454 multis
2210 2388 2544 2455 clamavit?

491 2481 751 2548 nivolus
803 2481 910 2547 hic
962 2480 1218 2568 quidem
1270 2482 1402 2548 iam
1453 2495 1517 2548 et
1567 2482 1913 2548 inliberalis
1968 2493 2068 2549 est
2119 2505 2355 2560 sermo,
2417 2505 2548 2548 non

491 2576 656 2641 enim
692 2587 793 2642 est
826 2576 1096 2663 adeptus
1132 2576 1226 2656 id,
1281 2578 1456 2662 quod
1490 2578 1684 2643 habet
1727 2587 2052 2642 attenuata
2083 2577 2318 2664 figurat
2368 2577 2545 2663 puris

491 2684 551 2737 nt
607 2670 819 2739 electis
874 2670 1085 2737 verbis
1149 2672 1567 2758 compositam
1629 2671 1997 2737 orationem.
2103 2693 2289 2736 omne
2342 2693 2544 2759 genus

491 2765 815 2843 curationis,
862 2776 928 2831 et
959 2788 1222 2853 gravem
1257 2778 1322 2831 et
1354 2766 1737 2832 mediocrem
1772 2776 1838 2830 et
1872 2775 2287 2842 attenuatam,
2342 2764 2547 2851 digni-

491 2873 615 2925 tate
669 2860 971 2924 adficiunt
1022 2860 1463 2927 exornationes
1476 2908 1494 2937 ,
1559 2861 1637 2924 de
1691 2859 1919 2942 quibus
1980 2870 2129 2944 post
2188 2858 2517 2942 loquemur
2524 2885 2544 2937 3

491 2973 650 3033 quae
687 2953 742 3017 si
775 2974 956 3017 rarae
991 2952 1435 3039 disponentur,
1482 2952 1845 3017 distinctam
1880 2951 2067 3015 sicuti
2100 2950 2445 3031 coloribus,
2491 2954 2548 3018 si

491 3045 746 3109 crebrae
792 3044 1314 3123 conlocabuntur,
1367 3045 1631 3111 oblitam
1671 3044 1942 3110 reddent
1975 3045 2341 3110 orationem.
2431 3048 2547 3113 sed

491 3141 757 3221 figmram
789 3138 859 3203 in
892 3138 1160 3204 dicendo
1214 3149 1603 3205 commutare
1647 3148 1923 3224 oportet,
1977 3149 2053 3202 ut
2101 3160 2365 3225 gravem
2413 3162 2547 3205 me-

491 3229 746 3308 diocris,
800 3232 1181 3298 mediocrem
1217 3233 1494 3320 excipiat
1535 3242 1883 3310 attenuata,
1940 3232 2166 3297 deinde
2200 3232 2545 3299 identidem

436 3413 439 3416 ξ
491 3336 978 3404 flammentur,
1014 3337 1086 3391 ut
1119 3327 1306 3393 facile
1342 3328 1601 3393 satietas
1636 3326 1942 3392 varietate
1976 3325 2228 3392 vitetur.

395 3417 455 3502 ἾΞ
615 3418 951 3500 Quoniam,
987 3420 1217 3504 quibus
1252 3422 1320 3487 in
1353 3422 1693 3509 generibus
1723 3419 1992 3487 elocutio
2028 3422 2268 3487 versari
2294 3422 2542 3500 debeat,

495 3517 728 3578 [lictum
761 3524 889 3591 est,
933 3514 1262 3581 videamus
1298 3538 1497 3594 nunc,
1546 3538 1703 3599 quas
1738 3538 1843 3581 res
1881 3515 2111 3582 debeat
2142 3516 2375 3581 habere
2414 3516 2545 3581 elo-

491 3609 656 3674 cutio
711 3608 1045 3675 commoda
1094 3620 1159 3675 et
1209 3610 1511 3696 perfecta.
1609 3632 1772 3694 quae
1824 3609 2097 3675 maxime
2151 3610 2234 3674 ad
2282 3609 2542 3674 modum

491 3702 751 3768 cratoris
798 3702 1281 3770 adcommodata
1323 3714 1450 3782 est,
1505 3704 1618 3769 tris
1662 3726 1768 3769 res
1810 3703 1879 3768 in
1923 3726 1993 3769 se
2045 3702 2237 3768 debet
2276 3702 2540 3766 habere:

491 3796 895 3881 elegantiam,
952 3796 1501 3884 compositionem,
1558 3796 1949 3884 dignitatem.
2054 3794 2370 3882 elegantia
2420 3804 2539 3874 est,

491 3909 650 3969 {pias
685 3889 855 3968 facit,
891 3900 964 3954 ut
996 3913 1194 3957 unum
1229 3892 1507 3976 quidque
1540 3914 1698 3977 pure
1733 3902 1799 3956 et
1831 3900 2045 3977 aperte
2082 3887 2208 3952 dici
2231 3888 2538 3956 videatur.

491 3981 647 4045 haec
682 3982 1074 4049 distribuitur
1106 3986 1174 4050 in
1208 3985 1627 4052 Latinitatem
1660 3996 1727 4051 et
1759 3981 2286 4072 explanationem.
2356 3983 2541 4049 Lati-

495 4073 653 4138 nitas
690 4086 807 4154 est,
845 4098 1006 4161 quae
1043 4102 1399 4147 sermonem
1430 4102 1662 4167 purum
1696 4087 2029 4147 conservat
2064 4077 2145 4142 ab
2180 4076 2353 4143 omni
2386 4077 2539 4144 vitio
