2784 4575
484 271 608 341 178
1089 279 1168 334 Μ.
1205 277 1482 336 TULLII
1517 275 1917 336 CICERONIS

479 406 767 472 instituta
795 413 893 468 est
917 401 1167 512 inopiae
1195 422 1409 480 causa,
1446 400 1844 485 frequentata
1869 399 2325 466 delectationis.
2386 423 2543 470 nam

480 490 802 590 gemmare
855 497 1032 574 vitis,
1083 494 1400 562 luxuriem
1452 517 1594 560 esse
1634 495 1705 560 in
1748 493 1991 573 herbis,
2044 493 2244 562 laetas
2282 505 2543 581 segetes

479 596 672 665 etiam
704 592 925 660 rustici
961 591 1204 670 dicunt,
1259 590 1432 674 quod
1464 589 1635 656 enim
1678 588 1983 656 declarari
2018 588 2127 654 vix
2162 589 2356 657 verbo
2390 613 2547 676 pro-

479 690 620 778 prio
669 697 909 777 potest,
966 685 1037 750 id
1086 684 1390 750 translato
1446 705 1591 748 cum
1642 694 1742 750 est
1794 683 2062 760 dictum,
2112 682 2409 748 inlustrat
2448 683 2545 762 id,

482 783 654 894 quod
685 779 972 866 intellegi
1002 779 1325 856 volumus,
1379 779 1517 844 eius
1551 778 1672 856 rei,
1726 799 1917 862 quam
1950 777 2156 844 alieno
2190 777 2387 844 verbo
2420 799 2547 864 po-

371 909 450 952 155
485 878 756 956 suimus,
794 873 1158 941 similitudo.
1245 895 1399 960 ergo
1434 872 1557 938 hae
1591 871 2035 938 translationes
2071 870 2255 954 quasi
2287 881 2547 936 mutua-

483 973 688 1039 tiones
725 980 899 1047 sunt,
951 989 1098 1034 cum
1132 967 1306 1052 quod
1345 989 1477 1032 non
1511 965 1748 1032 habeas
1794 965 2046 1032 aliunde
2093 974 2338 1044 sumas,
2390 964 2547 1030 illae

480 1065 674 1153 paulo
727 1061 1124 1138 audacioreS,
1177 1081 1340 1145 quae
1383 1083 1515 1126 non
1554 1059 1837 1146 inopiam
1876 1057 2185 1136 indicant,
2238 1058 2356 1125 sed
2398 1081 2541 1124 ora·-

483 1162 642 1229 tioni
677 1158 1030 1247 splendoris
1068 1156 1309 1242 aliquid
1361 1166 1690 1224 arcessunt
1696 1179 1717 1234 ς
1768 1175 2038 1238 quarum
2082 1176 2203 1239 ego
2238 1153 2395 1237 quid
2427 1176 2547 1218 vo-

378 1255 447 1310 39
481 1256 582 1322 bis
621 1265 730 1320 aut
763 1250 1128 1318 inveniendi
1169 1250 1481 1322 rationem
1516 1259 1625 1314 aut
1658 1271 1895 1336 genera
1926 1249 2199 1335 ponam?
2251 1247 2547 1312 similim-

373 1353 446 1394 ²⁵⁷
485 1347 650 1414 dinis
721 1356 821 1414 est
873 1346 957 1410 ad
1015 1345 1282 1410 verbum
1351 1365 1550 1410 unum
1600 1351 1924 1408 contracta
1990 1341 2298 1418 brevitas,
2370 1341 2545 1424 quod

482 1441 748 1508 verbum
797 1439 865 1504 in
901 1437 1106 1504 alieno
1147 1437 1290 1504 loco
1327 1447 1650 1520 tamquam
1680 1435 1749 1500 in
1784 1457 1903 1502 suo
1936 1433 2217 1520 positum
2250 1433 2307 1500 si
2341 1457 2545 1521 agno-

485 1535 705 1611 scitur,
761 1532 1060 1610 delectat,
1115 1530 1174 1596 si
1224 1529 1429 1596 simile
1479 1528 1638 1594 nihil
1686 1528 1907 1606 habet,
1967 1528 2367 1614 repudiatum
2426 1528 2547 1592 sed

485 1651 562 1694 ea
595 1624 924 1694 transferri
957 1633 1236 1710 oportet,
1282 1645 1445 1707 quae
1481 1631 1590 1688 aut
1624 1620 1953 1688 clariorem
1986 1620 2227 1686 faciunt
2259 1643 2424 1698 rem,
2468 1631 2545 1684 ut

485 1721 595 1786 illa
633 1717 937 1807 [omnia]:
1482 1801 1487 1808 Ι

1343 1808 1721 1875 inhorrescit
1754 1830 1949 1885 mare,

575 1908 872 1973 tenebrae
902 1901 1446 1987 conduplicantur,
1482 1901 1811 1985 noctisque
1840 1912 1907 1968 et
1928 1901 2213 1966 nimbum
2246 1911 2549 1966 occaecat

1516 2017 1755 2081 nigror,

571 2092 828 2156 flamma
859 2089 1023 2153 inter
1056 2087 1243 2152 nubis
1280 2098 1600 2165 coruscat,
1638 2088 1885 2153 caelum
1920 2086 2157 2156 tonitru
2190 2086 2547 2164 contremit,

567 2184 812 2269 grando
846 2182 1048 2249 mixta
1079 2180 1268 2247 imbri
1311 2181 1599 2268 largifico
1636 2182 1847 2248 subita
1889 2183 2312 2270 praecipitans
2350 2182 2545 2260 cadit,

566 2276 846 2361 undique
866 2298 1085 2342 omnes
1104 2274 1279 2341 venti
1306 2287 1664 2364 erumpunt,
1692 2277 1870 2343 saevi
1896 2277 2212 2345 exsistunt
2238 2275 2545 2355 turbineS,

569 2370 762 2437 fervit
795 2381 977 2437 aestu
1009 2371 1310 2457 pelagus:

482 2464 696 2533 omnia
735 2464 898 2542 fere,
955 2486 1080 2548 quo
1122 2474 1341 2531 essent
1381 2463 1677 2544 clariora,
1730 2466 2051 2533 translatis
2093 2488 2211 2552 per
2255 2464 2551 2531 simnitu-

371 2584 449 2625 1⁵s
485 2560 698 2625 dinem
743 2556 955 2625 verbis
1003 2558 1174 2623 dicta
1226 2568 1373 2623 sunt
1381 2584 1402 2636 3
1457 2569 1566 2624 aut
1601 2581 1727 2642 quo
1766 2559 2155 2645 significatur
2196 2559 2403 2645 magis
2436 2580 2546 2623 res

484 2663 618 2719 tota
653 2652 788 2717 sive
823 2650 977 2717 facti
1012 2651 1277 2717 alicuius
1314 2652 1451 2716 sive
1487 2651 1760 2731 consilii,
1794 2662 1869 2716 ut
1899 2651 2035 2731 ille,
2082 2652 2190 2738 qui
2223 2651 2549 2717 occultan-

483 2758 618 2812 tem
651 2746 962 2824 consulto,
997 2768 1078 2811 ne
1113 2744 1201 2823 id,
1240 2744 1411 2829 quod
1444 2756 1757 2831 ageretur,
1792 2745 2079 2832 intellegi
2110 2756 2349 2833 posset,
2387 2745 2549 2810 ‹luo-

486 2839 608 2905 bus
643 2839 968 2906 translatis
1002 2838 1215 2906 verbis
1253 2838 1661 2905 similitudine
1696 2840 1839 2925 ipsa
1869 2840 2136 2907 indicat:

572 2932 1085 3018 quandoquidem
1118 2931 1174 2996 is
1211 2955 1284 2999 se
1319 2932 1749 2999 circumvestit
1785 2932 1990 3011 dictis,
2029 2934 2234 3020 saepit
2269 2955 2339 2999 se
2370 2933 2545 2999 dolo.

481 3048 612 3091 non
644 3047 990 3111 numquam
1042 3025 1233 3091 etiam
1275 3026 1555 3093 brevitas
1608 3026 2018 3093 translatione
2062 3026 2419 3105 conficitur,
2473 3038 2553 3093 ut

479 3120 710 3185 illud‘
721 3120 778 3187 si
812 3120 1011 3185 telum
1040 3142 1235 3185 manu
1285 3120 1509 3208 fugitz’
1553 3121 1979 3207 imprudentia
2020 3122 2131 3187 teli
2182 3122 2366 3187 missi
2402 3124 2547 3188 bre-

482 3213 624 3278 vius
675 3213 946 3301 propriis
1000 3213 1214 3281 verbis
1269 3214 1537 3301 exprimi
1580 3236 1710 3279 non
1744 3214 1980 3301 potuit,
2034 3236 2227 3299 quam
2260 3225 2363 3280 est
2412 3238 2547 3279 uno

289 3328 298 3333 ·
371 3333 446 3375 159
484 3305 838 3394 significata
885 3307 1212 3376 translato.
1299 3308 1425 3373 hoc
1473 3308 1542 3373 in
1585 3330 1821 3394 genere
1869 3330 2178 3396 persaepe
2218 3308 2378 3373 mihi
2430 3309 2554 3374 ad-

479 3401 838 3467 mirandum
896 3401 1146 3467 videtur
1207 3401 1359 3487 quid
1422 3402 1533 3481 sit,
1596 3402 1769 3487 quod
1826 3424 2047 3471 omnes
2103 3402 2425 3469 translatis
2480 3414 2547 3469 et

483 3494 702 3559 alienis
738 3495 946 3581 magis
1000 3494 1390 3562 delectentur
1444 3496 1655 3563 verbis
1708 3518 1901 3581 quam
1951 3497 2222 3584 propriis
2267 3507 2333 3562 et
2376 3496 2509 3562 suis
2520 3523 2543 3574 ;

377 3594 447 3648 40
481 3612 631 3656 nam
684 3589 741 3655 si
789 3613 893 3655 res
949 3613 1136 3655 suum
1196 3613 1431 3657 nomen
1484 3602 1549 3656 et
1598 3592 1980 3657 vocabulum
2037 3592 2365 3679 proprium
2412 3614 2549 3656 non

480 3682 702 3761 habet,
736 3694 810 3747 ut
841 3705 959 3769 pes
991 3683 1060 3748 in
1093 3683 1263 3762 navi,
1298 3693 1372 3749 ut
1404 3706 1661 3761 nexum,
1696 3685 1868 3767 quod
1902 3708 2018 3771 per
2048 3685 2279 3751 libram
2313 3683 2545 3771 agitur,

479 3788 553 3842 ut
593 3776 662 3842 in
704 3799 903 3843 uxore
955 3776 1323 3855 divortium,
1375 3776 1726 3843 necessitas
1780 3779 1979 3866 cogit,
2032 3779 2205 3863 quod
2252 3801 2385 3845 non
2426 3777 2549 3842 ha-

480 3870 666 3947 beas,
725 3869 979 3934 aliunde
1017 3890 1293 3947 sumere3
1348 3870 1464 3935 sed
1495 3869 1567 3935 in
1600 3892 1859 3937 suorum
1892 3871 2230 3939 verborum
2263 3870 2543 3937 maxima

483 3961 668 4044 copia
700 3973 914 4027 tamen
948 3962 1238 4029 homines
1275 3962 1487 4029 aliena·
1514 3964 1714 4031 multo
1749 3966 1988 4051 magis,
2024 3965 2079 4031 si
2116 3975 2265 4030 sunt
2296 3964 2545 4030 ratione

368 4077 446 4116 160
484 4052 816 4129 translata,
853 4055 1187 4121 delectant.
1275 4057 1342 4121 id
1378 4054 1663 4127 accidere
1700 4059 1917 4137 erede,
1954 4059 2059 4125 vel
2094 4059 2266 4143 qued
2298 4056 2541 4144 ingenii
