2784 4575
327 222 515 271 xxvi
947 223 1356 267 memmii
1393 222 1572 266 VITAE
1612 224 1921 267 CICERONIS

657 505 862 621 peterfius
904 498 964 553 in
1010 498 1252 553 comitiis
1297 497 1529 553 tributis
1574 498 1795 553 cunctis
1840 496 2125 569 suffrag-iis
2186 516 2356 571 quae-

661 574 781 622 stor
849 572 925 620 t.1

657 633 818 690 Coss.
887 636 954 689 L.
979 634 1254 704 Octavam,
1293 635 1356 690 0.
1375 637 1626 689 Aurelius
1648 635 1820 690 Cotta.

727 702 927 758 Cicero
973 709 1248 774 quaestor
1291 703 1352 759 in
1396 702 1595 759 Sicilia
1625 704 2047 774 Lilybaetanus
2090 709 2358 775 praetore

657 772 784 827 Sex.
803 772 1129 827 Peducaeo.
1141 776 1168 816 ²

655 838 820 895 Coss.
893 840 958 894 L.
979 840 1212 893 Heinius
1227 840 1512 906 Lucullus,
1538 840 1619 893 M.
1640 840 1893 895 Aurelius
1912 840 2082 895 Cotta.

675 940 682 949 -
724 908 803 963 M.
837 908 1124 965 Antonius
1161 906 1446 977 Creticus,
1484 907 1562 962 Μ.
1592 909 1869 963 triumviri
1936 914 2078 977 ater,
2114 909 2361 965 curatio·

655 994 788 1032 nem
818 993 954 1032 orae
977 975 1296 1031 maritimae
1329 982 1535 1031 nactus
1564 974 1816 1031 Siciliam
1904 994 1993 1031 las
2035 992 2109 1032 ue
2177 978 2360 1033 rovin-

659 1046 780 1101 cias
818 1046 1228 1116 depopulatur,
1265 1044 1477 1101 deinde
1506 1042 1880 1101 Cretensibus
1907 1044 2005 1101 bel
2030 1061 2063 1099 o
2098 1046 2142 1099 il
2167 1050 2262 1100 ato
2299 1062 2362 1101 re

658 1115 811 1169 mala
831 1121 996 1185 gesta
1014 1114 1268 1168 moritur.

727 1180 928 1237 Cicero
960 1198 1028 1236 ex
1088 1188 1358 1236 uaestura
1375 1179 1690 1250 Siciliensi,
1731 1180 2019 1250 oratione,
2056 1188 2364 1253 antequam

661 1250 936 1319 decessit,
990 1250 1062 1305 Li
1085 1250 1260 1321 ybaei
1296 1250 1559 1318 habita,8
1602 1248 1841 1305 Romam
1876 1250 2037 1304 redit.
2058 1254 2085 1293 ⁴
2145 1250 2365 1305 Eodem

660 1336 812 1375 anno
839 1316 1248 1373 Scamandrum
1277 1318 1545 1373 libertum
1572 1323 1633 1373 et
1658 1316 1721 1372 O.
1748 1318 2020 1373 Mustium
2050 1318 2364 1373 defendit&

661 1386 822 1443 Coss.
891 1388 974 1441 M.
995 1387 1264 1441 Terentius
1289 1388 1462 1442 Varro
1480 1387 1785 1452 Lucullus,
1806 1388 1868 1442 0.
1893 1386 2107 1442 cassius
2132 1388 2319 1442 Varus.
2434 1382 2507 1437 34

728 1456 796 1509 In
814 1454 988 1510 Italia
1007 1455 1218 1511 bellum
1237 1472 1274 1510 a
1334 1454 1715 1513 ladiatoribus
1734 1454 2013 1509 excitatur
2030 1454 2175 1509 duce
2194 1456 2363 1526 Spar-

660 1530 811 1579 taco.
883 1524 949 1580 L.
977 1522 1256 1578 Lucullus
1282 1472 1531 1605 ’gellam‘
1548 1528 1748 1578 contra
1776 1522 2160 1579 Mithridatem
2195 1522 2365 1594 gerit,

663 1592 932 1663 Cyzicum
950 1592 1152 1647 urbem
1169 1590 1473 1647 obsidione
1492 1591 1719 1648 liberat.

665 1660 824 1716 Coss.
913 1661 978 1715 L.
1007 1661 1235 1781 C§icilius
1278 1660 1583 1731 Poplicola,
1642 1661 1738 1714 Cn.
1790 1660 2067 1713 Cornelius
2111 1659 2367 1714 Leutulus
2434 1654 2505 1711 35

1053 1730 1316 1783 lodianus.

727 1796 1009 1853 Lucullus
1027 1795 1420 1851 Mithridatem
1440 1796 1501 1849 in
1512 1796 1759 1849 Pontum
1778 1793 2154 1865 persequitur.
2194 1794 2367 1867 Spar-

661 1870 826 1919 tacus
843 1871 1147 1934 utrumque
1170 1865 1462 1917 consulem
1482 1864 1705 1932 proelio
1725 1862 1919 1917 vincit.

600 1986 604 1991 .
664 1930 832 1987 Coss.
909 1932 1004 1986 C'n.
1027 1933 1278 2000 Aufidius
1289 1930 1521 1998 Orestes,
1548 1932 1612 1983 P.
1636 1932 1913 1984 Cornelius
1928 1930 2187 1987 Lentulus
2204 1934 2362 1987 Sura.
2434 1928 2505 1985 36

732 1999 1096 2053 Mithridates
1134 2003 1209 2054 ad
1241 2014 1514 2069 generum
1548 2016 1708 2053 suum
1734 1998 2045 2069 Tigranem
2080 2000 2141 2053 in
2167 1998 2363 2055 Arme-

665 2068 817 2121 niam
853 2064 1019 2137 fugit.
1090 2064 1401 2136 Spartacus
1437 2084 1473 2121 a
1499 2066 1580 2120 M.
1610 2066 1833 2121 Licinio
1861 2065 2069 2123 Crasso
2136 2074 2361 2123 raetore

705 2136 884 2191 roelio
905 2135 1090 2189 victus
1108 2134 1274 2204 perit.
1335 2135 1603 2191 Extremo
1624 2151 1775 2189 anno
1794 2136 2097 2205 Pompeius
2181 2153 2215 2190 a
2296 2152 2364 2191 us

662 2154 819 2261 geno
847 2202 1180 2258 Sertoriano
1209 2202 1474 2259 confecto
1504 2220 1573 2258 ex
1600 2204 1884 2274 Hispania
1910 2205 2120 2273 redux,
2160 2204 2231 2258 de
2258 2204 2364 2259 etis

663 2272 920 2354 reliquiis
979 2270 1350 2342 ladiatorum,
1387 2272 1756 2344 triumphat.⁶

734 2341 934 2398 Cicero
1017 2381 1030 2395 .
1055 2341 1232 2394 Tullii
1253 2357 1483 2396 causam
1501 2342 1593 2398 bis
1611 2359 1647 2396 a
1691 2341 1747 2397 ·t.

666 2408 827 2466 Coss.
899 2411 996 2465 Cn.
1015 2410 1297 2480 Pompeius
1313 2411 1571 2480 Μαςηυε,
1617 2449 1619 2452 >
1678 2451 1691 2464 .
1712 2411 1943 2464 Licinius
1964 2411 2207 2466 Crassus.

733 2477 934 2534 Cicero
953 2477 1157 2533 aedilis
1177 2478 1529 2559 designatus,
1564 2477 1881 2534 Siculorum
1898 2479 2220 2550 patrocinio
2242 2495 2361 2533 sus-

664 2554 862 2619 cepto,
901 2545 963 2601 C.
982 2548 1244 2615 Verrem,
1321 2547 1379 2602 ui
1407 2546 1658 2617 Siciliam
1685 2547 2037 2618 provinciam
2063 2564 2167 2618 per
2193 2547 2362 2602 trien·

660 2617 818 2671 nium
853 2615 1072 2687 rapinis
1101 2619 1160 2670 et
1187 2565 1523 2671 crudelitate
1552 2623 1884 2686 vexaverat,
1922 2616 2365 2687 repetundarum

659 2686 1016 2756 postulatum
1034 2684 1094 2739 in
1112 2683 1382 2739 iudicium
1402 2691 1587 2740 vocat.
1600 2690 1623 2730 ‘1
1686 2683 1779 2740 Ad
1799 2685 1968 2740 istam
1988 2700 2219 2738 causam
2282 2699 2365 2737 er-

660 2754 806 2810 tinet
831 2754 1110 2808 ⁴Divinatio
1143 2755 1200 2808 in
1239 2754 1301 2814 Q.
1333 2755 1619 2808 Caecilium
1652 2760 1713 2808 et
1746 2756 1900 2808 Actio
1927 2756 2109 2824 prima
2143 2755 2199 2806 in
2285 2770 2366 2806 er-

661 2841 784 2876 rem.
856 2824 1092 2877 Actionis
1109 2826 1366 2877 secundae
1385 2824 1510 2878 libri
1532 2824 1755 2893 quinque
1780 2828 1988 2891 postea
2003 2862 2018 2889 ‚
2056 2821 2234 2878 Verre
2254 2820 2365 2874 iam

665 2891 987 2956 exsulante,
1027 2891 1338 2961 conscripti
1357 2896 1511 2945 sunt.

731 2955 861 3010 Hoc
903 2974 1056 3012 anno
1090 2957 1160 3012 L.
1196 2957 1465 3013 Aurelius
1504 2955 1679 3012 Cotta
1723 2961 1957 3025 praetor
1998 2955 2136 3008 tulit
2179 2954 2233 3007 le
2278 2969 2365 3008 em

663 3023 1014 3080 iudiciariam
1045 3027 1118 3080 ad
1129 3027 1441 3096 populum,
1482 3040 1597 3095 qua
1613 3023 1852 3091 iudicia,
1892 3037 2042 3102 quae
2070 3022 2201 3091 lege
2279 3037 2365 3076 or-

663 3092 817 3147 nelia
875 3109 1011 3148 enes
1033 3099 1330 3148 senatores
1346 3091 1607 3162 fuerant,
1645 3096 2061 3146 commumcata
2090 3095 2222 3144 sunt
2240 3105 2367 3144 cum

667 3161 842 3232 equiti
883 3179 952 3217 us
983 3167 1042 3216 et
1066 3160 1313 3217 tribunis
1339 3157 1595 3216 aerariis.
1665 3158 2003 3214 Tribunicio.
2026 3162 2288 3230 potestas
2305 3157 2367 3214 in

665 3229 947 3301 integrum
965 3229 1234 3285 restituta
1253 3234 1358 3284 est.

666 3294 826 3351 Coss.
900 3298 964 3358 Q.
988 3299 1330 3361 Hortensius,
1371 3297 1433 3357 Q.
1458 3296 1719 3349 Caeciliae
1736 3295 1985 3350 Metellus
2003 3296 2254 3349 Creticus.

735 3363 934 3420 Cicero
971 3366 1156 3419 aeditis
1189 3365 1380 3418 trinos·
1419 3364 1587 3419 ludos
1634 3361 1775 3418 facit
1819 3364 2041 3418 modico
2088 3362 2369 3433 sumptu.⁸

665 3433 745 3486 M.
769 3435 1040 3487 Fonteium
1077 3449 1147 3486 ex
1178 3432 1370 3488 Gallia
1403 3431 1727 3503 provincia,
1766 3448 1933 3502 quam
1958 3447 2064 3503 pro
2099 3438 2365 3503 praetore

663 3516 770 3622 ger
803 3500 1107 3556 triennium
1143 3507 1397 3572 rexerat,
1436 3501 1877 3570 repetundarum
1912 3517 2071 3556 reum
2106 3500 2365 3556 oratione

709 3567 944 3624 efendit.
997 3568 1088 3622 Ad
1111 3569 1352 3624 eundem
1373 3586 1583 3624 annum
1602 3569 1937 3625 referendae
1956 3567 2221 3624 videntur
2239 3585 2363 3624 ora-

663 3637 852 3694 tiones
865 3655 970 3708 pro
987 3639 1055 3690 A,
1079 3637 1322 3703 Caecina,
1352 3639 1426 3693 D.
1440 3639 1715 3706 Matrinio,
1748 3639 1813 3700 Q.
1834 3639 2027 3693 Roscio
2048 3637 2337 3693 comoedo-⁹

2435 2406 2503 2464 3⁷

2434 3293 2505 3350 38

785 3798 809 3836 1
861 3795 984 3835 Brut.
1019 3797 1112 3837 318.
1148 3797 1195 3836 in
1233 3797 1320 3837 Pis.
1353 3799 1392 3836 1.
1550 3798 1573 3836 2
1623 3775 1749 3836 verr.
1779 3796 1843 3845 11,
1872 3797 1911 3844 s,
1940 3798 2007 3837 35.
2058 3795 2189 3835 ruse.
2214 3794 2271 3834 v.
2300 3793 2368 3833 es.

665 3849 690 3887 8
725 3847 1083 3888 Pseudo-Ascon.
1103 3849 1149 3887 ln
1169 3845 1262 3887 Cic.
1281 3861 1325 3898 p.
1347 3850 1396 3889 97
1417 3849 1485 3888 ed.
1503 3848 1618 3888 Bait·
1743 3851 1768 3888 4
1803 3859 1879 3897 pro
1898 3849 2046 3888 Plane.
2067 3849 2133 3886 64.
2240 3846 2264 3884 ὅ
2290 3855 2369 3894 pro

665 3897 841 3938 cluent.
869 3899 934 3938 49.
973 3899 1096 3940 verr.
1123 3899 1182 3938 11.
1214 3901 1254 3946 1,
1281 3899 1371 3940 139.
1512 3902 1538 3939 6
1581 3910 1659 3950 pro
1686 3900 1783 3948 lege
1814 3900 1931 3940 Han.
1961 3901 2027 3939 28.
2064 3907 2143 3948 pro
2170 3897 2282 3937 Ses't.
2300 3897 2368 3935 67.

667 3952 690 3990 7
726 3950 848 3990 Brut.
868 3951 962 3992 819.
1067 3953 1094 3992 8
1127 3951 1176 3994 in
1193 3951 1284 3992 Pis.
1302 3953 1342 3992 1.
1360 3952 1484 3992 Verr.
1504 3951 1563 3991 11.
1583 3953 1623 3998 5,
1643 3953 1706 3991 86.
1726 3961 1804 4002 pro
1822 3949 1932 3991 Mur.
1954 3952 2019 3990 40.
2042 3949 2096 3988 de
2118 3947 2203 3990 Off.
2222 3947 2281 3987 11.
2302 3947 2368 3986 59.

667 4001 767 4041 Plut
787 3999 879 4044 Cic.
899 4003 938 4042 9.
959 4005 1072 4044 extr.
1177 4003 1202 4042 9
1229 4013 1306 4053 pro
1326 4003 1499 4044 Oluent.
1520 4004 1613 4043 120.
