2784 4575
493 261 642 330 2258
1077 269 1204 324 Μ.
1239 267 1515 326 TULLII
1548 263 1951 324 CICERONIS

495 418 638 481 que
687 393 850 460 baec
892 391 1116 460 omnia
1166 390 1334 456 vitae
1388 387 1731 456 decorabat
1776 388 2057 476 dignitas
2110 401 2177 456 et
2217 389 2581 479 integritas,

510 513 615 556 me
676 488 932 572 quidem
993 485 1334 554 admodum
1393 483 1751 549 delectabat
1808 483 2003 549 etiam
2050 479 2285 552 Triarii
2344 485 2414 552 in
2464 487 2583 555 illa

513 593 722 648 aetate
751 581 945 669 plena
973 579 1287 644 litteratae
1323 577 1665 644 senectutis
1698 577 1920 644 oratio.
1991 589 2231 662 quanta
2265 579 2576 648 severitas

510 677 579 743 in
630 675 835 743 voltu!
897 683 1206 760 quantum
1255 673 1507 761 pondus
1558 672 1627 738 in
1677 671 1918 739 verbis!
1982 695 2174 759 qnam
2231 674 2391 740 nihil
2442 699 2578 744 non

401 799 480 840 ιω
513 770 984 838 consideratum
1033 768 1250 834 exibat
1299 790 1383 833 ex
1433 765 1573 834 ore!
1585 767 1602 795 ’
1665 777 1801 832 tum
1850 767 2093 834 Brutus
2145 767 2459 853 Torquati
2510 784 2579 837 et

513 864 748 930 Triarii
787 863 1109 930 mentione
1157 873 1539 939 commotus,
1594 869 1930 946 utrumque
1982 861 2153 927 enim
2194 883 2419 928 eorum
2460 865 2578 930 ad-

512 959 772 1024 modum
823 958 1158 1036 dilexerat,
1215 963 1325 1021 ‘ne
1376 955 1549 1042 ego,'
1602 953 1809 1038 inquit
1859 961 1960 1020 ‘ut
2008 955 2297 1022 omittam
2340 967 2576 1038 cetera,

510 1075 676 1136 quae
729 1064 878 1118 sunt
926 1049 1432 1128 innumerabilia,
1496 1048 1575 1114 de
1626 1047 1766 1114 istis
1819 1049 2070 1116 duobus
2130 1069 2279 1115 cum
2336 1052 2575 1144 cogito,

491 1147 700 1214 doleo
753 1145 910 1210 nihil
963 1155 1138 1210 tuam
1195 1143 1568 1232 perpetuam
1630 1143 2067 1210 auctoritatem
2118 1143 2200 1210 de
2250 1164 2410 1231 pace
2459 1169 2577 1212 va-

512 1237 741 1304 luisse!
778 1262 928 1304 nam
960 1259 1080 1304 nec
1113 1237 1272 1304 istos
1325 1235 1693 1302 excellentis
1746 1235 1919 1302 viros
1961 1259 2083 1304 nec
2130 1239 2367 1305 multos
2412 1239 2573 1308 alios

512 1334 894 1420 praestantis
931 1333 1086 1398 civis
1121 1356 1224 1398 res
1258 1331 1517 1420 publica
1547 1330 1968 1421 perdidisset?
2060 1332 2439 1412 ‘sileamus,'
2474 1332 2578 1398 in-

512 1449 704 1510 quam
748 1433 767 1464 ‘
776 1427 976 1492 Brute
985 1475 1005 1506 ,
1060 1427 1140 1492 de
1190 1425 1362 1503 istis,
1415 1447 1496 1491 ne
1551 1447 1897 1514 augeamus
1950 1425 2262 1507 dolorem,
2314 1451 2466 1494 nam
2509 1439 2575 1492 et

512 1521 994 1607 praeteritorum
1025 1519 1376 1587 recordatio
1412 1529 1513 1586 est
1555 1520 1786 1585 acerba
1822 1529 1889 1586 et
1920 1520 2206 1588 acerbior
2240 1532 2573 1612 exspecta-

495 1613 602 1684 tio
602 1614 1048 1725 ‘reliquorum·
1098 1614 1312 1699 itaque
1355 1613 1721 1679 omittamus
1764 1612 1987 1700 lugere
2030 1625 2097 1680 et
2137 1626 2385 1682 tantum
2418 1615 2573 1702 quid

515 1708 782 1794 quisque
827 1709 1093 1776 dicendo
1135 1708 1467 1817 potuerit,-
1493 1707 1793 1793 quoniam
1832 1707 1901 1773 id
1944 1709 2335 1793 quaerimus,
2388 1732 2571 1798 prae-

411 1798 478 1852 77
516 1802 820 1870 dicemus.
909 1813 1058 1868 sunt
1092 1803 1260 1868 enim
1295 1824 1377 1866 ex
1410 1801 1533 1880 eis,
1560 1802 1682 1911 ‘qui
1716 1800 1943 1868 eodem
1978 1802 2147 1870 bello
2185 1804 2567 1882 occiderunt,

399 1871 614 1962 ²⁶⁷.M
648 1897 952 1975 Bibulus,
988 1897 1097 1980 qui
1131 1905 1195 1963 et
1230 1894 1609 1982 scriptitavit
1643 1897 1973 1974 adcurate,
2019 1918 2164 1962 cum
2196 1899 2569 1983 praesertim

511 2013 644 2056 non
678 2001 850 2056 esset
883 2001 1121 2068 orator,
1157 2000 1224 2055 et
1256 1991 1388 2076 egit
1422 1989 1621 2055 multa
1656 1989 2566 2100 constanter3Appius001au-

515 2083 658 2148 dius
695 2103 876 2148 socer
919 2093 1094 2160 tuus,
1148 2078 1416 2169 conlega
1460 2095 1527 2149 et
1558 2083 1885 2150 familiaris
1929 2103 2138 2161 meus3
2190 2083 2355 2147 hic‘
2336 2106 2467 2148 iam
2500 2095 2568 2148 et

517 2175 671 2241 satis
710 2174 1031 2242 studiosus
1068 2187 1134 2241 et
1167 2176 1352 2242 valde
1398 2197 1545 2240 cum
1589 2177 1812 2244 doctus
1857 2188 1995 2243 tum
2036 2177 2225 2262 etiam
2260 2176 2569 2243 exercita-

513 2279 618 2333 tus
653 2279 864 2335 orator
897 2281 964 2337 et
996 2292 1141 2335 cum
1177 2271 1496 2358 auguralis
1534 2283 1671 2337 tum
1704 2270 1908 2339 omnis
1944 2272 2183 2360 publici
2216 2271 2370 2338 iuris
2407 2270 2565 2337 anti-

515 2360 897 2447 quitatisque
931 2374 1188 2431 nostrae
1229 2367 1397 2432 bene
1438 2367 1677 2453 peritus
1714 2366 1863 2445 fuit3
1916 2367 2002 2433 L.
2036 2366 2360 2433 Domitius
2393 2366 2567 2431 nulla

495 2454 618 2538 xille
655 2456 912 2541 quidem
946 2468 1110 2536 arte,
1164 2459 1280 2525 sed
1312 2459 1547 2525 Latine
1602 2470 1817 2525 tamen
1851 2470 1916 2525 et
1957 2460 2159 2525 multa
2202 2464 2357 2525 cum'
2378 2458 2565 2524 liber—

403 2574 480 2616 ses
504 2560 642 2616 tate
678 2550 948 2616 dicebat.
1037 2552 1162 2619 duo
1197 2564 1528 2641 praeterea
1558 2552 1825 2619 Lentuli
1858 2553 2255 2631 consulares,
2302 2575 2565 2637 quorum

511 2643 784 2709 Publius
838 2644 944 2711 ille
988 2656 1348 2712 nostrarum
1398 2646 1767 2712 iniuriarum
1816 2647 2011 2726 ultor,
2065 2656 2283 2713 auctor
2326 2646 2565 2723 salutis,

513 2737 814 2821 quicquid
855 2738 1094 2818 habuit,
1132 2752 1710 2826 quantumcumque
1744 2740 1883 2819 fuit,
1918 2740 2079 2806 illud
2112 2751 2315 2807 totum
2347 2738 2567 2806 habuit

513 2854 548 2897 e
603 2826 966 2917 disciplina3
1025 2832 1446 2900 instrumenta
1502 2845 1766 2899 naturae
1828 2836 2115 2913 deerant3
2178 2834 2294 2900 sed
2353 2845 2563 2899 tantus

511 2922 706 2987 animi
742 2922 1041 3011 splendor
1076 2937 1141 2993 et
1173 2938 1350 2993 tanta
1382 2927 1783 3013 magnitudo,
1837 2937 1909 2991 ut
1944 2927 2065 2991 sibi
2106 2928 2347 3005 omnia,
2403 2925 2565 3013 qu'ae

511 3018 824 3085 clarorum
867 3019 1144 3087 virorum
1179 3032 1423 3098 essent,
1476 3044 1607 3085 non
1648 3020 1962 3085 dubitaret
2006 3018 2316 3083 asciscere
2362 3042 2566 3103 eaque

507 3135 683 3177 omm
663 3112 1004 3199 dignitate
1021 3112 1357 3191 obtineret3
1382 3113 1467 3177 L.
1488 3124 1699 3177 autem
1714 3112 2031 3176 Lentulus
2052 3110 2205 3175 satis
2226 3120 2363 3175 erat
2378 3111 2564 3177 fortis

507 3215 740 3284 orator,
772 3206 829 3271 si
853 3206 1042 3271 modo
1068 3216 1297 3284 orator,
1329 3206 1454 3269 sed
1478 3204 1796 3290 cogitandi
1822 3221 1952 3269 non
1979 3191 2225 3269 ferebat
2247 3201 2565 3284 laborem3

510 3320 638 3364 vox
657 3320 906 3377 canora,
926 3298 1122 3364 verba
1143 3320 1274 3363 non
1299 3297 1557 3363 horrida
1582 3319 1755 3376 sane,
1773 3308 1847 3363 ut
1866 3297 2059 3386 plena
2082 3307 2253 3363 esset
2280 3296 2477 3361 animi
2500 3311 2567 3364 et

507 3392 778 3460 fervoris
823 3391 1052 3458 oratio:
1107 3414 1442 3475 quaereres
1477 3392 1543 3457 in
1577 3392 1827 3458 iudiciis
1870 3392 2145 3459 fortasse
2188 3391 2444 3470 melius3
2496 3391 2565 3459 in

393 3511 476 3552 269
507 3508 580 3552 re
612 3485 868 3573 publica
901 3485 1074 3570 quod
1109 3496 1264 3565 erat,
1299 3510 1445 3554 esse
1480 3485 1791 3553 iudicares
1830 3487 2004 3553 satis.
2075 3509 2158 3553 ne
2192 3486 2272 3553 Τ.
2309 3485 2563 3571 quidem

409 3614 414 3619 ·
509 3578 879 3647 Postumius
916 3582 1413 3647 contemnendus
1448 3582 1515 3647 in
1552 3582 1847 3661 dicend03
1902 3581 1984 3647 de
2019 3604 2088 3647 re
2122 3581 2378 3667 publica
2412 3603 2563 3647 vero

509 3694 642 3739 non
674 3672 884 3739 minus
921 3675 1262 3741 vehemens
1309 3685 1521 3741 orator
1556 3698 1747 3759 quam
1789 3676 2057 3742 bellator
2091 3675 2240 3755 fuit3
2294 3674 2561 3740 effrenar-

514 3777 618 3831 tus
653 3776 720 3832 et
753 3790 898 3833 acer
929 3768 1149 3847 nimis,
1205 3770 1322 3835 sed
1354 3770 1517 3835 bene
1550 3769 1705 3835 iuris
1738 3768 1978 3859 publici
2019 3770 2199 3856 leges
2244 3780 2431 3854 atque
2466 3766 2562 3833 in-

515 3859 738 3925 stituta
772 3862 1198 3946 cognoverat?

633 3952 783 4017 Hoc
831 3954 974 4019 loco
1024 3956 1282 4021 Atticus
1337 3960 1651 4042 ‘putarem
1702 3956 1823 4035 te,'
1874 3955 2078 4041 inquit
2131 3954 2561 4023 ‘ambitiosum

517 4060 690 4119 esse,
735 4044 817 4121 si,
861 4054 932 4109 ut
965 4046 1208 4125 dixisti,
1251 4050 1340 4127 ei,
1397 4071 1555 4134 quos
1591 4050 1719 4115 iam
1754 4050 1861 4115 diu
1897 4050 2193 4139 conligis,
2248 4051 2559 4129 viverent3
