2784 4575
499 271 632 340 274
1069 264 1090 284 ⁶
1119 279 1198 334 M.
1235 275 1511 336 TULLn
1546 274 1945 334 cmssoms

501 416 602 473 est
649 424 822 471 nunc
871 401 1041 468 Asia
1091 411 1254 479 tota,
1316 420 1438 465 nec
1486 397 1747 464 flumine
1772 478 1777 484 ,
1802 399 2009 465 solum
2059 400 2396 480 orationis,
2452 403 2581 468 sed

503 499 694 568 etiam
745 505 1050 563 exornato
1103 505 1169 560 et
1215 493 1387 560 facto
1438 513 1675 580 genere
1728 492 2094 572 verborum,
2146 493 2215 560 in
2269 515 2395 579 quo
2448 495 2583 560 fuit

483 590 869 680 ..Aeschylus
907 587 1176 673 Cnidius
1214 597 1278 654 et
1311 609 1495 653 meus
1531 585 1813 672 aequalis
1846 586 2147 653 Milesius
2183 587 2577 656 Aeschines.

506 687 574 752 in
607 685 709 753 his
745 695 883 752 erat
916 681 1304 750 admirabilis
1338 680 1641 752 orationis
1678 701 1924 759 cursus,
1960 691 2187 747 ornata
2223 682 2579 750 sententiae

388 813 472 856 826
505 803 650 846 rum
683 776 1074 846 concinnitas
1111 798 1242 843 non
1285 785 1441 841 erat.
1529 773 1690 840 haec
1725 785 1967 852 autem,
2011 784 2085 839 ut
2127 774 2287 853 dixi,
2331 797 2579 861 genera

508 872 761 940 dicendi
803 871 1048 961 aptiora
1091 880 1243 935 sunt
1275 866 1816 946 adulescentibus,
1870 865 1941 934 in
1985 867 2243 934 senibus
2288 869 2579 955 gravita-

505 980 636 1034 tem
712 987 842 1032 non
912 963 1178 1031 habent:
1265 961 1481 1046 itaque
1540 959 1929 1028 Hortensius
1996 971 2267 1047 utroque
2334 985 2577 1049 genere

503 1061 736 1127 florens
798 1058 1106 1124 clamores
1160 1055 1437 1122 faciebat
1488 1054 1891 1133 adulescens3
1953 1055 2231 1120 habebat
2282 1056 2452 1121 enim
2508 1069 2578 1124 ct

502 1153 894 1220 Meneclium
927 1151 1086 1217 illud
1121 1148 1402 1216 studium
1446 1149 1810 1216 crebrarum
1853 1159 2386 1234 venustarumque
2424 1173 2577 1218 sen-

506 1247 873 1326 tentiarum,
910 1246 978 1310 in
1012 1245 1274 1330 quibus,
1320 1253 1393 1309 ut
1424 1243 1495 1309 in
1526 1243 1635 1308 illo
1675 1240 1956 1323 Graeco,
2004 1242 2097 1308 sic
2127 1242 2195 1309 in
2228 1243 2355 1310 hoc
2388 1257 2575 1312 erant

505 1348 817 1434 quaedam
865 1347 1073 1434 magis
1108 1357 1416 1413 venustae
1470 1345 1814 1431 dulcesque
1850 1345 2198 1412 sententiae
2234 1368 2427 1432 quam
2460 1361 2577 1415 aut

505 1441 904 1508 necessariae
957 1452 1068 1508 aut
1117 1441 1437 1508 interdum
1479 1440 1697 1520 utiles3
1753 1451 1818 1506 et
1860 1450 1997 1506 erat
2037 1440 2237 1507 oratio
2284 1464 2429 1507 cum
2469 1443 2578 1509 in-

506 1537 700 1602 citata
733 1546 798 1602 et
831 1536 1088 1602 vibrans
1123 1547 1261 1601 tum
1294 1535 1488 1602 etiam
1524 1535 1828 1601 adcurata
1870 1546 1934 1601 et
1966 1535 2184 1622 polita.
2257 1559 2388 1604 non
2418 1561 2573 1626 pro-

506 1630 820 1697 babantur
869 1629 1032 1696 haec
1082 1630 1370 1696 senibus:
1426 1652 1618 1716 saepe
1660 1630 1957 1696 videbam
2002 1651 2148 1696 cum
2192 1630 2572 1700 inridentem

507 1733 645 1790 tum
685 1724 878 1790 etiam
919 1723 1301 1790 irascentem
1346 1733 1412 1790 et
1456 1723 1958 1790 stomachantem
1998 1722 2370 1814 Philippum
2377 1751 2396 1804 3
2450 1727 2569 1792 sed

393 1847 473 1889 82⁶1
507 1818 898 1884 mirabantur
943 1817 1412 1896 adulescentes,
1456 1817 1793 1884 multitudo
1828 1817 2205 1884 movebatur
2212 1845 2231 1899 3
2284 1830 2419 1886 erat
2450 1842 2569 1885 ex-

507 1912 744 1978 cellens
778 1911 1012 1978 iudicio
1039 1911 1216 1997 volgi
1249 1921 1315 1978 et
1347 1911 1535 1978 facile
1560 1912 1797 1998 primas
1826 1913 2083 1979 tenebat
2110 1910 2569 2002 [adulescens].

509 2005 630 2072 etsi
665 2005 834 2071 enim
868 2026 1072 2091 genus
1108 2004 1266 2069 illud
1300 2005 1552 2072 dicendi
1588 2006 1976 2075 auctoritatis
2013 2005 2283 2072 habebat
2312 2027 2563 2092 parum,

509 2110 721 2164 tamen
757 2107 976 2185 aptum
1009 2121 1155 2164 esse
1191 2100 1384 2165 aetati
1419 2101 1750 2167 videbatur
1759 2127 1779 2180 3
1826 2111 1892 2167 et
1926 2112 2117 2179 certe,
2162 2099 2331 2185 quod
2364 2109 2431 2166 et
2460 2100 2571 2166 in-

508 2191 683 2282 genii
736 2191 1050 2275 quaedam
1110 2192 1316 2259 forma
1365 2193 1619 2260 lucebat
1672 2205 1738 2260 et
1788 2194 2227 2261 exercitatione
2278 2193 2570 2282 perfecta

507 2295 644 2350 erat
683 2287 1114 2352 sententiarwn
1157 2290 1531 2353 concinnitas
1587 2289 2049 2374 verborumque
2102 2290 2359 2356 astricta
2394 2310 2569 2355 com-

504 2379 874 2467 prehensio,
939 2402 1253 2447 summam
1303 2382 1633 2449 hominum
1696 2384 2177 2451 admirationem
2228 2383 2566 2451 excitabat.

507 2472 624 2539 sed
677 2494 822 2539 cum
873 2474 1002 2541 iam
1053 2476 1327 2542 honores
1381 2487 1448 2542 et
1496 2476 1608 2541 illa
1651 2478 1861 2544 senior
1912 2478 2253 2545 auctoritas
2307 2476 2567 2565 gravius

508 2567 810 2651 quiddam
842 2569 1215 2654 requireret,
1267 2572 1639 2636 remanebat
1688 2572 1860 2638 idem
1904 2594 2023 2639 nec
2067 2573 2333 2639 decebat
2364 2573 2567 2649 idem3

506 2661 800 2745 quodque
855 2662 1368 2729 exercitationem
1424 2664 1827 2751 studiumque
1880 2664 2232 2747 dimiserat,
2287 2666 2457 2751 quod
2496 2666 2571 2731 in

505 2775 584 2820 eo
635 2754 843 2820 fuerat
893 2757 1298 2835 acerrimum,
1353 2758 1743 2825 concinnitas
1789 2758 1899 2826 ina
1950 2760 2378 2845 crebritasque
2421 2780 2570 2827 sen-

504 2847 843 2913 tentiarum
873 2849 1144 2936 pristina
1175 2850 1502 2930 manebat,
1558 2852 1675 2917 sed
1708 2875 1786 2919 ea
1817 2854 2052 2919 vestitu
2096 2854 2205 2919 illo
2242 2852 2566 2931 orationis,

505 2960 631 3021 quo
685 2953 1050 3021 consuerat,
1101 2953 1325 3009 ornata
1375 2968 1506 3011 non
1559 2957 1711 3012 erat.
1817 2946 1939 3014 hoc
1992 2946 2106 3011 tibi
2157 2946 2290 3025 ille,
2341 2948 2568 3022 Brute,

505 3032 714 3099 minus
748 3033 1023 3101 fortasse
1055 3034 1314 3122 placuit,
1349 3060 1544 3124 quam
1578 3039 1951 3126 placuisset,
1988 3038 2044 3102 si
2077 3038 2257 3102 illum
2290 3039 2572 3123 flagran-

505 3138 633 3190 tem
669 3127 878 3193 studio
914 3139 980 3194 et
1013 3128 1344 3195 florentem
1379 3133 1681 3198 facultate
1718 3131 1936 3195 audire
1968 3128 2327 3217 potuisses?

399 3222 470 3277 96
623 3216 795 3285 Tum
824 3222 1096 3287 Brutus:
1151 3228 1303 3311 ‘ego
1359 3226 1539 3291 vero’
1583 3224 1785 3308 inquit
1841 3228 1934 3287 ‘et
1982 3221 2134 3300 ista,
2180 3244 2343 3307 quae
2378 3222 2568 3304 dicis,

390 3294 469 3336 ³²⁸
505 3312 689 3379 video
743 3315 953 3398 qualia
987 3316 1116 3382 sint
1150 3329 1216 3384 et
1247 3318 1666 3384 Hortensium
1707 3340 2012 3405 magnum
2045 3320 2360 3385 oratorem
2396 3340 2568 3385 sem-

501 3429 617 3493 per
666 3409 888 3495 putavi
939 3411 1338 3496 maximeque
1389 3412 1657 3499 probavi
1707 3434 1823 3499 pro
1875 3411 2167 3477 Messala
2226 3410 2567 3491 dicentem,

503 3520 650 3565 cum
683 3510 754 3565 tu
789 3502 1043 3568 afuisti.'
1116 3504 1238 3569 ‘sic
1272 3504 1524 3584 ferunt:
1560 3505 1819 3591 inquam
1855 3505 2077 3591 ‘idque
2105 3504 2391 3572 declarat
2415 3506 2567 3571 toti..

504 3592 650 3658 dem
688 3606 840 3679 quot
875 3596 1061 3675 dixit,
1099 3609 1169 3662 ut
1205 3597 1399 3676 aiunt,
1438 3598 1675 3685 scripta
1704 3600 1919 3666 verbis
1957 3601 2176 3665 oratio.
2265 3620 2419 3686 ergo
2454 3597 2564 3664 ille

503 3704 554 3750 a·
579 3684 819 3754 Crasso
855 3690 1117 3757 consule
1153 3702 1216 3755 et
1253 3689 1568 3759 Scaevola
1600 3716 1805 3778 usque
1842 3693 1924 3761 ad
1949 3693 2249 3759 Paullum
2284 3702 2349 3757 et
2380 3690 2565 3756 Mar-

503 3779 733 3845 cellum
785 3784 1077 3849 consules
1129 3784 1366 3864 floruit,
1422 3808 1540 3852 nos
1593 3788 1662 3852 in
1695 3788 1941 3854 ‘eodem
1986 3808 2177 3852 cursu
2227 3785 2465 3851 fuimus
2523 3810 2565 3850 a

505 3870 689 3939 Sulla
739 3874 1041 3943 dictatore
1096 3877 1179 3949 ad
1231 3878 1493 3945 eosdem
1546 3880 1681 3947 fere
1734 3880 2059 3948 consules:
2090 3872 2207 3945 ⁴sic
2252 3876 2337 3962 Q.
2383 3880 2561 3945 Hor-

387 3987 464 4027 829
503 3964 689 4029 tensii
725 3989 853 4032 vox
885 3970 1199 4035 exstincta
1241 3971 1375 4038 fato
1415 3996 1533 4040 suo
1576 3987 1702 4055 est,
1754 3986 1974 4041 nostra
2004 3972 2302 4061 publico.'
2394 3978 2561 4036 ‘me-

457 4052 652 4131 dius,
689 4078 954 4138 quaeso,
993 4063 1321 4141 ominare,’
1359 4065 1563 4151 inquit
1594 4070 1854 4134 Brutus.
1951 4067 2062 4133 ‘sit
2098 4088 2273 4145 sane,
2309 4075 2381 4131 ut
2414 4065 2557 4143 vis,’
