2784 4575
363 736 418 778 4¹1

1067 302 1146 357 M.
1184 299 1459 359 TULLII
1496 298 1901 357 CICERONIS

459 425 814 517 ceptorum]
855 438 1146 511 torquere
1183 426 1266 491 ad
1302 448 1456 491 suae
1500 446 1731 491 causae
1784 423 2187 491 commodum
2232 424 2525 504 debebit3

457 548 612 592 nam
644 534 710 589 et
741 544 823 589 ex
865 522 1236 607 quaestione
1283 519 1666 607 suspitiones
1702 530 1767 585 et
1810 541 1893 584 ex
1934 519 2297 586 testimonio
2340 532 2407 586 et
2440 542 2523 587 ex

457 640 710 685 rumore
745 617 956 700 aliquo
991 616 1130 702 pari
1179 614 1425 681 ratione
1466 626 1539 679 ut
1572 636 1655 681 ex
1706 636 1903 679 causa
1934 625 2000 679 et
2034 636 2116 681 ex
2148 636 2425 700 persons.
2458 626 2525 681 et

462 736 544 779 ex
577 713 750 778 facto
793 711 942 776 duci
983 709 1318 796 oportebit.
1408 728 1536 792 qua
1565 730 1638 774 re
1670 708 1857 775 nobis
1900 718 1969 773 et
2000 708 2061 773 ei
2094 707 2389 773 videntur
2422 731 2527 773 er·-

458 828 634 884 rnre,
687 806 798 890 qui
829 805 954 871 hoc
996 826 1200 891 genus
1246 804 1671 891 suspitionum
1714 802 1961 869 artificii
1992 826 2125 869 non
2165 814 2394 889 putant
2424 804 2527 869 in-

463 902 710 989 digere,
765 909 831 965 et
854 898 960 977 -ei,
1015 899 1126 982 qui
1160 898 1340 963 aliter
1374 898 1498 964 hoc
1540 898 1620 963 de
1667 919 1901 985 genere
1936 918 2015 961 sc
2048 896 2129 961 de
2162 898 2338 963 omni
2372 918 2526 963 con-

460 998 704 1063 iectura
761 994 1278 1082 praecipiendum
1334 1004 1590 1080 putant3
1642 992 1851 1059 omnis
1912 991 2083 1057 enim
2144 992 2388 1059 eisdem
2435 1014 2520 1057 ex

461 1091 618 1158 locis
657 1090 1017 1155 coniectura
1069 1088 1378 1155 sumenda
1412 1099 1512 1153 est
1518 1114 1538 1166 3
1580 1110 1733 1153 nam
1767 1098 1833 1153 et
1866 1086 2032 1163 eius,
2068 1086 2178 1171 qui
2210 1086 2279 1151 in
2328 1108 2525 1172 quae-

465 1186 672 1251 stione
709 1183 947 1266 aliquid
979 1182 1226 1260 dixerit,
1266 1193 1332 1247 et
1363 1182 1522 1260 eius,
1560 1182 1671 1266 qui
1700 1180 1771 1245 in
1805 1180 2187 1258 testimonio,
2224 1192 2291 1246 et
2318 1181 2523 1267 ipsius

461 1277 734 1345 rumoris
787 1298 982 1342 causa
1033 1288 1100 1341 et
1147 1276 1380 1342 veritas
1434 1298 1517 1341 ex
1569 1275 1810 1342 eisdem
1862 1275 2369 1342 attributionibus
2418 1298 2527 1341 re·-

461 1382 784 1533 pengtiiirni
845 1474 1057 1530 autem
1105 1464 1174 1529 in
1225 1485 1423 1530 causa
1478 1486 1629 1550 pars
1692 1474 2209 1550 argumentorum
2260 1476 2361 1531 est
2411 1464 2533 1531 ud·

371 1624 374 1627 ,
461 1561 680 1627 iuncte
721 1559 782 1625 ei
815 1581 1046 1625 causae
1099 1560 1333 1638 solum,
1389 1580 1552 1643 quae
1606 1557 1862 1637 dicitur,
1916 1570 1982 1624 et
2016 1560 2099 1624 ab
2140 1580 2245 1637 ea,
2294 1560 2364 1623 in
2398 1581 2528 1645 qua

351 1925 430 1989 ,15

371 3093 424 3133 49

259 3918 264 3922 ’
369 3945 425 3986 50

464 1667 591 1735 est,
647 1655 989 1743 separatim
1030 1654 1124 1721 ita
1173 1656 1393 1729 ducta,
1447 1666 1522 1719 ut
1560 1654 1631 1720 in
1674 1654 1879 1721 omnis
1932 1654 2221 1720 eiusdem
2270 1656 2530 1742 generis

464 1771 690 1818 causas
726 1750 1056 1816 transferri
1087 1772 1219 1815 non
1254 1750 1411 1814 satis
1464 1750 1797 1815 commode
1839 1747 2073 1835 possit3
2126 1771 2277 1860 pars
2312 1761 2528 1815 autem

463 1856 564 1911 est
605 1846 1010 1932 pervagatior
1051 1856 1118 1909 et
1162 1855 1274 1908 aut
1313 1844 1380 1907 in
1426 1843 1631 1908 omnis
1678 1844 1964 1909 eiusdem
2016 1843 2271 1930 generis
2315 1854 2427 1909 aut
2456 1846 2527 1909 in

464 1940 802 2026 plerasque
856 1960 1082 2003 causas
1137 1937 1649 2002 adcommodata:
1710 1938 1873 2003 haec
1922 1960 2077 2025 ergo
2131 1949 2527 2025 argumenta,

464 2055 628 2117 quae
661 2031 1041 2097 nansferri
1021 2054 1090 2095 m
1121 2030 1354 2095 multas
1391 2052 1617 2097 causas
1643 2043 1933 2119 possunt,
1966 2033 2143 2099 locos
2172 2033 2527 2098 communis

461 2126 892 2193 nominamus.
943 2148 1096 2190 nam
1149 2124 1327 2193 locus
1371 2127 1723 2192 communis
1770 2138 1882 2192 aut
1923 2137 2133 2192 certae
2174 2126 2271 2193 rei
2324 2148 2525 2211 quan-

472 2222 620 2285 dam
664 2219 943 2286 continet
987 2220 1565 2308 amplificationem·
1548 2270 1567 2301 ,
1620 2233 1694 2287 ut
1729 2222 1785 2287 si
1820 2222 1928 2306 qui
1962 2221 2085 2290 hoo
2127 2222 2281 2289 velit
2314 2233 2531 2289 osten·-

467 2318 645 2394 dere,
682 2337 856 2395 eum,
903 2316 1012 2400 qui
1043 2327 1374 2403 parentem
1407 2319 1675 2395 necarit,
1718 2319 1999 2383 maximo
2036 2317 2347 2404 supplicio
2382 2340 2527 2384 esse

467 2411 758 2498 dignum,
813 2433 939 2496 quo
972 2412 1142 2489 loce,
1188 2411 1312 2478 nisi
1345 2424 1640 2499 perorata
1678 2410 1773 2498 [et
1803 2410 2099 2500 probata]
2138 2434 2360 2490 causa,
2396 2436 2527 2480 non

467 2517 567 2571 est
629 2507 957 2586 utendum3
1032 2517 1142 2572 aut
1203 2505 1462 2584 dubiae,
1535 2527 1697 2590 quae
1759 2529 1840 2572 ex
1900 2507 2212 2572 oona-uio
2275 2529 2533 2591 quoque

465 2601 699 2666 hebeat
746 2599 1094 2687 probabilis
1145 2600 1425 2666 rationes
1480 2600 1992 2688 argumentandi3
2042 2611 2119 2665 ut
2162 2599 2531 2687 suspitioni-

465 2696 585 2762 bus
640 2695 812 2761 credi
861 2716 992 2761 non
1043 2704 1363 2781 oportere,
1420 2706 1486 2760 et
1536 2705 1783 2772 contra,
1846 2694 2303 2781 suspitionibus
2356 2694 2531 2760 credi

467 2801 784 2878 oportere,
822 2810 896 2854 ac
929 2811 1084 2899 pars
1114 2788 1399 2855 locorum
1426 2790 1853 2856 communium
1886 2813 2001 2878 per
2027 2788 2531 2876 indignationem

469 2895 579 2948 aut
609 2903 724 2970 per
759 2882 1278 2967 conquestionem
1309 2884 1656 2963 inducitur,
1712 2884 1791 2949 de
1836 2884 2064 2968 quibus
2110 2894 2254 2948 ante
2290 2882 2529 2948 dictum

468 2988 593 3054 est,
627 2997 777 3062 pars
811 2999 928 3061 per
964 2977 1242 3062 aliquam
1275 2978 1673 3064 probabilem
1704 2988 1973 3062 utraque
2008 3000 2093 3042 ex
2121 2988 2303 3064 parte
2335 2976 2532 3043 ratio-

467 3089 634 3135 nem.
707 3071 1113 3158 distinguitur
1149 3082 1362 3138 autem
1396 3072 1597 3138 oratio
1626 3083 1817 3156 atque
1848 3072 2219 3137 inlustratur
2251 3070 2531 3136 maxime

464 3186 609 3229 raro
671 3162 1046 3230 inducendis
1109 3165 1268 3231 locis
1331 3165 1771 3232 communibus
1826 3177 1893 3232 et
1945 3164 2155 3250 aliquo
2207 3165 2347 3231 loco
2398 3164 2529 3230 iam

467 3257 836 3323 certioribus
888 3258 1014 3325 illis
1067 3261 1459 3347 argumentis
1514 3260 1902 3326 confirmato:
2006 3283 2158 3324 nam
2212 3257 2333 3346 [et]
2388 3269 2529 3324 tum

467 3353 832 3418 conceditur
868 3375 1204 3420 commune
1240 3354 1544 3440 quiddam
1578 3354 1818 3434 dicere,
1863 3377 2009 3420 cum
2042 3354 2378 3442 diligenter
2414 3353 2529 3418 ali-

467 3448 575 3532 qui
607 3448 902 3536 proprius
938 3469 1170 3516 causae
1210 3450 1390 3516 locus
1428 3460 1728 3517 metatus
1764 3461 1890 3528 est,
1946 3461 2010 3514 et
2054 3448 2355 3514 auditoris
2394 3448 2533 3512 ani-

465 3565 608 3609 mus
646 3555 755 3608 aut
787 3555 1128 3610 renovatur
1163 3545 1246 3609 ad
1281 3567 1384 3624 ea,
1424 3565 1587 3630 quae
1620 3555 1891 3622 restent,
1928 3556 2037 3610 aut
2072 3543 2363 3609 omnibus
2397 3543 2529 3606 iam

467 3636 650 3702 dictis
687 3637 1128 3704 exsuscitatur.
1168 3636 1173 3646 '
1217 3639 1434 3706 omnia
1466 3650 1679 3706 autem
1721 3650 2093 3706 ornamenta
2134 3637 2529 3714 elocutionis,

449 3731 533 3796 ‘in
577 3733 805 3815 quibus
851 3743 916 3798 et
957 3733 1286 3798 suavitatis
1331 3745 1398 3800 et
1440 3733 1769 3820 gravitatis
1822 3734 2164 3821 plurimum
2215 3728 2527 3807 consistit,

468 3821 739 3910 [omnia,
797 3847 958 3910 quae
1008 3825 1374 3892 inventione
1417 3849 1630 3893 rerum
1674 3839 1739 3894 et
1782 3828 2238 3894 sententiarum
2289 3822 2530 3907 aliquid

466 3920 704 3986 habent
753 3919 1108 4008 dignitatis]
1157 3922 1226 3987 in
1268 3923 1619 3992 communis
1663 3923 1841 3990 locos
1884 3923 2311 3990 conferuntur.
2400 3941 2529 4003 qua

465 4033 536 4076 re
586 4035 744 4090 non,
805 4026 879 4078 ut
929 4035 1291 4094 causarum,
1355 4017 1449 4082 sic
1499 4028 1821 4084 oratorum
1870 4037 2123 4103 quoque
2180 4015 2529 4080 multorum

468 4105 834 4171 communes
869 4107 996 4174 loci
1031 4121 1208 4189 sunt3
1244 4133 1394 4176 nam
1428 4111 1553 4178 nisi
1588 4113 1669 4177 ab
1708 4112 1797 4177 eis
1810 4161 1827 4190 ,
1866 4111 1975 4196 qui
2006 4111 2210 4177 multa
2242 4109 2311 4174 in
2344 4129 2531 4174 exer·

311 4353 318 4366 ι

332 4407 338 4414 .
397 4411 400 4414 .

379 4451 398 4464 o
415 4457 430 4468 ..ἶ

331 4415 458 4521 Ei
467 4501 486 4516 ¹..

2740 2188 2759 2259 4
