2784 4575
848 284 949 339 De
988 280 1353 339 ORATORE
1390 283 1438 338 1.
1473 282 1713 337 24—33.
2263 268 2306 337 7

254 434 445 497 quam
477 408 765 474 Platonis
811 408 1093 474 oratione
1137 406 1444 484 crevisse,
1501 416 1565 472 et
1597 405 1769 490 quod
1801 404 1906 471 ille
1951 404 2304 472 durissimis

251 504 521 594 pedibus
557 502 737 581 fecit,
772 513 844 567 ut
878 524 948 568 se
984 499 1312 568 abiceret
1293 524 1362 565 m
1393 500 1594 566 herba
1627 509 1816 584 atque
1848 498 1941 564 ita
1972 498 2107 577 illa,
2144 521 2306 583 quae

252 598 615 689 philosophi
648 597 951 664 divinitus
978 596 1193 663 ferunt
1226 618 1370 663 esse
1406 595 1595 674 dicta,
1629 594 2010 680 loqueretur,
2045 547 2134 658 id
2129 594 2306 659 meis

251 693 521 782 pedibus
557 702 727 759 certe
761 690 1024 760 concedi
1058 702 1159 758 est
1192 687 1496 775 aequius?
1569 699 1704 754 tum
1740 685 2050 755 Crassum
2085 686 2306 753 ‘immo
2331 714 2384 757 ss

252 808 404 854 vero
450 785 841 853 commodius
884 784 1131 864 etiam,
1186 782 1610 871 pulvinosque
1651 780 2023 870 poposcisse
2068 790 2133 848 et
2174 802 2312 847 om·-

250 880 353 947 nis
390 880 461 947 in
504 879 599 947 eis
652 879 943 959 sedibus,
994 899 1160 963 quae
1212 886 1394 943 erant
1440 878 1560 943 sub
1602 876 1890 965 platano,
1943 873 2309 941 consedisse

288 974 538 1039 dicebat
577 1022 597 1039 .

254 970 289 1061 ἰ
371 1067 502 1144 Ibi,
535 972 629 1132 ]ut
670 1088 753 1131 ex
793 1065 1061 1153 pristino
1108 1087 1404 1131 sermone
1453 1065 1890 1131 relaxarentur
1939 1062 2133 1128 animi
2176 1084 2312 1128 om-
2343 1077 2378 1133 8

252 1159 458 1239 nium,
514 1160 761 1227 solebat
805 1156 1001 1227 Cotta
1049 1182 1305 1225 narrare
1352 1156 1665 1225 Crassum
1717 1179 2074 1223 sermonem
2115 1177 2316 1241 quen-

250 1254 403 1319 dam
439 1254 519 1320 de
555 1252 765 1321 studio
802 1252 1057 1319 dicendi
1096 1253 1418 1330 intulisse,
1473 1251 1583 1337 qui
1618 1272 1763 1316 cum
1795 1250 1888 1316 ita
1921 1261 2094 1317 esset
2127 1272 2312 1317 exor-
2338 1279 2392 1320 so

252 1370 393 1414 sus:
454 1370 587 1414 non
641 1346 765 1414 sibi
814 1346 1277 1414 cohortandum
1330 1344 1688 1433 Sulpicium
1739 1353 1805 1411 et
1855 1342 2142 1425 Cottam,
2196 1343 2314 1410 sed

251 1441 458 1527 magis
492 1452 831 1526 utrumque
864 1441 1376 1508 conlaudandum
1421 1439 1652 1518 videri,
1705 1439 1876 1523 quod
1910 1449 2152 1505 tantam
2182 1438 2314 1504 iam

250 1544 473 1601 essent
521 1533 888 1601 facultatem
930 1535 1173 1621 adepti,
1224 1545 1299 1600 ut
1338 1557 1470 1601 non
1511 1533 1880 1619 aequalibus
1927 1533 2060 1599 suis
2105 1533 2313 1601 solum

254 1636 815 1715 anteponerentur,
868 1628 987 1696 sed
1020 1649 1166 1694 cum
1199 1628 1546 1695 maioribus
1580 1636 1736 1692 natu
1770 1638 2311 1715 compararentur3

252 1728 491 1807 ‘neque
534 1743 687 1789 vero
738 1721 897 1789 mihi
946 1722 1311 1807 quicquam'
1364 1722 1572 1807 inquit
1622 1721 2092 1810 ‘praestabilius
2137 1721 2315 1786 vide-

248 1826 381 1896 tur,
418 1838 611 1902 quam
642 1839 838 1904 posse
873 1816 1141 1883 dicendo
1177 1828 1396 1883 tenere
1430 1816 1760 1883 hominum
1795 1826 2044 1895 coetus,
2080 1814 2312 1881 mentis

254 1866 555 1989 adlicere,
619 1911 978 1978 voluntates
1032 1911 1392 2000 impellere,
1455 1932 1584 1995 quo
1635 1912 1817 1991 velit,
1878 1911 2050 1977 unde
2103 1920 2315 1977 autem

251 2004 435 2082 velit,
496 2004 843 2073 deducere:
903 2006 1065 2071 haec
1115 2027 1247 2071 una
1303 2028 1411 2072 res
1463 2005 1532 2070 in
1585 2005 1759 2071 omni
1817 2004 2018 2070 libero
2078 2004 2316 2092 populo

250 2100 651 2184 maximeque
683 2098 753 2164 in
785 2099 1028 2187 pacatis
1065 2099 1546 2185 tranquillisque
1581 2098 1942 2165 civitatibus
1976 2098 2314 2185 praecipue

253 2215 505 2279 semper
547 2192 762 2260 floruit
814 2215 1190 2281 semperque
1234 2193 1562 2260 dominata
1596 2204 1714 2260 est.
1801 2191 1957 2277 quid
2000 2193 2170 2259 enim
2214 2204 2314 2260 est
2337 2220 2390 2263 st

251 2293 367 2351 aut
408 2296 540 2352 tam
582 2287 979 2368 admirabile,
1034 2311 1226 2375 quam
1262 2312 1345 2354 ex
1376 2289 1626 2354 infinita
1667 2286 2068 2354 multitudine
2112 2287 2316 2355 homi-

252 2401 409 2444 num
452 2379 757 2445 exsistere
806 2403 1032 2461 unum,
1086 2383 1197 2468 qui
1256 2381 1353 2460 id,
1407 2382 1581 2466 quod
1633 2382 1926 2448 omnibus
1971 2393 2198 2448 natura
2233 2382 2316 2448 sit

252 2472 501 2551 datum,
556 2472 659 2537 vel
696 2472 869 2540 solus
904 2474 1009 2541 vel
1052 2497 1199 2541 cum
1230 2475 1454 2563 paucis
1491 2476 1702 2541 facere
1743 2473 1988 2562 possit?
2039 2484 2152 2539 aut
2186 2485 2318 2539 tam

252 2566 599 2632 iucundum
650 2565 910 2652 cognitu
953 2577 1143 2652 atque
1188 2567 1410 2633 auditu
1423 2615 1442 2645 ,
1495 2589 1688 2651 quam
1731 2565 2124 2654 sapientibus
2169 2587 2316 2631 sen-

252 2660 467 2726 tentiis
521 2659 951 2746 gravibusque
1006 2660 1219 2726 verbis
1273 2671 1498 2726 ornata
1550 2659 1752 2726 oratio
1801 2668 1869 2724 et
1918 2658 2154 2745 polita?
2207 2671 2319 2724 aut

253 2764 387 2820 tam
419 2763 647 2839 potens
684 2763 939 2837 tamque
972 2752 1411 2840 magnificum,
1457 2775 1648 2836 quam
1680 2751 1902 2839 populi
1933 2761 2177 2829 motus,
2221 2751 2318 2817 iu·-

252 2848 472 2912 dicum
502 2846 874 2935 religiones,
910 2858 1171 2915 senatus
1206 2847 1590 2934 gravitatem
1623 2846 1814 2912 unius
1849 2845 2132 2912 oratione
2166 2867 2318 2912 con-

253 2940 456 3007 verti?
508 2940 661 3027 quid
695 2951 829 3006 tam
868 2963 1060 3028 porro
1103 2941 1384 3028 regium,
1437 2951 1572 3006 tam
1603 2939 1892 3017 liberale,
1945 2950 2078 3005 tam
2110 2939 2318 3005 muni-
2342 2968 2396 3010 ss

250 3035 473 3114 ficum,
530 3056 720 3120 quam
772 3057 961 3122 opem
1008 3036 1175 3101 ferre
1210 3034 1638 3122 supplicibus,
1691 3033 1965 3100 excitare
2009 3033 2317 3113 adflictos,

250 3129 407 3197 dare
444 3129 733 3208 salutem,
768 3127 1038 3195 liberare
1070 3129 1393 3217 periculis,
1430 3129 1704 3194 retinere
1729 3125 2027 3194 homines
2061 3127 2130 3192 in
2164 3127 2318 3193 civi-

247 3224 419 3289 tate?
471 3222 627 3307 quid
658 3233 872 3289 autem
905 3234 1039 3289 tam
1070 3223 1535 3302 necessarium,
1589 3243 1782 3308 quam
1815 3232 2030 3288 tenere
2068 3244 2320 3310 semper

250 3339 456 3393 arma,
528 3316 757 3400 quibus
828 3318 932 3384 vel
992 3328 1196 3385 tectus
1266 3318 1410 3406 ipse
1461 3340 1608 3384 esse
1644 3317 1870 3405 'possis
1933 3316 2039 3385 vel
2087 3339 2321 3404 provo·-

253 3431 398 3475 care
422 3415 456 3493 †
480 3409 763 3497 integros
797 3413 903 3478 vel
936 3421 999 3479 te
1030 3414 1255 3480 ulcisci
1276 3415 1652 3482 lacessitus?
1687 3439 1808 3503 age
1842 3437 2016 3494 vero,
2050 3437 2134 3481 ne
2153 3437 2319 3480 sem-

250 3525 367 3592 per
418 3503 657 3583 forum,
712 3505 1041 3585 subsellia,
1106 3519 1315 3576 rostra
1366 3509 1732 3594 curiamque
1781 3509 2113 3586 meditere,
2165 3505 2322 3591 quid

248 3619 397 3666 esse
430 3607 645 3685 potest
675 3597 745 3662 in
778 3599 907 3665 otio
944 3611 1055 3666 aut
1078 3601 1418 3669 iucundius
1456 3614 1568 3669 aut
1599 3603 1805 3690 magis
1840 3600 2166 3688 proprium
2199 3598 2319 3664 hu-

249 3692 603 3772 manitatis,
639 3715 831 3778 quam
866 3715 1074 3760 sermo
1112 3695 1357 3762 facetus
1397 3719 1474 3762 ac
1506 3697 1684 3762 nulla
1717 3695 1784 3761 in
1824 3717 1896 3760 re
1929 3691 2144 3759 rudis?
2194 3691 2319 3758 hoc

246 3787 421 3852 enim
462 3809 591 3854 uno
632 3798 1033 3874 praestamus
1078 3789 1182 3854 vel
1224 3790 1504 3856 maxime
1539 3789 1693 3856 feris
1705 3837 1724 3868 ,
1779 3788 1950 3872 quod
1993 3784 2318 3870 conloqui-

250 3902 395 3946 mur
427 3881 591 3948 inter
634 3904 753 3948 nos
789 3892 855 3948 et
906 3883 1081 3966 quod
1124 3883 1480 3970 exprimere
1533 3882 1801 3948 dicendo
1856 3903 2046 3947 sensa
2085 3902 2317 3968 possu-
2363 3921 2372 3926 ·

252 3996 417 4040 mus.
488 3997 679 4060 quam
714 3977 799 4044 ob
833 3999 973 4043 rem
1006 3977 1147 4061 quis
1177 3979 1299 4044 hoo
1325 4001 1457 4044 non
1488 3977 1625 4042 iure
1660 3973 1921 4040 miretur
1946 3994 2315 4059 summeque
2340 3999 2392 4042 ss

248 4068 321 4133 in
354 4090 430 4134 eo
466 4069 919 4139 elaborandum
952 4093 1097 4138 esse
1133 4072 1498 4150 arbitretur,
1551 4080 1650 4151 ut,
1705 4091 1830 4155 quo
1863 4092 1992 4136 uno
2027 4069 2314 4138 homines
