2784 4575
900 261 1213 332 BRUTUS
1247 273 1561 328 320—325.
2131 267 2263 332 273

203 397 641 486 quaestionem
676 397 960 463 universi
993 395 1247 485 generis
1283 395 1636 462 orationem
1670 397 2031 478 traducere,
2072 422 2262 468 nemo

204 494 316 580 qui
368 492 726 558 delectandi
777 491 984 578 gratia
1035 489 1285 578 digredi
1334 511 1675 577 parumper
1718 515 1757 556 a
1802 513 2026 571 causa,
2077 505 2271 561 nemo

205 586 318 673 qui
357 586 443 652 ad
483 584 876 650 iracundiam
918 607 1156 671 magno
1199 605 1394 670 opere
1438 582 1744 662 iudicem,
1796 604 1987 650 nemo
2032 586 2142 670 qui
2184 587 2271 652 ad

203 682 426 747 fletum
473 689 699 766 posset
749 677 1091 756 adducere,
1144 685 1336 742 nemo
1388 677 1501 760 qui
1540 677 1823 742 animum
1874 678 2041 758 eius,
2096 681 2270 765 quod

205 797 403 840 unum
436 784 536 839 est
571 771 838 839 oratoris
872 771 1153 836 maxime
1186 770 1548 858 proprium,
1582 791 1979 857 quocumque
2010 795 2116 839 res
2150 797 2269 862 po-

206 868 498 945 stularet,
549 865 897 952 impellere.
983 865 1228 948 itaque,
1283 885 1430 934 cum
1470 863 1601 929 iam
1648 887 1853 952 paene
1904 868 2267 935 evanuisset

202 959 592 1028 Hortensius
646 969 711 1022 et
763 979 886 1044 ego
939 979 1106 1022 anno
1157 979 1330 1036 mec,
1398 968 1579 1023 sexto
1632 968 1843 1024 autem
1892 972 2043 1047 post
2089 962 2269 1030 illum

209 1053 536 1119 consulem
573 1050 796 1116 consul
839 1050 1046 1116 factus
1077 1073 1306 1128 essem,
1341 1071 1643 1117 revocare
1680 1075 1751 1118 se
1784 1054 1869 1117 ad
1892 1053 2269 1123 industriam

208 1147 443 1232 coepit,
487 1167 599 1222 ne,
655 1165 800 1208 cum
832 1167 1020 1231 pares
1065 1144 1306 1209 honore
1351 1166 1666 1230 essemus,
1722 1145 1934 1231 aliqua
1973 1169 2044 1213 re
2081 1168 2269 1236 supe—-

205 1241 406 1307 riores
453 1238 840 1307 videremurz
876 1239 988 1303 ‘sic
1030 1231 1364 1303 duodecim
1408 1249 1558 1324 post
1604 1262 1820 1308 meum
1870 1243 2269 1308 consulatum

207 1357 408 1400 annos
445 1334 514 1396 in
547 1331 838 1398 maximis
894 1328 1134 1408 causis,
1186 1353 1332 1398 cum
1377 1355 1499 1420 ego
1540 1333 1697 1398 mihi
1736 1334 1945 1414 illum,
2000 1336 2123 1403 sibi
2162 1359 2271 1404 me

205 1427 314 1492 ille
351 1425 720 1505 anteferret,
769 1424 1280 1492 coniunctissime
1315 1427 1551 1500 versati
1586 1449 1834 1506 sumus,
1872 1430 2269 1497 consulatus-

208 1542 332 1604 que
383 1542 594 1598 meus,
647 1520 756 1603 qui
806 1519 986 1584 illum
1035 1518 1240 1606 primo
1291 1519 1515 1585 leviter
1562 1521 2046 1606 perstrinxerat,
2096 1523 2269 1590 idem

206 1636 326 1678 nos
387 1635 598 1678 rerum
656 1635 944 1678 mearum
1005 1623 1359 1698 gestarum,
1432 1634 1591 1697 quas
1652 1613 1761 1679 ille
1820 1615 2267 1694 admirabatur,

205 1708 396 1774 laude
431 1708 868 1786 coniunxerat3
921 1707 1197 1773 maxime
1235 1729 1386 1772 vero
1428 1718 1765 1794 perspecta
1798 1719 1899 1773 est
1939 1709 2268 1793 utriusque

206 1813 498 1870 nostrum
539 1801 904 1870 exercitatio
939 1803 1132 1890 paulo
1177 1811 1351 1879 ante,
1408 1823 1599 1885 quam
1638 1801 2041 1888 perterritum
2075 1803 2267 1868 armis

207 1897 332 1964 hoc
367 1896 664 1974 studium,
699 1897 922 1975 Brute,
957 1905 1246 1961 nostrum
1274 1893 1575 1960 conticuit
1600 1895 1903 1961 subito'et
1924 1896 2266 1975 obmutuit;

210 2013 356 2056 cum
404 1990 557 2079 leges
600 1991 914 2078 Pompeia
967 1990 1160 2056 ternis
1215 1989 1388 2055 horis
1444 1989 1527 2057 ad
1578 1989 1917 2054 dicendum
1956 1989 2133 2056 datis
2184 1991 2271 2056 ad

207 2104 443 2152 causas
473 2086 824 2152 simillimas
861 2084 1026 2151 inter
1061 2107 1132 2150 se
1167 2084 1270 2150 vel
1311 2084 1525 2170 potius
1570 2085 1829 2152 easdem
1866 2083 2023 2150 novi
2056 2084 2270 2150 venie-

26 2229 29 2236 2
114 2238 117 2243 .
206 2179 434 2244 bamus
487 2179 746 2259 cotidie;
801 2179 1030 2263 quibus
1083 2178 1341 2262 quidem
1391 2177 1601 2243 causis
1656 2189 1725 2242 tu
1777 2171 1996 2256 etiam,
2046 2177 2269 2256 Brute,

206 2281 463 2358 praesto
515 2272 695 2339 fuisti
737 2272 1203 2359 complurisque
1249 2283 1314 2337 et
1353 2272 1689 2339 nobiscum
1732 2283 1797 2338 et
1840 2273 2015 2339 solus
2060 2271 2267 2360 egisti,

207 2375 281 2429 ut
316 2364 428 2449 qui
456 2385 587 2429 non
621 2365 776 2431 satis
815 2366 934 2433 diu,
958 2366 1190 2431 vixerit
1223 2366 1643 2443 Hortensius,
1676 2375 1890 2431 tamen
1924 2366 2095 2431 hunc
2130 2388 2273 2430 cur-

211 2478 355 2523 sum
399 2458 768 2525 confecerit:
823 2459 1006 2523 annis
1061 2469 1208 2523 ante
1261 2458 1484 2523 decem
1535 2479 1761 2523 causas
1796 2480 1997 2544 agere
2040 2458 2267 2542 coepit,

211 2574 402 2637 quam
436 2562 506 2617 tu
541 2569 610 2618 'es
645 2560 864 2629 natus;
898 2550 1072 2615 idem
1106 2560 1332 2634 quarto
1368 2559 1435 2614 et
1452 2549 1869 2634 sexagesimo
1904 2570 2090 2627 anno,
2124 2570 2271 2633 per-

208 2646 430 2732 paucis
475 2656 621 2711 ante
671 2653 940 2709 mortem
987 2643 1242 2721 diebus,
1297 2664 1431 2707 una
1480 2651 1690 2706 tecum
1748 2656 2042 2707 socerum·
2090 2650 2271 2705 tuum

211 2740 495 2805 defendit
544 2740 833 2827 Appium
839 2764 860 2818 ;
916 2738 1167 2803 dicendi
1220 2747 1433 2803 autem
1485 2758 1689 2825 genus
1742 2735 1915 2819 quod
1960 2735 2153 2800 fuerit
2202 2735 2271 2801 in

209 2844 506 2917 utroque,
562 2832 878 2900 orationes
914 2831 1243 2915 utriusque
1289 2829 1481 2898 etiam
1521 2828 1795 2917 posteris
1838 2827 2073 2893 nostris
2106 2827 2271 2894 indi-

213 2927 470 2993 cabunt.
1738 2984 1747 2995 .

333 3020 468 3089 Sed
503 3022 560 3088 si
593 3019 954 3107 quaerimus
969 3036 1008 3099 ,·
1044 3019 1156 3083 'cur
1191 3016 1568 3083 adulescens
1610 3013 1815 3101 magis
1860 3015 2141 3081 floruerit
2175 3015 2270 3080 di-

213 3116 414 3182 cendo
449 3139 642 3201 quam
678 3114 890 3181 senior
922 3112 1341 3189 Hortensius,
1386 3132 1615 3176 causas
1649 3108 2036 3195 reperiemus
2072 3110 2271 3175 veris-

215 3210 408 3275 simas
463 3211 654 3275 duas:
706 3208 1012 3296 primum,
1067 3206 1240 3291 quod
1291 3227 1495 3291 genus
1548 3212 1685 3270 erat
1736 3203 2037 3269 orationis
2079 3202 2275 3269 Asiae-

213 3302 410 3365 ticum
461 3302 932 3367 adulescentiae
982 3300 1190 3388 magis
1254 3318 1630 3365 concessum
1646 3296 1881 3380 'quam
1944 3296 2270 3361 senectuti.

213 3416 451 3481 genera
503 3404 716 3459 autem
765 3394 1095 3459 Asiaticae
1149 3390 1441 3457 dictionis
1486 3390 1613 3457 duo
1658 3400 1833 3455 sunt:
1886 3410 2086 3453 unum
2130 3410 2275 3453 sen-

213 3486 557 3553 tentiosum
609 3498 674 3553 et
727 3498 1052 3575 argutum,
1109 3484 1439 3551 sententiis
1488 3504 1621 3549 non
1674 3493 1804 3548 tam
1855 3482 2157 3569 gravibus
2210 3489 2276 3545 et

217 3580 454 3647 severis
509 3602 700 3665 quam
763 3578 1088 3646 concinnis
1141 3589 1209 3645 et
1257 3577 1575 3655 venustis,
1638 3576 1841 3661 qualis
1893 3576 1962 3640 in
2011 3573 2275 3640 historia

214 3675 549 3754 Timaeus,
592 3674 660 3740 in
695 3673 964 3739 dicendo
1011 3682 1224 3739 autem
1263 3671 1479 3759 pueris
1522 3670 1707 3736 nobis
1742 3668 2077 3734 Hierocles
2113 3668 2277 3732 Ala-

214 3769 534 3847 bandeus,
577 3769 785 3855 magis
820 3766 1012 3833 etiam
1045 3766 1376 3832 Menecles
1413 3764 1609 3829 frater
1644 3762 1781 3827 eius
1816 3760 1963 3839 fuit,
2008 3782 2277 3845 quorum

213 3863 540 3945 utriusque
575 3863 891 3928 orationes
939 3872 1086 3927 sunt
1127 3860 1198 3925 in
1238 3858 1462 3947 primis
1504 3868 1575 3924 ut
1605 3855 1895 3922 Asiatico
1918 3856 1996 3919 'in
2039 3876 2275 3942 genere

212 3956 566 4022 laudabiles
573 3982 594 4036 3
657 3957 831 4023 aliud
891 3967 1102 4023 autem
1155 3977 1360 4041 genus
1424 3963 1523 4019 est
1572 3974 1703 4017 non
1761 3961 1892 4015 tam
1944 3946 2272 4025 sententiis

212 4050 680 4134 frequentatum
714 4073 908 4137 quam
938 4050 1149 4119 verbis
1194 4047 1451 4117 volucre
1487 4056 1675 4129 atque
1708 4043 2067 4122 incitatum,
2102 4038 2277 4126 quali

317 4152 542 4197 ciceronis
561 4152 648 4196 vol.
673 4150 731 4194 11.
1231 4174 1237 4179 ·
1856 4146 1923 4196 18

2302 866 2373 921 94

2300 938 2383 982 328

2302 1738 2381 1778 324

2304 3012 2379 3067 95

2304 3085 2383 3125 325
