2784 4575
507 231 638 300 292
1121 241 1197 297 M.
1237 240 1511 300 TULLn
1549 238 1954 298 CICERONIS

509 368 680 456 quod
713 366 1030 434 incitatius
1065 365 1306 432 feratur
1339 375 1405 431 et
1438 363 1805 430 clarissimis
1849 364 2189 432 verborum
2223 362 2584 433 luminibus

503 474 747 542 utatur,
799 460 1013 548 potius
1047 464 1278 547 poe'ma
1309 458 1665 546 putandum
1700 479 1893 542 quam
1928 457 2315 525 comicorum
2347 464 2583 546 poeta-

503 581 678 637 rum3
715 555 887 644 apud
923 576 1110 640 quos,
1144 553 1270 620 nisi
1305 553 1481 638 quod
1512 552 1811 620 versiculi
1845 563 2024 632 sunt,
2067 552 2227 618 nihil
2260 565 2361 619 est
2396 553 2577 620 aliud

507 650 807 720 cotidiani
860 647 1168 714 dissimile
1221 647 1561 725 sermonis,
1624 667 1746 712 nec
1796 656 2013 712 tamen
2061 645 2132 712 id
2188 657 2290 712 est
2337 652 2577 736 poetae

502 745 886 821 maximum,
940 741 1065 808 etsi
1105 750 1206 806 est
1249 762 1325 807 eo
1377 740 1780 819 laudabilior,
1834 740 2006 825 quod
2056 740 2323 806 virtutes
2356 753 2578 809 orato-

408 871 459 910 cs
507 842 596 908 ris
657 836 1088 928 persequitur,
1149 856 1297 900 cum
1357 857 1552 900 versu
1604 834 1687 900 sit
1748 834 2091 903 asu-ictior:
2149 857 2273 922 ego
2334 846 2577 915 autem,

505 935 755 1002 etiamsi
806 929 1201 1018 quorundam
1254 930 1515 1016 grandis
1552 940 1617 995 et
1651 940 1875 996 ornata
1908 953 2037 998 vox
2072 941 2173 996 est
2212 935 2573 1018 poetarum,

504 1045 719 1098 tamen
767 1029 836 1095 in
879 1049 959 1094 ea
1008 1048 1154 1091 cum
1205 1025 1528 1092 licentiam
1581 1036 1789 1092 statuo
1834 1025 2140 1093 maiorem
2185 1047 2331 1092 esse
2374 1049 2572 1112 quam

503 1128 574 1191 in
621 1122 808 1192 nobis
861 1120 1297 1188 faciendorum
1357 1119 1948 1207 iungendorumque
2001 1120 2369 1199 verborum,
2432 1131 2573 1187 tum

506 1219 700 1286 etiam
749 1240 883 1283 non
931 1214 1250 1281 nullorum
1301 1215 1626 1280 voluntate
1678 1215 1941 1282 vocibus
1988 1215 2195 1302 magis
2240 1237 2435 1299 quam
2465 1240 2577 1284 re-

500 1315 622 1380 bus
680 1308 1034 1376 inserviunt
1040 1334 1062 1388 ;
1113 1329 1234 1374 nec
1287 1331 1440 1376 vero
1459 1357 1478 1387 ,
1536 1308 1591 1374 si
1643 1309 1797 1393 quid
1849 1319 1949 1374 est
1996 1331 2196 1375 unum
2239 1309 2407 1376 inter
2452 1333 2574 1378 eos

503 1405 708 1472 simile
765 1439 856 1454 -
903 1403 972 1468 id
1024 1413 1236 1469 autem
1290 1414 1390 1469 est
1450 1403 1754 1468 iudicium
1815 1403 2165 1488 electioque
2223 1406 2573 1472 verborum

499 1535 590 1548 --
619 1508 958 1588 propterea
993 1508 1344 1562 ceterarum
1377 1519 1591 1562 rerum
1636 1497 2083 1563 dissimilitudo
2116 1497 2403 1586 intellegi
2435 1523 2575 1566 non

498 1603 740 1682 potest3
799 1593 914 1659 sed
955 1590 1026 1656 id
1059 1612 1179 1657 nec
1230 1591 1493 1657 dubium
1540 1602 1641 1657 est
1684 1601 1775 1670 et,
1830 1591 1886 1656 si
1930 1591 2084 1676 quid
2126 1591 2322 1658 habet
2371 1615 2575 1677 quae-

502 1687 752 1767 stionis,
806 1687 928 1751 hoc
972 1695 1186 1750 tamen
1219 1685 1434 1771 ipsum
1486 1686 1571 1750 ad
1621 1684 1718 1763 id,
1773 1685 1944 1769 quod
1992 1686 2390 1773 propositum
2443 1697 2573 1766 est,

498 1803 629 1848 non
672 1791 771 1846 est
811 1779 1261 1846 necessarium.
1351 1779 1676 1844 seiunctus
1720 1779 1914 1866 igitur
1957 1789 2167 1845 orator
2212 1804 2251 1845 a
2283 1779 2573 1868 philoso-

498 1876 774 1962 phorum
825 1873 1213 1958 eloquentia,
1271 1895 1312 1936 a
1355 1872 1811 1958 sophistarum,
1868 1874 1951 1938 ab
1994 1871 2463 1960 historicorum,
2523 1899 2568 1940 a

499 1975 831 2055 poetarum
867 1966 1279 2052 explicandus
1317 1976 1417 2032 est
1449 1967 1633 2032 nobis
1672 1967 1877 2051 qualis
1912 1967 2163 2033 futurus
2201 1968 2299 2033 sit.

399 2060 464 2112 21
621 2063 768 2126 Erit
816 2060 1010 2146 igitur
1061 2058 1365 2142 eloquens
1400 2093 1491 2108 ·--
1524 2059 1696 2128 hunc
1748 2060 1919 2127 enim
1971 2071 2223 2128 auctore
2262 2059 2559 2125 Antonio

405 2132 456 2170 ⁶⁹
502 2154 862 2239 quaerimus
897 2187 985 2202 ——-
1017 2151 1094 2230 is,
1133 2152 1240 2236 qui
1273 2152 1340 2218 in
1375 2154 1515 2219 foro
1552 2154 1887 2240 causisque
1926 2155 2208 2221 civilibus
2242 2153 2331 2218 ita
2364 2153 2566 2232 dicet,

498 2256 571 2311 ut
618 2247 872 2333 probet,
934 2257 1007 2311 ut
1060 2245 1357 2325 delectet,
1411 2257 1485 2312 ut
1534 2247 1775 2314 flectat:
1838 2250 2109 2337 probare
2159 2246 2567 2314 necessitatis

501 2350 627 2419 est,
666 2340 980 2406 delectare
1018 2341 1376 2417 suavitatis,
1414 2342 1669 2409 flectere
1703 2344 2034 2423 victoriae3
2078 2367 2230 2409 nam
2262 2343 2331 2408 id
2360 2366 2565 2408 unum

500 2458 582 2500 ex
615 2434 909 2501 omnibus
949 2434 1031 2501 ad
1067 2434 1445 2501 obtinendas
1481 2457 1707 2503 causas
1744 2448 1963 2525 potest
1994 2438 2355 2524 plurimum.
2446 2438 2568 2503 sed

499 2539 656 2613 quot
688 2529 901 2594 officia
933 2529 1230 2607 oratoris,
1284 2540 1379 2595 tot
1424 2541 1571 2595 sunt
1614 2553 1852 2617 genera
1896 2530 2174 2597 dicendi:
2230 2530 2460 2596 subtile
2493 2530 2569 2595 in

495 2622 845 2709 probando,
882 2623 1202 2689 modicum
1228 2624 1296 2688 in
1323 2624 1719 2703 delectandO,
1746 2624 2093 2690 vehemens
2120 2624 2189 2689 in
2216 2624 2529 2690 flectendo
2543 2650 2569 2703 ;

403 2746 452 2783 το
497 2720 563 2782 in
599 2740 727 2802 quo
761 2740 889 2783 uno
926 2717 1024 2782 vis
1071 2717 1276 2782 omnis
1325 2718 1593 2783 oratoris
1639 2729 1757 2784 est.
1844 2718 2063 2805 magni
2096 2718 2291 2805 igitur
2323 2718 2570 2796 iudicii,

497 2833 783 2876 summae
835 2810 1029 2875 etiam
1080 2809 1398 2875 facultatis
1452 2832 1597 2877 esse
1651 2811 1908 2877 debebit
1956 2813 2319 2878 moderator
2352 2812 2458 2877 ille
2497 2825 2570 2878 et

495 2903 678 2987 quasi
713 2913 1096 2991 temperator
1130 2904 1318 2969 huius
1348 2904 1693 2991 tripertitae
1720 2906 2075 2985 varietatis;
2111 2929 2263 2971 nam
2298 2915 2363 2973 et
2394 2906 2573 2971 iudi-

497 2996 666 3061 cabit
719 2997 870 3081 quid
915 2998 1138 3082 cuique
1191 3020 1352 3083 opus
1398 2998 1482 3064 sit
1524 3011 1588 3064 et
1630 3000 1864 3087 poterit
1915 3022 2312 3086 quocumque
2362 3000 2572 3066 modo

494 3090 844 3175 postulabit
893 3112 1090 3157 causa
1134 3090 1362 3156 dicere.
1454 3092 1570 3159 sed
1614 3104 1714 3159 est
1757 3094 2149 3178 eloquentiae
2204 3093 2365 3158 sicut
2404 3093 2579 3157 reli-

495 3204 760 3267 quarum
800 3206 1014 3250 rerum
1064 3184 1549 3252 fundamentum
1596 3188 1935 3275 sapientia:
1988 3200 2059 3256 ut
2093 3187 2263 3254 enim
2294 3185 2365 3251 in
2398 3185 2577 3267 vita,

495 3277 586 3341 sic
619 3278 687 3343 in
723 3278 1004 3345 oratione
1037 3277 1198 3343 nihil
1240 3290 1340 3345 est
1389 3280 1712 3347 difficilius
1768 3305 1959 3367 quam
1994 3282 2148 3368 quid
2202 3282 2426 3347 deceat
2458 3282 2571 3347 vi·-

493 3372 663 3439 dere.
752 3374 1012 3461 πρέπον
1056 3373 1380 3460 appellant
1423 3374 1547 3441 hoc
1582 3374 1814 3443 Graeci
1821 3402 1844 3457 3
1895 3400 2015 3443 nos
2070 3377 2353 3442 dicamus
2398 3398 2575 3442 sane

493 3466 822 3546 decorum;
877 3466 957 3533 de
993 3488 1120 3552 quo
1155 3470 1480 3554 praeclare
1515 3481 1581 3536 et
1610 3472 1813 3536 multa
1844 3470 2318 3558 praecipiuntur
2351 3480 2415 3534 et
2446 3492 2571 3535 res

492 3572 591 3625 est
633 3561 994 3649 cognitione
1043 3562 1446 3649 dignissima:
1500 3564 1689 3631 huius
1740 3566 2137 3653 ignoratione
2188 3588 2320 3631 non
2360 3565 2568 3632 modo

489 3654 558 3719 in
591 3653 742 3735 vita,
780 3656 896 3722 sed
931 3656 1304 3745 saepissime
1339 3668 1405 3725 et
1437 3659 1507 3724 in
1538 3660 1849 3746 poematis
1885 3671 1951 3726 et
1983 3660 2051 3725 in
2087 3658 2369 3725 oratione
2401 3680 2572 3745 pee-

396 3772 448 3811 ⁷1
494 3758 688 3815 catur.
779 3760 878 3815 est
921 3760 1132 3816 autem
1184 3751 1337 3835 quid
1383 3752 1608 3818 deceat
1648 3754 1881 3820 oratori
1922 3752 2271 3819 videndum
2312 3775 2440 3819 non
2484 3752 2569 3819 in

492 3842 818 3908 sententiis
874 3844 1110 3922 solum,
1165 3844 1280 3910 sed
1315 3845 1507 3911 etiam
1540 3847 1609 3911 in
1651 3848 1893 3927 verbis;
1939 3870 2075 3913 non
2128 3848 2298 3913 enim
2334 3846 2561 3913 'omnis

489 3935 772 4012 for-tuna,
824 3958 956 4001 non
1005 3937 1210 4002 omnis
1264 3938 1497 4017 honos,
1557 3964 1689 4007 non
1739 3943 1944 4008 omnis
1998 3940 2368 4018 auctoritas,
2420 3960 2565 4005 non

489 4024 695 4089 omnis
733 4036 906 4092 aetas
941 4050 1060 4093 nec
1095 4052 1248 4097 vero
1280 4031 1458 4098 locus
1496 4044 1602 4100 aut
1629 4045 1879 4121 tempus
1917 4045 2026 4101 aut
2060 4032 2313 4101 auditor
2342 4030 2573 4099 omnis

2741 557 2744 714 ἒ
