2784 4575
719 273 827 330 AD
867 273 925 330 C.
961 273 1432 332 HERENNIUM
1466 275 1573 330 111.
1606 274 1848 330 30-33.
2226 261 2313 327 53

246 411 436 468 notas
493 398 716 482 quinto
769 419 1017 481 quoque
1069 396 1209 464 loco
1263 397 1613 462 conlocare.
1715 397 1870 461 item
1920 397 2311 466 commodius
2347 411 2419 469 19

245 506 354 562 est
384 495 454 558 in
491 493 794 558 derelicta
827 513 1019 575 quam
1052 491 1120 555 in
1155 489 1389 556 celebri
1420 491 1681 576 regione
1714 491 1891 555 locos
1928 513 2313 578 comparare,

247 597 597 676 propterea
631 584 804 669 quod
839 585 1195 668 frequentia
1229 594 1295 650 et
1329 583 1757 650 obambulatio
1802 584 2129 650 hominum
2166 607 2315 651 con-

249 683 467 748 turbat
521 690 586 746 et
637 680 916 744 infirmat
966 679 1316 766 imaginum
1368 689 1584 756 notas,
1648 678 1921 744 solitudo
1982 689 2317 744 conservat

251 779 504 862 integra
563 774 630 838 vi
685 773 1162 838 simulacrorum
1221 774 1480 859 figuras.
1593 782 1923 858 praeterea
1975 771 2315 838 dissimiles

254 872 462 936 forma
489 878 678 951 atque
697 878 924 932 natura
945 867 1070 931 loci
1097 866 1505 953 comparandi
1532 877 1697 944 sunt,
1725 876 1798 930 ut
1824 865 2101 931 distincti
2125 865 2321 933 inter-

251 966 465 1030 lucere
501 962 752 1050 possint
764 989 782 1041 3
819 985 968 1026 nam
1004 961 1060 1026 si
1097 951 1207 1045 qui
1225 962 1427 1026 multa
1448 961 1930 1028 intercolumnia
1958 961 2315 1049 sumpserit,

253 1057 738 1124 conturbabitur
793 1055 1226 1133 similitudine,
1289 1066 1362 1120 ut
1412 1056 1690 1142 ignoret,
1746 1055 1898 1140 quid
1948 1054 2016 1120 in
2068 1076 2317 1140 quoque
2362 1102 2366 1107 ³

257 1150 406 1216 loco
441 1151 783 1216 conlocarit
791 1175 809 1228 ;
847 1161 912 1214 et
937 1148 1371 1236 magnitudine
1399 1151 1651 1216 modica
1684 1161 1749 1216 et
1781 1150 2115 1216 mediocris
2141 1150 2317 1218 locos

257 1245 494 1310 habere
529 1256 806 1332 oportet3
843 1267 993 1309 nam
1027 1255 1093 1311 et
1124 1255 1375 1331 praeter
1400 1245 1661 1309 modum
1697 1246 1891 1332 ampli
1926 1268 2125 1333 vagas
2160 1245 2321 1310 ima-

256 1338 440 1424 gines
474 1338 753 1404 reddunt
786 1349 852 1403 et
884 1337 1071 1403 nimis
1110 1337 1364 1424 angusti
1410 1361 1601 1424 saepe
1634 1360 1767 1403 non
1800 1338 2094 1404 videntur
2126 1359 2319 1424 posse

257 1453 484 1518 capere
518 1432 869 1518 imaginum
905 1431 1431 1509 conlocationem3
1478 1441 1614 1495 tum
1647 1453 1767 1496 nec
1807 1431 1995 1496 nimis
2030 1431 2314 1498 inlustris

254 1548 376 1590 nec
427 1526 838 1592 vehementer
887 1529 1190 1593 obscuros
1243 1527 1420 1592 locos
1475 1525 1709 1591 habere
1746 1535 2021 1611 oportet,
2076 1548 2157 1590 ne
2212 1535 2321 1590 aut

251 1631 672 1698 occaecentur
707 1621 984 1687 tenebris
1011 1619 1322 1707 imagines
1351 1629 1463 1684 aut
1490 1619 1827 1706 splendore
1854 1619 2317 1705 praefulgeant.
2376 1687 2387 1692 ᾖ

251 1714 590 1780 intervalla
621 1715 906 1780 locorum
939 1713 1284 1781 mediocria
1315 1713 1526 1800 placet
1563 1735 1733 1790 esse,
1782 1714 1915 1778 fere
1948 1711 2140 1798 paulo
2173 1711 2317 1798 plus

251 1819 367 1873 aut
399 1807 614 1874 minus
649 1809 886 1895 pedum
922 1809 1183 1886 trinum3
1229 1831 1380 1873 nam
1414 1818 1489 1872 ut
1524 1817 1850 1892 aspectus,
1896 1807 1987 1870 ita
2020 1805 2318 1893 cogitatio

251 1901 466 1968 minus
504 1901 675 1967 valet
711 1903 846 1967 sive
880 1901 1068 1967 nimis
1103 1902 1326 1989 procul
1359 1901 1705 1967 removeris
1744 1900 1878 1966 sive
1914 1899 2323 1964 vehementer

252 2017 456 2081 prope
510 1995 865 2061 admoveris
919 1995 1015 2074 id,
1077 1996 1248 2080 quod
1299 2005 1551 2082 oportet
1610 1993 1829 2059 videri.
1936 1992 2051 2059 sed
2102 2014 2324 2076 quam-

253 2111 450 2172 quam
484 2088 670 2154 facile
707 2099 807 2154 est
848 2088 937 2167 ei,
993 2089 1101 2173 qui
1141 2089 1334 2175 paulo
1379 2089 1565 2176 plura
1596 2088 1869 2165 noverit,
1924 2097 1989 2152 et
2032 2087 2321 2170 quamvis

253 2181 490 2247 multos
537 2193 600 2248 et
642 2181 904 2249 idoneos
957 2183 1134 2248 locos
1189 2204 1584 2268 comparare,
1641 2191 1853 2247 tamen
1896 2181 1952 2246 si
2005 2180 2113 2266 qui
2166 2180 2321 2246 satis

254 2276 523 2341 idoneos
549 2275 830 2343 invenire
861 2269 938 2343 'se
973 2300 1102 2344 non
1126 2276 1394 2364 putabit,
1431 2276 1569 2363 ipse
1610 2275 1729 2341 sibi
1756 2274 2099 2343 constituat
2131 2296 2324 2359 quam

257 2368 437 2434 volet
487 2370 716 2437 multos
768 2370 1003 2437 licebit.
1093 2369 1390 2457 cogitatio
1446 2370 1616 2435 enim
1660 2371 1949 2454 quamvis
1994 2368 2324 2454 regionem

256 2473 474 2550 potest
519 2464 813 2550 amplecti
867 2475 931 2531 et
982 2465 1050 2530 in
1094 2486 1172 2529 ea
1215 2462 1409 2529 situm
1459 2464 1583 2529 loci
1635 2464 1966 2529 cuiusdam
2010 2462 2093 2525 ad
2138 2482 2325 2525 suum

257 2556 586 2623 arbitrium
632 2558 929 2623 fabricari
971 2568 1037 2623 et
1071 2556 1495 2633 architectari3
1549 2578 1676 2639 qua
1706 2578 1777 2621 re
1818 2555 2058 2630 licebit,
2114 2553 2170 2617 si
2203 2552 2326 2617 hac

257 2662 554 2737 prompta
606 2652 788 2738 copia
833 2650 1113 2719 contenti
1146 2674 1278 2717 non
1311 2650 1578 2727 erimus,
1631 2658 1885 2713 nosmet
1925 2648 2101 2732 ipsos
2136 2645 2322 2710 nobis

257 2743 643 2830 cogitatione
704 2755 922 2810 nostra
985 2744 1315 2831 regionem
1384 2742 1767 2807 constituere
1828 2751 1894 2805 et
1948 2739 2325 2806 idoneorum

257 2838 544 2904 locorum
597 2840 1173 2906 commodissimam
1234 2837 1706 2907 distinctionem
1767 2856 2152 2922 comparare.
2244 2833 2325 2899 de

257 2932 416 2997 locis
453 2932 610 2997 satis
647 2932 884 2997 dictum
920 2944 1046 3011 est;
1083 2954 1253 3007 nunc
1289 2932 1372 2997 ad
1398 2930 1749 3019 imaginum
1772 2930 2083 2995 rationem
2116 2938 2325 2993 trans-

259 3048 502 3092 eamus.

382 3117 693 3185 Omnium
744 3142 958 3185 rerum
1001 3119 1221 3185 similis
1273 3118 1590 3205 imagines
1643 3138 1787 3183 esse
1842 3126 2091 3203 oportet
2135 3128 2199 3181 et
2242 3137 2325 3181 ex
2358 3112 2429 3166 20

259 3212 556 3277 omnibus
609 3212 820 3278 verbis
873 3224 1057 3279 notas
1108 3213 1293 3278 nobis
1349 3209 1791 3277 similitudines
1846 3209 2079 3298 eligere
2132 3209 2326 3274 debe·
2367 3184 2425 3224 ³³

261 3328 435 3371 mus:
493 3305 776 3393 duplices
812 3306 1005 3393 igitur
1048 3306 1492 3371 similitudines
1530 3327 1673 3371 esse
1710 3304 1972 3370 debent:
2026 3326 2191 3369 unae
2224 3324 2327 3367 re·-

262 3420 434 3475 rum,
489 3399 722 3464 alterae
774 3400 1128 3465 verborum.
1215 3421 1427 3464 rerum
1472 3396 1909 3463 similitudines
1966 3396 2327 3483 exprimun-

265 3502 394 3569 tur,
448 3514 592 3557 cum
637 3494 998 3559 summatim
1040 3492 1324 3579 ipsorum
1365 3491 1765 3579 negotiorum
1807 3490 2118 3577 imagines
2156 3510 2329 3553 com-

261 3608 594 3671 paramus3
620 3588 959 3653 verborum
987 3586 1427 3652 similitudines
1456 3586 1939 3661 constituuntur,
1968 3604 2113 3648 cum
2137 3580 2324 3645 unius

261 3680 568 3766 cuiusque
613 3680 886 3747 nominis
933 3692 998 3747 et
1039 3680 1334 3747 vocabuli
1377 3680 1685 3745 memoria
1732 3677 2009 3765 imagine
2052 3685 2323 3740 notatur.

260 3774 356 3839 rei
390 3774 582 3839 totius
627 3773 998 3841 memoriam
1042 3796 1236 3861 saepe
1280 3797 1408 3839 una
1442 3782 1595 3839 nota
1638 3784 1703 3837 et
1734 3770 2011 3856 imagine
2058 3764 2323 3851 simplici

261 3869 874 3957 comprehendemus
911 3869 1033 3934 hoc
1065 3868 1256 3933 modo
1269 3916 1287 3945 ,
1341 3878 1440 3945 ut,
1488 3867 1543 3931 si
1580 3875 1907 3930 accusator
1942 3860 2198 3941 dixerit,
2245 3862 2325 3926 ab

258 3984 371 4027 reo
408 3962 732 4029 hominem
757 3984 1004 4027 veneno
1038 3972 1333 4028 necatum
1368 3970 1435 4025 et
1468 3958 1833 4038 hereditatis
1870 3975 2065 4020 causa
2089 3954 2324 4019 factum

261 4054 546 4143 arguerit
577 4067 643 4121 et
675 4055 811 4123 eius
844 4056 940 4123 rei
973 4054 1206 4121 multos
1245 4054 1475 4120 dixerit
1509 4050 1689 4118 testis
1724 4060 1791 4115 et
1824 4048 2112 4115 conscios
2150 4070 2293 4114 esse
2311 4114 2327 4126 ‚
