2784 4575
497 219 586 285 50
993 225 1415 284 CORNIFICII
1447 224 2065 284 RHETORICORUM

497 353 792 420 ficatione
827 352 1012 429 risus,
1052 352 1186 418 sine
1222 351 1352 416 ulla
1387 349 1734 436 suspitione
1768 349 2001 413 nimiae
2038 347 2559 426 cachinnationis‚

499 448 726 515 leniter
761 445 1078 534 oportebit
1113 446 1193 510 ab
1241 467 1530 510 sermone
1568 444 1732 510 serio
1778 453 2069 527 torquere
2117 443 2201 508 ad
2232 441 2561 508 liberalem

497 543 709 609 iocum
744 563 985 607 vocem.
1057 562 1202 605 cum
1236 549 1451 603 autem
1484 538 1863 602 contendere
1891 535 2223 623 oportebit,
2262 536 2561 619 quoniam

497 637 567 702 id
601 647 710 701 aut
741 659 856 722 per
892 633 1429 700 continuationem
1472 641 1581 694 aut
1614 653 1728 716 per
1772 630 2277 696 distributionem
2321 629 2561 696 facien-

499 733 653 796 dum
685 742 811 808 est,
848 730 915 794 in
949 725 1417 793 continuatione
1452 725 1719 790 adaucto
1755 725 2151 791 mediocriter
2188 747 2344 790 sono
2381 724 2559 790 vocis

499 825 709 892 verbis
768 820 1209 889 continuandis
1262 841 1487 886 vocem
1538 842 1788 903 quoque
1829 819 2091 905 iungere
2138 818 2451 906 oportebit
2494 831 2562 884 et

498 933 792 1004 torquere
828 939 1074 993 sonum,
1111 925 1177 978 et
1209 913 1497 978 celeriter
1532 935 1676 978 cum
1703 914 1977 978 clamore
2004 915 2202 979 verba
2226 913 2556 989 conficere,

496 1027 569 1078 ut
601 1014 733 1078 vim
767 1010 1110 1076 volubilem
1145 1008 1447 1074 orationis
1484 1008 1852 1074 vociferatio
1887 1007 2190 1091 consequi
2221 1007 2454 1095 possit3
2490 1007 2558 1072 in

499 1105 939 1170 distributione
971 1114 1182 1167 autem
1209 1101 1345 1166 ab
1325 1102 1470 1168 unis
1498 1103 1789 1167 faucibus
1818 1102 2340 1167 exclamationem
2367 1123 2559 1184 quam

499 1199 920 1264 clarissimam
955 1197 1257 1262 adhibere
1294 1207 1571 1284 oportet3
1620 1205 1683 1262 et
1718 1206 2023 1280 quantum
2059 1196 2245 1282 spatii
2280 1217 2394 1281 per
2430 1195 2561 1262 sin-

499 1295 680 1380 gulas
711 1293 1196 1359 exclamationes
1227 1292 1701 1378 sumpserimus,
1729 1303 1975 1356 tantum
2000 1292 2067 1356 in
2094 1291 2345 1377 singula
2366 1291 2559 1356 inter-

498 1389 668 1452 valla
701 1386 892 1474 spatii
928 1409 1298 1453 consumere
1326 1386 1718 1451 debebimus.
1790 1385 1858 1450 in
1892 1385 2376 1472 amplificatione
2412 1406 2560 1450 cum

499 1481 930 1550 cohortatione
982 1492 1233 1546 utemur
1285 1503 1443 1546 voce
1496 1480 2027 1557 attenuatissima,
2080 1479 2355 1544 clamore
2407 1478 2557 1558 leni,

501 1597 656 1642 sono
702 1575 1014 1660 aequabili
1059 1572 1683 1662 [commutationibus
1730 1572 1995 1658 crebris]
2012 1623 2028 1649 ‚
2074 1574 2352 1638 maxima
2394 1574 2560 1640 cele-

495 1671 708 1748 ritate3
759 1670 826 1734 in
861 1670 1312 1753 conquestione
1351 1665 1658 1753 [utemur]
1698 1689 1854 1732 voce
1890 1668 2220 1753 depressa,
2257 1666 2557 1733 inclinato

499 1787 685 1842 sono,
733 1765 970 1829 crebris
1007 1761 1387 1836 intervanS,
1435 1760 1643 1845 longis
1690 1761 1942 1845 spatiis,
1988 1761 2237 1846 magnis
2276 1781 2559 1826 commu-

395 1864 462 1918 15
497 1857 859 1924 tationibus.
959 1857 1038 1920 de
1089 1856 1295 1940 figura
1345 1853 1521 1918 vocis
1578 1853 1730 1918 satis
1786 1854 2024 1918 dictum
2074 1864 2201 1920 est:
2256 1874 2423 1918 nunc
2476 1855 2557 1920 de

403 2065 456 2106 26

405 3659 454 3699 27

497 1951 778 2035 corporis
813 1959 992 2014 motu
1027 1948 1362 2012 dicendum
1397 1947 1663 2013 videtur.

617 2044 840 2108 Motus
877 2053 980 2106 est
1022 2041 1302 2126 corporis
1339 2051 1561 2126 gestus
1608 2052 1671 2106 et
1713 2041 1923 2108 voltus
1968 2040 2317 2106 moderatio
2364 2063 2559 2125 quae·-

497 2137 674 2213 dam,
731 2157 894 2218 quae
945 2135 1375 2221 pronuntianti
1430 2136 1727 2200 convenit
1770 2146 1835 2200 et
1876 2135 2301 2221 probabiliora
2350 2136 2559 2200 reddit

499 2253 604 2308 ea,
663 2251 824 2313 quae
867 2229 1367 2317 pronuntiantur.
1460 2230 1755 2296 convenit
1793 2229 1987 2317 igitur
2028 2229 2097 2295 in
2138 2230 2315 2295 voltu
2356 2230 2558 2316 pudo-

497 2347 634 2389 rem
677 2336 742 2389 et
785 2325 1191 2391 acrimoniam
1235 2348 1409 2403 esse3
1464 2326 1533 2390 in
1576 2335 1761 2411 gestu
1805 2346 1925 2389 nec
1976 2334 2374 2390 venustatem
2410 2346 2559 2391 con-

500 2418 917 2504 spiciendam,
956 2440 1075 2484 nec
1109 2418 1562 2504 turpitudinem
1596 2441 1767 2495 esse,
1814 2438 1894 2481 ne
1933 2427 2041 2481 aut
2072 2416 2412 2483 histriones
2449 2427 2557 2483 aut

497 2513 770 2599 operarii
803 2513 1131 2577 videamur
1166 2534 1330 2577 esse.
1404 2513 1487 2577 ad
1522 2513 1781 2578 easdem
1814 2509 2007 2596 igitur
2040 2510 2259 2597 partie,
2296 2512 2363 2576 in
2398 2534 2554 2594 quas

497 2630 626 2673 vox
670 2618 770 2672 est
813 2606 1177 2684 distributa,
1229 2618 1441 2672 motus
1488 2628 1739 2689 quoque
1792 2606 2071 2691 corporis
2113 2606 2275 2671 ratio
2311 2606 2557 2673 videtur

497 2724 641 2766 esse
695 2700 1268 2767 adcommodanda·
1321 2724 1473 2766 nam
1526 2702 1583 2765 si
1626 2701 1745 2765 erit
1788 2722 1995 2765 sermo
2032 2722 2177 2764 cum
2228 2700 2555 2787 dignitate,

499 2794 724 2860 stantis
779 2794 848 2857 in
899 2794 1170 2902 vestigio
1221 2795 1350 2860 levi
1402 2796 1701 2859 dexterae
1760 2804 1939 2857 motu
1989 2793 2163 2877 loqui
2222 2794 2555 2880 oportebit,

497 2887 840 2963 hilaritate,
878 2886 1157 2965 tristitia,
1195 2888 1631 2955 mediocritate
1676 2887 1885 2951 voltus
1934 2887 2016 2949 ad
2062 2887 2369 2953 sermonis
2415 2910 2559 2953 sen-

499 2981 728 3047 tentias
776 2981 1284 3062 adcommodata3
1341 2985 1443 3049 sin
1486 2982 1605 3049 erit
1636 2982 1705 3045 in
1748 2981 2283 3047 demonstratione
2328 3005 2555 3060 sermo,

499 3076 826 3163 paululum
869 3098 1095 3164 corpus
1142 3102 1180 3142 a
1223 3077 1573 3143 cervicibus
1618 3074 2019 3139 demittemus
2031 3122 2049 3151 ,
2102 3099 2252 3139 nam
2296 3087 2395 3141 est
2435 3076 2558 3141 hoc

501 3193 541 3233 a
572 3180 799 3235 natura
833 3170 1076 3250 datum,
1121 3183 1193 3236 ut
1227 3194 1419 3255 quam
1451 3169 1739 3256 proxime
1774 3179 1909 3231 tum
1942 3170 2184 3233 voltum
2216 3170 2558 3235 admovea-

499 3286 641 3327 mus
677 3265 762 3328 ad
795 3266 1132 3343 auditores,
1172 3267 1227 3331 si
1262 3288 1454 3349 quam
1486 3288 1622 3329 rem
1650 3264 1877 3328 docere
1904 3285 2014 3328 eos
2052 3274 2117 3327 et
2150 3264 2559 3329 vehementer

500 3357 801 3445 instigare
837 3360 1132 3436 velimus3
1173 3360 1272 3423 sin
1304 3359 1427 3424 erit
1458 3359 1526 3423 in
1556 3356 1917 3422 narratione
1954 3380 2180 3435 sermo,
2216 3358 2387 3422 idem
2420 3380 2560 3424 mo-

499 3463 602 3517 tus
635 3454 870 3539 poterit
903 3454 1166 3518 idoneus
1204 3475 1375 3530 esse,
1434 3452 1542 3536 qui
1581 3452 1771 3538 paul-o
1818 3462 1964 3516 ante
2010 3452 2560 3517 demonstrabatur

498 3546 567 3611 in
601 3547 906 3633 dignitate
917 3572 935 3626 3
984 3546 1083 3611 sin
1115 3546 1183 3609 in
1214 3545 1556 3623 iocatione,
1600 3547 1779 3611 voltu
1822 3547 2141 3628 quandam
2186 3545 2555 3611 debebimus

499 3638 878 3705 hilaritatem
916 3638 1267 3725 significare
1303 3638 1443 3703 sine
1478 3640 1967 3705 commutatione
2001 3650 2239 3727 gesms.
2316 3639 2369 3703 si
2404 3660 2558 3704 con-—

501 3735 833 3799 teudemus
858 3756 972 3819 per
1002 3731 1552 3811 continuationem,
1588 3734 1847 3801 brachio
1878 3732 2084 3810 celeri,
2110 3732 2329 3799 mobili
2354 3733 2554 3811 volta,

501 3826 632 3891 acri
664 3837 928 3912 >aspectu
955 3835 1227 3901 utemur3
1268 3825 1368 3888 sin
1403 3828 1719 3893 contentio
1750 3829 1863 3893 fiet
1885 3852 1999 3913 per
2025 3827 2553 3905 distributionem,

499 3920 894 4005 porrectione
947 3919 1135 3983 celeri
1180 3918 1446 3997 brachii,
1500 3921 2019 3997 inambulatione,
2073 3919 2254 4005 pedis
2310 3920 2555 3985 dexteri

499 4034 644 4075 rara
677 4010 1111 4096 supplosione,
1149 4010 1277 4077 acri
1311 4021 1376 4074 et
1410 4013 1617 4080 defixo
1649 4024 1914 4100 aspectu
1946 4014 2039 4077 uti
2075 4012 2407 4098 oportebit.
2498 4014 2557 4079 si
