2784 4575
711 259 818 314 AD
859 260 918 315 C.
957 261 1424 317 HERENNIUM
1459 262 1506 320 Ι,
1544 262 1780 315 12—17.
2228 249 2267 314 7

217 384 606 474 provinciam
657 384 1088 470 intellegatur3
1144 395 1210 449 et
1251 383 1506 449 omnino
1549 405 1679 449 non
1710 384 1903 449 modo
1946 384 2042 463 id,
2098 386 2283 470 quod.

221 483 428 557 obest,
487 479 602 544 sed
653 478 844 543 etiam
893 478 988 555 id,
1043 480 1214 562 quod
1254 499 1462 562 neque
1515 478 1699 543 obest
1738 500 1945 561 neque
1992 479 2267 559 adiuvat,

221 574 418 641 satius
455 582 555 637 est
585 572 954 659 praeterire3
991 582 1058 637 et
1089 594 1172 637 ne
1204 572 1304 637 bis
1341 582 1453 637 aut
1479 571 1731 657 saepius
1758 572 1927 635 idem
1962 573 2267 652 dicamus,

220 668 574 733 cavendum
607 679 734 745 est3
789 665 980 731 etiam
1021 688 1104 731 ne
1135 665 1231 743 id,
1286 666 1460 750 quod
1504 665 1700 730 semel
1736 666 2038 743 diximus,
2094 668 2271 732 dein-

219 782 370 849 ceps
407 762 723 839 dicamus,
759 761 884 826 hoc
915 760 1138 826 modo:

433 854 710 921 Athenis
744 854 1083 941 Megaram
1116 854 1368 941 vesperi
1404 853 1662 918 advenit
1698 851 1904 919 Simo:

431 950 543 1015 ubi
580 949 838 1015 advenit
869 949 1235 1035 Megaram,
1269 948 1537 1014 insidias
1573 948 1725 1013 fecit
1758 948 2014 1036 virgini:

433 1043 697 1109 insidias
731 1054 1072 1130 postquam
1105 1042 1284 1121 fecit,
1321 1044 1454 1107 vim
1486 1042 1555 1107 in
1589 1044 1729 1109 loco
1766 1043 1991 1109 attulit.

341 1160 478 1203 rem
537 1137 809 1202 dilucide
869 1137 1264 1202 narrabimus
1283 1186 1302 1215 ,
1369 1136 1453 1214 si,
1517 1149 1588 1200 ut
1650 1137 1947 1221 quicquid
2001 1137 2275 1223 primum
2320 1154 2368 1197 ιε»

223 1244 477 1319 gestum
521 1234 663 1309 erit,
717 1232 808 1296 ita
848 1232 1123 1318 primum
1167 1254 1587 1318 exponemus,
1640 1244 1707 1297 et
1746 1256 1959 1298 rerum
2002 1254 2077 1297 ac
2118 1243 2278 1298 tem-

222 1348 450 1413 porum
483 1327 770 1391 ordinem
821 1325 1364 1404 conservabimus,
1418 1336 1492 1390 ut
1533 1336 1753 1412 gestae
1794 1350 1899 1392 res
1936 1337 2120 1392 erunt
2170 1338 2279 1391 aut

224 1430 296 1483 ut
343 1419 629 1527 potuisse
683 1420 820 1505 geri
869 1420 1250 1484 videbuntur
1282 1456 1370 1467 --
1404 1418 1511 1483 hic
1560 1420 1679 1483 erit
1728 1421 2275 1497 considerandum,

223 1534 306 1576 ne
341 1500 494 1595 quid
526 1513 917 1597 perturbate,
969 1534 1052 1577 ne
1097 1514 1249 1595 quid
1290 1536 1457 1577 nove
1500 1513 1813 1591 dicamus,
1866 1537 1949 1579 ne
1984 1536 2177 1598 quam
2210 1515 2277 1578 in

227 1605 416 1671 aliam
447 1626 584 1669 rem
618 1615 1034 1683 transeamus,
1069 1627 1152 1669 ne
1189 1606 1268 1671 ab
1303 1606 1527 1670 ultimo
1550 1616 1931 1692 repetamus,
1968 1630 2051 1672 ne
2085 1608 2275 1693 longe

224 1720 696 1785 persequamur,
733 1720 816 1763 ne
851 1698 1022 1781 quid,
1061 1700 1232 1782 quod
1267 1701 1350 1763 ad
1381 1722 1519 1763 rem
1551 1699 1882 1784 pertineat,
1916 1711 2276 1787 praeterea-

225 1815 366 1857 mus
401 1828 490 1841 --
523 1802 588 1856 et
623 1792 678 1855 si
714 1813 1050 1875 sequemur
1094 1814 1198 1870 ea,
1253 1814 1417 1877 quae
1462 1792 1541 1857 de
1584 1792 1893 1857 brevitate
1934 1802 2279 1880 praecepta

227 1896 402 1963 sunt3
455 1908 606 1951 nam
641 1907 766 1970 quo
811 1885 1090 1963 brevior,
1146 1908 1222 1951 eo
1259 1886 1589 1951 dilucidior
1634 1898 1699 1951 et
1740 1886 1999 1973 cognitu
2034 1887 2277 1953 facilior

225 1982 500 2045 narratio
544 1980 673 2045 fiet.
760 1978 895 2044 veri
941 1980 1162 2045 similis
1206 1981 1483 2046 narratio
1528 1982 1672 2058 erit,
1728 1980 1811 2057 si,
1867 1991 1938 2044 ut
1988 2004 2155 2055 mos,
2208 1992 2280 2043 ut
2324 2006 2375 2047 16

227 2075 468 2161 opinio,
504 2085 576 2138 ut
608 2084 836 2139 namra
866 2074 1175 2160 postulat,
1213 2074 1497 2139 dicemus
1508 2099 1527 2153 3
1574 2074 1630 2138 si
1666 2074 1872 2161 spatia
1905 2085 2277 2160 temporum,

226 2191 640 2255 personarum
677 2168 1036 2253 dignitates,
1075 2166 1483 2234 consiliorum
1514 2169 1813 2245 rationes,
1848 2168 2135 2233 locorum
2166 2190 2281 2254 op-

227 2262 645 2350 portunitates
699 2263 1082 2328 constabunt
1089 2287 1108 2341 3
1170 2284 1252 2327 ne
1303 2262 1512 2328 refelli
1560 2262 1769 2350 possit
1820 2272 1929 2326 aut
1980 2261 2279 2349 temporis

226 2379 454 2445 parum
487 2356 687 2422 fuisse
725 2367 834 2420 aut
867 2379 1127 2422 causam
1160 2357 1401 2421 nullam
1436 2368 1547 2421 aut
1578 2357 1788 2422 locum
1820 2356 2121 2422 idoneum
2152 2377 2283 2421 non

227 2451 430 2517 fuisse
477 2461 586 2514 aut
627 2450 916 2515 homines
959 2450 1134 2536 ipsos
1187 2451 1399 2515 facere
1454 2461 1565 2514 aut
1612 2450 1745 2537 pati
1796 2472 1925 2514 non
1974 2449 2279 2535 potuisse.

231 2545 290 2610 si
323 2567 476 2609 vera
507 2567 612 2610 res
649 2544 793 2620 erit,
847 2544 1044 2608 nihilo
1087 2544 1296 2608 minus
1342 2544 1503 2608 haec
1536 2543 1751 2608 omnia
1782 2543 2097 2608 narrando
2134 2563 2283 2606 con-

232 2637 548 2702 servanda
583 2647 757 2713 sunt,
792 2659 942 2700 nam
977 2658 1169 2721 saepe
1205 2636 1461 2714 veritas,
1496 2637 1622 2700 nisi
1655 2636 1813 2700 haec
1850 2645 2103 2699 servata
2138 2636 2279 2711 sint,

229 2731 425 2795 fidem
466 2751 596 2793 non
635 2738 850 2814 potest
890 2728 1100 2792 facere
1109 2753 1129 2806 3
1183 2729 1284 2792 sin
1329 2729 1449 2793 erit
1488 2729 1665 2806 ficta,
1720 2749 1796 2792 eo
1840 2728 2046 2813 magis
2100 2739 2284 2792 erunt

235 2821 688 2889 conservanda.
777 2823 857 2886 de
893 2820 986 2886 eis
1019 2822 1210 2887 rebus
1248 2833 1431 2887 caute
1466 2821 1933 2907 confligendum
1976 2829 2102 2900 est,
2148 2821 2285 2904 qui-

232 2919 354 2984 bus
397 2916 466 2982 in
507 2917 698 2980 rebus
742 2915 995 2980 tabulae
1041 2924 1150 2979 aut
1191 2914 1456 2980 alicuius
1477 2915 1683 2994 ⁸firma
1726 2915 2063 2982 auctoritas
2108 2915 2285 2979 vide-

232 3011 403 3077 bitur
435 3009 820 3075 interfuisse.

353 3105 590 3169 Adhuc
635 3125 796 3188 quae
851 3103 1018 3168 dicta
1069 3112 1243 3180 sunt,
1298 3103 1567 3169 arbitror
1606 3101 1764 3166 mihi
1807 3113 2098 3168 constare
2142 3123 2286 3166 cum

237 3198 460 3264 ceteris
514 3199 665 3263 artis
719 3197 1128 3286 scriptoribus
1142 3246 1159 3275 ,
1221 3197 1346 3262 nisi
1400 3219 1563 3282 quae
1616 3197 1697 3262 de
1755 3196 2284 3263 insinuationibus

234 3315 404 3358 nova
437 3292 956 3378 excogitavimus,
995 3293 1166 3376 quod
1183 3303 1308 3356 ‘eas
1347 3292 1469 3357 soli
1500 3303 1751 3378 praeter
1788 3302 2031 3356 ceteros
2064 3291 2133 3356 in
2168 3291 2289 3356 tria

237 3398 524 3472 tempora
558 3387 915 3464 divisimus,
967 3397 1041 3450 ut
1072 3387 1262 3472 plane
1305 3397 1543 3451 certam
1585 3387 1755 3452 viam
1790 3397 1853 3478 et
1885 3386 2287 3473 perspicuam

235 3480 546 3545 rationem
581 3482 982 3548 exordiorum
1023 3482 1423 3547 haberemus.
1510 3503 1707 3559 nunc,
1760 3483 1935 3565 quod
1973 3483 2287 3564 reliquum
2322 3493 2388 3546 10

239 3585 364 3653 est,
420 3574 716 3658 quoniam
759 3577 840 3641 de
882 3599 1093 3641 rerum
1110 3648 1114 3653 ,
1134 3577 1500 3643 inventione
1545 3577 1999 3664 disputandum
2042 3587 2167 3653 est,
2219 3575 2289 3638 in

240 3691 367 3754 qua
401 3666 720 3755 singulare
757 3671 1144 3734 consumitur
1170 3671 1437 3737 oratoris
1472 3671 1770 3748 officium,
1809 3669 2099 3734 dabimus
2136 3690 2289 3753 ope·-

237 3785 404 3842 ram,
447 3775 521 3828 ut
561 3763 758 3829 nihilo
801 3764 1011 3829 minus
1054 3765 1389 3844 industrie,
1436 3789 1629 3850 quam
1668 3766 1763 3830 rei
1794 3763 2033 3828 utilitas
2066 3773 2287 3848 postu-

240 3857 440 3938 labat,
496 3857 822 3943 quaesisse
873 3857 1227 3939 videamur,
1290 3861 1346 3925 si
1396 3860 1571 3946 prius
1607 3880 1813 3946 pauca
1846 3858 1925 3921 de
1978 3855 2286 3922 divisione

241 3973 577 4018 causarum
612 3953 976 4019 dixerimus.

365 4044 720 4112 Causarum
765 4047 992 4114 divisio
1033 4047 1100 4114 in
1143 4049 1301 4114 duas
1351 4049 1551 4135 partis
1597 4045 1931 4112 distributa
1980 4055 2108 4111 est:
2159 4043 2289 4132 pri-
2330 4066 2380 4108 re
