2784 4575
458 177 590 247 356
1076 186 1155 243 M.
1192 184 1466 243 TULLn
1499 183 1908 242 monacum

461 313 707 383 ratione
760 309 1116 388 vitandum,
1168 331 1251 374 ne
1304 307 1644 374 ostentatio
1693 306 2034 374 memoriae
2088 319 2396 396 suscepta
2443 311 2552 376 vi-

466 409 689 474 deatur
734 428 880 472 esse
921 402 1214 491 puerilis.
1266 401 1336 467 id
1386 401 1652 512 effugiet
1704 401 1812 487 qui
1846 423 1974 468 non
2019 401 2231 469 omnia
2263 403 2546 470 minima

464 510 737 588 repetet,
793 498 909 564 sed
941 495 1121 563 brevi
1156 496 1410 583 singula
1451 495 1768 582 attingens
1811 495 2098 582 pondera
2135 518 2350 562 rerum
2383 497 2542 584 ipsa

469 591 979 681 comprehendet.

364 685 435 741 18
590 686 669 754 O.
712 687 791 754 F.
847 684 1169 768 Quoniam
1220 694 1288 751 et
1334 683 1418 750 de
1477 684 1620 772 ipso
1681 693 1930 752 oratore
1983 695 2048 752 et
2097 686 2178 751 de
2239 685 2546 752 oratione

400 759 709 860 1ᾶίιιίειὶ,
764 801 1010 867 expone
1064 801 1209 846 eum
1252 778 1409 843 mihi
1457 799 1658 856 nunc,
1711 800 1902 864 quem
1946 803 2026 845 ex
2069 779 2270 846 tribus
2317 790 2544 846 extre-

464 895 645 940 mum
694 871 1109 961 proposuisti,
1162 871 1550 957 quaestionis
1603 871 1834 938 locum.
1923 870 2002 941 C.
2045 873 2125 940 P.
2171 873 2298 940 duo
2352 885 2537 953 sunt,

467 978 542 1034 ut
574 966 752 1034 initio
788 965 949 1045 dixi,
1001 965 1444 1076 quaestionum
1477 986 1741 1052 genera,
1779 988 2047 1051 quorum
2081 967 2351 1032 alterum
2382 967 2536 1034 fini-

365 1069 369 1074 ’
466 1073 603 1138 tum
639 1063 1027 1151 temporibus
1064 1073 1129 1128 et
1162 1059 1453 1149 personis
1499 1081 1758 1126 causam
1793 1061 2071 1148 appello,
2125 1061 2455 1128 alterum
2431 1086 2540 1128 m·

464 1157 715 1224 finitum
748 1157 937 1225 nullis
972 1177 1180 1240 neque
1215 1154 1507 1242 personis
1560 1174 1768 1238 neque
1801 1155 2191 1242 temporibus
2235 1165 2536 1222 notatum

465 1252 861 1338 propositum
913 1271 1103 1318 voco:
1158 1249 1275 1316 sed
1316 1259 1419 1316 est
1457 1247 1854 1336 propositum
1901 1248 2089 1315 latior
2140 1251 2325 1335 quasi
2375 1273 2534 1338 pars

470 1365 701 1418 causae
740 1341 1083 1430 [quaedam
1118 1347 1186 1411 et
1225 1340 1754 1428 controversiae];
1806 1343 1977 1410 inest
2011 1343 2178 1410 enim
2211 1344 2532 1412 infinitum

376 1461 427 1501 σι
468 1438 537 1503 in
582 1437 839 1512 definito
892 1447 957 1504 et
1002 1439 1084 1502 ad
1134 1437 1294 1503 illud
1344 1448 1556 1503 tamen
1607 1437 1966 1504 referuntur
2017 1437 2246 1504 omnia.
2335 1461 2532 1524 quam

468 1531 552 1599 ob
586 1553 721 1597 rem
754 1526 929 1622 prius
986 1532 1065 1596 de
1116 1531 1443 1618 proposito
1497 1532 1812 1597 dicamus:
1865 1529 2045 1596 cuius
2097 1553 2336 1617 genera
2379 1544 2532 1598 sunt

468 1625 626 1703 duo,
680 1625 1058 1712 cognitionis
1095 1625 1387 1704 alterum3
1441 1624 1580 1690 eius
1616 1623 1880 1692 scientia
1913 1633 2013 1690 est
2053 1625 2229 1704 finis,
2273 1636 2372 1703 ut,
2415 1649 2532 1692 ve-

466 1717 604 1782 rine
640 1717 769 1782 sint
804 1741 1059 1786 sensus:
1114 1719 1379 1784 alterum
1415 1717 1710 1797 actionis;
1761 1718 1934 1802 quod
1963 1719 2237 1784 refertur
2270 1719 2353 1784 ad
2387 1720 2532 1785 effi·-

468 1811 763 1886 ciendum
811 1813 992 1896 quid,
1044 1822 1145 1893 ut,
1202 1812 1256 1877 si
1308 1823 1644 1897 quaeratur
1695 1811 1925 1895 quibus
1979 1811 2206 1878 officiis
2248 1812 2532 1878 amicitia

470 1905 831 1988 quaerenda
882 1905 985 1971 sit.
1080 1929 1300 1977 rursus
1354 1904 1696 1992 superioris
1749 1927 1986 1992 genera
2035 1916 2186 1971 sunt
2235 1904 2381 1971 tria:
2437 1908 2532 1971 sit

466 2019 669 2064 necne
704 2000 805 2076 sit,
842 1999 995 2083 quid
1030 1999 1137 2078 sit,
1176 1998 1360 2082 quale
1397 2000 1506 2064 sit.
1571 1998 1655 2064 sit
1687 2020 1888 2064 necne
1923 1999 2035 2077 sit,
2070 2011 2140 2063 ut
2167 1999 2263 2062 ius
2295 1999 2362 2061 in
2394 2021 2526 2062 na·-⁴

468 2103 691 2159 turano
728 2092 811 2158 sit
846 2116 928 2157 an
962 2093 1029 2156 in
1062 2115 1238 2158 more
1247 2118 1267 2171 3
1323 2092 1477 2176 quid
1511 2102 1724 2158 autem
1759 2092 1868 2170 sit,
1923 2092 2046 2158 sic:
2095 2091 2250 2157 sitne
2282 2091 2387 2156 ius
2419 2090 2530 2170 id,

466 2187 639 2270 quod
689 2187 913 2254 maiori
963 2187 1129 2273 parti
1171 2187 1257 2252 sit
1298 2186 1481 2266 utile3
1536 2187 1722 2271 quale
1763 2193 1978 2252 autem
2021 2187 2130 2266 sit,
2181 2187 2300 2252 sic:
2350 2186 2536 2252 iuste

370 2304 423 2343 σε
468 2279 681 2346 vivere
718 2277 801 2345 sit
834 2302 1033 2347 necne
1060 2279 1238 2347 utile.
1328 2280 1592 2348 actionis
1629 2291 1840 2347 autem
1892 2281 2018 2347 duo
2065 2292 2214 2347 sunt
2256 2303 2533 2369 genera:⁴

469 2396 667 2439 unum
678 2423 697 2454 ,
733 2376 845 2445 ,ad
893 2375 1404 2465 persequendum
1457 2375 1696 2460 aliquid
1729 2385 1841 2441 aut
1897 2374 2370 2453 declinandum,
2431 2387 2530 2454 ut,

470 2468 699 2552 quibus
734 2470 927 2535 rebus
964 2470 1231 2556 adipisci
1262 2470 1531 2558 gloriam
1573 2469 1785 2557 possis
1828 2480 1942 2535 aut
1975 2492 2102 2554 quo
2135 2470 2328 2536 modo
2363 2470 2539 2535 invi-

469 2562 573 2627 dia
626 2562 856 2627 vitetur
864 2586 883 2641 ;
946 2562 1241 2643 alterum,
1286 2566 1478 2649 quod
1541 2564 1624 2629 ad
1675 2562 1951 2647 aliquam
2011 2564 2534 2630 commoditatem

467 2678 783 2741 usumque
832 2658 1131 2738 refertur,
1184 2670 1283 2738 ut,
1337 2681 1528 2744 quem
1573 2660 1656 2723 ad
1693 2659 1955 2725 modum
1991 2659 2076 2723 sit
2112 2679 2218 2725 res
2269 2659 2534 2746 publica

468 2750 968 2821 administranda
1001 2762 1111 2818 aut
1146 2775 1335 2838 quem
1371 2752 1456 2818 ad
1489 2752 1747 2819 modum
1779 2753 1847 2818 in
1893 2762 2270 2840 paupertate
2305 2753 2540 2819 viven-

368 2872 421 2913 04
468 2844 638 2908 dum.
706 2866 927 2912 rursus
964 2858 1177 2915 autem
1210 2871 1292 2913 ex
1328 2846 1705 2934 cognitionis
1739 2847 2228 2927 consultatione,
2271 2846 2407 2927 ubi,
2443 2850 2539 2915 sit

464 2960 665 3006 necne
702 2939 785 3005 sit
818 2952 929 3005 aut
960 2941 1154 3008 fuerit
1185 2943 1548 3009 futurumve
1585 2943 1686 3021 sit,
1723 2942 2062 3026 quaeritur,
2097 2962 2297 3009 unum
2317 2964 2530 3028 genus

466 3042 568 3101 est
602 3033 1019 3115 quaestionis,
1070 3036 1359 3122 possitne
1396 3035 1632 3121 aliquid
1665 3034 1862 3114 effici,
1914 3046 1987 3101 ut
2021 3058 2164 3101 cum
2195 3035 2536 3120 quaeritur

465 3126 836 3209 ecquisnam
875 3130 1157 3215 perfecte
1210 3129 1466 3217 sapiens
1511 3153 1654 3197 esse
1694 3130 1902 3217 possit
1908 3156 1928 3209 3
1983 3132 2279 3210 alterum,
2331 3152 2535 3215 quem·

396 3218 551 3284 fad
584 3222 845 3287 modum
896 3223 1171 3308 quidque
1222 3224 1362 3301 fiat,
1415 3234 1488 3289 ut
1537 3244 1814 3308 quonam
1847 3234 2035 3311 pacto
2077 3224 2280 3290 virtus
2311 3224 2539 3312 paria-

464 3322 596 3392 tur,
647 3326 956 3404 naturane
1002 3340 1085 3381 an
1127 3317 1372 3383 ratione
1417 3340 1500 3383 an
1542 3319 1702 3383 usu?
1755 3318 1940 3386 cuius
1991 3318 2243 3405 generis
2297 3340 2537 3387 omnes

466 3418 642 3486 sunt,
696 3408 765 3473 in
798 3410 1057 3493 quibus,
1109 3422 1182 3476 ut
1213 3412 1283 3477 in
1316 3411 1604 3479 obscuris
1647 3413 2164 3497 naturalibusque
2199 3412 2540 3496 quaestio-

359 3494 429 3607 {2³
464 3500 683 3586 nibus,
712 3525 970 3570 causae
1002 3506 1406 3591 rationesque
1447 3528 1663 3573 rerum
1703 3506 2116 3594 explicantur.
2203 3504 2372 3571 illius
2409 3528 2542 3573 au·-

466 3606 599 3663 tem
628 3598 911 3684 generis,
946 3599 1015 3665 in
1048 3622 1173 3685 quo
1208 3602 1361 3686 quid
1394 3601 1480 3667 sit
1511 3601 1598 3680 id,
1637 3602 1716 3667 de
1751 3624 1878 3687 quo
1915 3602 2141 3689 agitur,
2176 3600 2524 3695 quael-itm,

467 3690 593 3756 duo
656 3698 804 3757 sunt
866 3714 1131 3779 genera.
1196 3716 1466 3779 quorum
1519 3694 1589 3760 in
1647 3696 1846 3763 altero
1907 3689 2358 3783 disputandum
2401 3706 2536 3759 est

466 3782 639 3849 aliud
698 3808 783 3850 an
841 3785 1013 3853 idem
1065 3787 1175 3866 sit,
1232 3798 1311 3853 ut
1368 3789 1717 3875 pertinacia
1767 3800 1831 3855 et
1889 3788 2390 3877 perseverantia,
2449 3786 2532 3852 in

466 3877 663 3942 altero
708 3887 920 3944 autem
972 3836 1310 3967 descriptio
1362 3882 1616 3969 generis
1669 3882 1934 3950 alicuius
1969 3894 2035 3949 et
2067 3882 2252 3995 quasi
2299 3882 2528 3966 imago

462 3978 566 4029 est
615 3970 1053 4051 exprimenda,
1104 3984 1177 4037 ιιι
1212 3974 1416 4057 qualis
1451 3975 1538 4059 sit
1588 3998 1818 4045 avarus
1857 3989 1968 4043 aut
1999 3978 2109 4062 qui
2161 3977 2245 4043 sit
2291 3993 2536 4061 super·—
