2784 4575
832 284 937 339 DE
977 280 1341 373 ORATORE
1374 284 1454 341 Π.
1491 284 1790 340 166-177.
2252 274 2335 340 97

283 433 326 475 a
357 406 543 474 bonis
590 403 953 473 dissedisti.’
1041 430 1126 473 ex·
1156 406 1369 473 causis
1415 418 1629 474 autem
1669 430 1882 474 rerum
1927 408 2048 474 sict
2105 410 2339 479 ‘avaris
2373 436 2450 477 ιιι

285 503 443 569 tiam
474 501 533 567 si
566 500 785 567 tollere
820 499 1041 581 voltis,
1094 512 1297 569 mater
1338 502 1476 569 eius
1513 512 1613 569 est
1655 501 1961 580 tollenda„
2014 502 2334 570 luxuries?

282 618 371 663 ex
406 596 499 663 eis
536 606 777 673 autem,
814 616 977 680 quae
1012 606 1163 661 sunt
1194 606 1335 663 orta
1368 596 1449 661 de
1485 595 1724 663 causist
1761 596 1846 661 ‘si
1881 596 2106 661 aerarii
2141 596 2337 683 copiis

282 700 352 756 et
402 689 487 758 ad
534 688 687 755 belli
748 689 1113 757 adiumenta
1162 700 1229 757 et
1278 690 1364 756 ad
1421 698 1791 756 ornamenta
1847 688 2025 776 pacis
2084 688 2336 768 utimur,

285 784 702 871 vectigalibus
741 783 1132 851 serviamus?
1219 785 1464 852 maiora
1505 795 1718 852 autem
1752 794 1818 850 et
1848 783 2095 865 minora
2129 795 2195 850 et
2223 808 2338 871 pa.-
2374 811 2449 850 ιιι

278 878 379 945 ria
430 878 935 965 comparabimus
990 877 1110 944 sic:
1162 901 1245 945 ex
1286 878 1554 946 maiore:
1609 878 1696 945 ‘si
1737 879 1908 945 bona
1959 877 2337 945 existimatio

280 972 518 1041 ,divitiis
552 981 837 1061 praestat
870 983 935 1039 et
965 972 1237 1059 pecunia
1270 984 1447 1039 tanto
1481 995 1673 1059 opere
1708 972 2050 1059 expetitur,
2102 983 2336 1057 quanto

282 1066 488 1152 gloria
520 1066 727 1153 magis
762 1076 863 1131 est
896 1066 1306 1153 expetendal'
1345 1090 1426 1133 ex
1460 1067 1731 1133 minore:

800 1158 933 1224 ‘hic
964 1182 1200 1245 parvae
1235 1160 1712 1226 consuetudinis

410 1274 608 1319 causa
640 1252 827 1319 huius
862 1264 1133 1321 mortem
1164 1264 1298 1321 tam
1331 1255 1458 1320 fert
1490 1253 1906 1319 familiariter=

412 1347 567 1432 quid
602 1346 659 1413 si
699 1348 839 1434 ipse
876 1350 1192 1415 amasset?
1226 1348 1522 1434 quid'hic
1553 1347 1712 1413 mihi
1743 1346 1936 1413 faciet
1967 1346 2195 1435 patriP’

281 1464 367 1507 ex
398 1442 568 1529 pari:
631 1447 761 1508 ‘est
793 1442 1079 1509 eiusdem
1114 1452 1179 1509 et
1212 1442 1456 1529 eripere
1499 1452 1565 1509 et
1597 1454 1818 1510 contra
1846 1466 1985 1508 rem
2017 1440 2337 1529 publicam

282 1534 499 1623 largiri
530 1536 875 1623 pecunias?
965 1536 1121 1603 foris
1158 1546 1371 1602 autem
1408 1536 1825 1605 adsumuntur
1859 1558 1963 1615 ea,
2005 1557 2170 1620 quae
2205 1556 2334 1600 non
2369 1560 2446 1601 173
2553 1582 2558 1584 -

283 1652 403 1695 sua
437 1628 527 1707 vi,
582 1629 699 1695 sed
732 1640 1034 1696 extranea
1084 1631 1522 1710 sublevantur,
1575 1640 1648 1696 ut
1682 1630 1867 1695 haec:
1922 1630 2072 1695 ‘hoc
2115 1651 2336 1694 verum

280 1734 407 1801 est3
471 1722 631 1788 dixit
682 1722 852 1789 enim
904 1722 988 1805 Q.
1042 1723 1364 1791 Lutatius.
1470 1724 1593 1791 hoc
1642 1724 1878 1789 falsum
1929 1733 2056 1801 est3
2119 1720 2336 1787 habita

278 1817 451 1883 enim
493 1818 780 1902 quaestio
833 1828 951 1885 est.
1039 1818 1163 1885 hoc
1198 1818 1379 1903 sequi
1430 1840 1695 1885 necesse
1739 1829 1867 1896 est3
1919 1817 2114 1883 recito
2166 1814 2336 1881 enim

279 1911 551 1977 tabulas,
554 1912 571 1939 ’
662 1912 743 1977 de
778 1934 904 1995 quo
940 1936 1176 1999 genere
1212 1924 1345 1979 toto
1378 1913 1572 1999 paulo
1609 1923 1755 1977 ante
1793 1912 1945 1977 dixi.
2031 1911 2218 1987 haec,
2261 1920 2336 1975 ut
2367 1904 2435 1958 41

278 2005 655 2073 brevissime
692 2005 817 2071 dici
848 2016 1217 2093 potuerunt,
1266 2008 1359 2073 ita
1394 2030 1436 2073 a
1467 2028 1570 2072 me
1607 2006 1784 2073 dicta
1823 2015 1999 2085 sunt3
2049 2014 2124 2069 ut
2165 1980 2394 2070 enim1

280 2098 338 2167 si
390 2122 615 2165 aurum
664 2100 794 2178 cui,
848 2101 1023 2185 quod
1073 2112 1247 2167 esset
1296 2099 1710 2167 multifariam
1753 2100 2108 2177 defossum,
2163 2120 2336 2163 com-

278 2204 634 2259 monstrare
669 2149 927 2273 vellem,
982 2195 1138 2261 satis
1174 2218 1319 2262 esse
1373 2196 1660 2274 deberet,
1717 2194 1774 2260 si
1825 2194 2011 2281 signa
2043 2203 2108 2258 et
2149 2202 2334 2257 notas
2447 2240 2452 2249 .

280 2289 682 2352 ostenderem
715 2244 1024 2368 locorum,
1079 2291 1309 2375 quibus
1346 2291 1615 2378 cognitis
1649 2291 1790 2377 ipse
1833 2289 1958 2381 sibi
1991 2287 2240 2355 foderet
2271 2297 2339 2352 et

279 2380 377 2458 id,
414 2380 587 2464 quod
620 2381 839 2460 vellet,
873 2407 1073 2470 parvo
1104 2384 1353 2464 labore,
1389 2385 1566 2451 nullo
1603 2407 1832 2462 errore,
1867 2382 2206 2460 inveniret3
2245 2381 2338 2446 sic

280 2473 399 2540 has
429 2497 549 2560 ego
578 2487 1092 2560 argumentorum
1106 2483 1141 2561 †
1156 2478 1307 2545 novi
1323 2489 1508 2544 notas
1535 2478 1862 2562 quaerenti
1887 2475 2334 2552 demonstravi,

285 2565 425 2655 [ubi
460 2565 615 2654 sint]
654 2567 889 2654 exigua
923 2592 1075 2636 cura
1108 2582 1175 2636 et
1208 2571 1613 2658 cogitatione.
1631 2580 1962 2648 eruuntur3
2016 2568 2190 2653 quod
2223 2590 2335 2632 au-
2373 2587 2448 2628 175

280 2673 411 2726 tem
456 2671 970 2748 argumentorum
1021 2685 1225 2750 genus
1279 2664 1508 2748 cuique
1561 2684 1898 2728 causarum
1941 2660 2161 2748 generi
2201 2683 2338 2726 ma-

280 2755 454 2820 xime
506 2755 869 2834 conveniat,
925 2779 1055 2822 non
1106 2768 1208 2822 est
1256 2757 1410 2822 artis
1473 2755 1826 2841 exquisitae
1885 2753 2336 2841 praescribere,

280 2849 398 2916 sed
430 2859 531 2916 est
571 2849 907 2916 mediocris
960 2850 1199 2937 ingenii
1241 2849 1552 2929 iudicare,
1606 2871 1816 2933 neque
1860 2847 2030 2916 enim
2069 2869 2241 2913 nunc
2271 2847 2340 2913 id

279 2943 559 3030 agimus,
612 2954 685 3011 ut
734 2955 934 3012 artem
986 2945 1263 3031 aliquam
1314 2945 1569 3012 dicendi
1627 2943 2046 3030 explicemus,
2101 2943 2216 3008 sed
2267 2953 2340 3008 ut

281 3038 665 3105 doctissimis
720 3038 1083 3106 hominibus
1136 3063 1293 3106 usus
1345 3038 1551 3106 nostri
1598 3037 1786 3123 quasi
1838 3036 2152 3121 quaedam
2203 3057 2341 3101 mo-

278 3132 413 3199 nita
445 3133 791 3200 tradamus.
877 3133 979 3201 his
1030 3133 1225 3222 igitur
1267 3133 1426 3200 locis
1477 3133 1548 3198 in
1593 3141 1807 3198 mente
1851 3141 1916 3198 et
1958 3129 2338 3218 cogitatione

280 3226 505 3292 defixis
558 3238 625 3294 et
680 3227 749 3294 in
819 3228 990 3295 omni
1057 3251 1129 3294 re
1190 3227 1275 3294 ad
1342 3226 1683 3294 dicendum
1747 3225 1958 3334 posita
2025 3222 2336 3300 excitatis,

278 3318 438 3382 nihil
490 3321 611 3386 erit
661 3322 832 3406 quod
883 3332 1199 3389 oratorem
1254 3321 1540 3408 effugere
1592 3319 1822 3431 possit
1845 3340 1978 3385 non
2029 3317 2219 3384 modo
2269 3317 2341 3381 in

278 3411 640 3478 forensibus
694 3415 1285 3502 disceptationibus,
1330 3417 1450 3482 sed
1501 3415 1760 3482 omnino
1803 3414 1872 3482 in
1921 3413 2053 3479 ullo
2099 3433 2336 3500 genere

278 3503 550 3570 dicendi.
658 3503 747 3592 [si
796 3530 949 3575 vero
1002 3509 1418 3594 adsequetur,
1480 3521 1552 3575 ut
1605 3509 1748 3574 talis
1799 3508 2116 3586 videatur,
2180 3527 2336 3591 qua-
2371 3521 2447 3562 1⁷6

276 3597 408 3663 lem
441 3621 514 3664 se
560 3599 762 3665 videri
804 3600 986 3681 velit,
1040 3613 1106 3669 et
1139 3602 1383 3672 animos
1429 3627 1650 3670 eorum
1701 3602 1792 3668 ita
1835 3601 2113 3678 adficiat,
2168 3600 2340 3686 apud

278 3717 441 3780 quos
468 3705 635 3784 aget,
669 3706 745 3760 ut
769 3718 901 3775 eos,
938 3717 1339 3782 quocumque
1362 3697 1537 3776 velit,
1572 3697 1677 3763 vel
1705 3697 1952 3763 trahere
1986 3695 2091 3761 vel
2115 3715 2339 3781 rapere

276 3787 510 3874 possit,
544 3788 703 3854 nihil
735 3789 1021 3875 profecto
1053 3801 1381 3878 praeterea
1417 3791 1500 3856 ad
1535 3789 1872 3856 dicendum
1911 3785 2265 3896 requireq

396 3881 539 3947 Iam
588 3883 748 3949 illud
798 3883 1089 3950 videmus
1150 3904 1560 3969 nequaquam
1613 3883 1767 3950 satis
1829 3905 2002 3961 esse,
2061 3879 2338 3968 reperire

276 3973 435 4058 quid
486 3976 659 4043 dicas
670 4027 689 4058 ,
748 3977 875 4044 nisi
922 3979 995 4045 id
1040 3979 1369 4045 inventum
1421 3989 1691 4044 tractare
1741 3977 1982 4065 possis3
2046 3975 2334 4044 tractatio
2375 3999 2453 4043 ιιι

280 4077 493 4134 autem
521 4070 694 4136 varia
720 4095 863 4140 esse
880 4073 1101 4158 debet,
1132 4095 1217 4140 ne
1252 4083 1361 4140 aut
1386 4082 1732 4162 cognoscat
1755 4082 1958 4138 artem
1990 4071 2100 4156 qui
2127 4068 2342 4136 audiat

392 4168 615 4215 Ciceronis
632 4173 715 4216 vol.
737 4173 791 4216 ll.
1960 4179 1990 4226 7
