2784 4575
441 283 532 348 40
1061 295 1140 350 M.
1170 283 1455 352 'TULLII
1488 291 1893 350 CICERONIS

339 434 411 490 43
447 428 575 486 tem
625 418 907 502 undique
958 417 1192 504 repleri
1241 418 1412 486 iusta
1451 417 1605 483 iuris
1661 417 1865 482 civilis
1920 415 2203 484 scientia.
2290 441 2509 486 nonne

443 512 672 578 videtis
709 511 986 596 equitem
1019 511 1411 589 Romanum,
1466 511 1785 578 hominem
1820 510 2185 577 acutissimo
2220 513 2509 578 omnium

441 605 730 692 ingenio,
783 605 900 670 sed
942 605 1202 671 minime
1245 605 1473 671 ceteris
1527 605 1767 671 artibus
1810 605 2155 683 eruditum,
2211 602 2290 672 O.
2326 609 2511 672 Acu-

441 699 722 779 leonem,
767 699 878 785 qui
909 721 1162 764 mecum
1195 697 1354 764 vivit
1389 719 1763 786 semperque
1796 698 1982 776 vixit,
2026 699 2117 765 ita
2150 709 2369 768 tenere
2402 700 2509 766 ius

445 793 656 872 civile,
702 805 776 860 ut
807 793 895 872 ei,
941 815 1088 860 cum
1123 795 1205 859 ab
1239 793 1364 860 hoc
1398 793 1851 872 dis-cesseritis,
1894 815 2083 859 nemo
2118 794 2200 859 de
2234 793 2358 874 eis,
2394 795 2508 879 qui

332 918 413 962 192
445 886 814 976 peritissimi
866 898 1042 966 sunt,
1097 886 1557 974 anteponatur?
1608 887 1821 952 omnia
1872 897 2025 952 sunt
2074 887 2244 954 enim
2289 890 2508 975 posita

447 992 594 1048 ante
629 980 878 1059 oculos,
931 980 1264 1047 conlocata
1295 979 1363 1045 in
1393 1002 1521 1046 usu
1556 979 1899 1058 cotidiano,
1950 980 2019 1044 in
2052 981 2510 1068 congressione

444 1075 773 1142 hominum
808 1085 998 1158 atque
1029 1073 1102 1138 in
1132 1073 1302 1152 foro;
1353 1095 1562 1158 neque
1593 1073 1686 1138 ita
1716 1073 1933 1139 multis
1985 1073 2209 1142 litteris
2247 1085 2357 1140 aut
2386 1099 2513 1142 vo·-

443 1169 788 1236 luminibus
837 1169 1090 1256 magnis
1144 1168 1569 1249 continentur3
1630 1169 1857 1236 eadem
1906 1169 2076 1235 enim
2137 1170 2301 1236 elata
2350 1183 2507 1238 sunt

446 1263 722 1351 primum
781 1287 821 1328 a
877 1263 1194 1350 pluribus,
1255 1261 1487 1329 deinde
1544 1263 1766 1350 paucis
1830 1262 2040 1330 verbis
2102 1265 2507 1330 commutatis

334 1387 412 1429 123
449 1357 641 1422 etiam
675 1359 758 1422 ab
794 1357 1036 1424 eisdem
1073 1357 1484 1444 scriptoribus
1522 1358 1759 1445 scripta
1794 1368 1943 1424 sunt
1976 1358 2249 1446 saepius.
2318 1381 2515 1425 acce-

449 1451 542 1517 dit
573 1473 756 1530 vero,
809 1473 935 1536 quo
970 1451 1220 1517 facilius
1254 1452 1497 1539 percipi
1538 1452 1964 1540 cognoscique
2000 1453 2099 1518 ius
2136 1452 2319 1518 civile
2352 1477 2513 1540 pos-

449 1545 558 1623 sit,
614 1546 786 1630 quod
816 1544 1073 1611 minime
1107 1545 1392 1633 plerique
1436 1547 1843 1625 arbitrantur,
1896 1547 2057 1612 mira
2088 1547 2404 1631 quaedam
2437 1548 2507 1613 in

447 1640 891 1728 cognoscendo
928 1641 1208 1706 suavitas
1244 1651 1311 1707 et
1343 1641 1706 1720 delectatio;
1742 1663 1912 1720 nam,
1951 1641 2086 1708 sive
2120 1663 2310 1726 quem
2344 1641 2516 1708 haec

445 1735 723 1802 Aeliana
775 1735 988 1801 studia
1021 1735 1382 1813 delectant,
1436 1735 1711 1822 plurima
1761 1746 1861 1801 est
1910 1745 1977 1800 et
2024 1735 2094 1800 in
2144 1735 2324 1825 omni
2366 1736 2507 1801 iure

447 1829 616 1894 civili
651 1840 716 1894 et
747 1828 818 1894 in
866 1829 1238 1915 pontificum
1278 1828 1457 1896 libris
1494 1840 1559 1895 et
1589 1828 1659 1894 in
1691 1852 1795 1894 111.
1830 1829 2062 1896 tabulis
2116 1828 2513 1913 antiquitatis

447 1923 723 2010 effigies,
759 1922 933 2008 quod
967 1933 1032 1988 et
1063 1922 1404 1988 verborum
1438 1933 1724 1990 vetustas
1757 1923 1970 2010 prisca
2003 1922 2408 2008 cognoscitur
2442 1935 2509 1990 et

447 2016 768 2084 actionum
792 2038 1030 2102 genera
1056 2015 1368 2098 quaedam
1396 2015 1706 2082 maiorum
1733 2016 2253 2082 consuetudinem
2278 2015 2511 2082 vitam·-

449 2134 572 2196 que
609 2111 958 2188 declarant3
997 2109 1133 2176 sive
1169 2109 1310 2195 quis
1347 2110 1595 2176 civilem
1634 2111 1963 2178 scientiam
1987 2111 2043 2189 ‘,
2080 2131 2272 2195 quam
2310 2107 2513 2177 Scae-

447 2204 596 2270 vola
625 2226 758 2268 non
790 2215 974 2291 putat
1008 2204 1274 2270 oratoris
1311 2226 1455 2271 esse
1498 2206 1849 2293 propriam,
1904 2205 2020 2271 sed
2054 2204 2386 2270 cuiusdam
2421 2228 2507 2272 ex

449 2299 574 2365 alio
609 2321 842 2384 genere
884 2299 1286 2385 prudentiae,
1340 2310 1541 2365 totam
1572 2301 1767 2379 hanc,
1824 2298 2159 2387 descriptis
2211 2299 2513 2366 omnibus

447 2391 721 2459 civitatis
755 2392 1130 2459 utilitatibus
1169 2415 1244 2460 ac
1276 2394 1565 2481 partibus
1599 2418 1703 2461 ΧΠ.
1738 2394 1971 2459 tabulis
1998 2393 2305 2460 contineri
2331 2394 2513 2460 vide-

446 2488 571 2555 bit:
623 2488 760 2555 sive
812 2511 1004 2574 quem
1053 2502 1436 2578 praepotens
1488 2490 1615 2556 ista
1658 2500 1723 2555 et
1774 2489 2054 2576 gloriosa
2104 2486 2514 2576 philosophia

447 2583 749 2661 delectat,
782 2620 874 2633 -·
905 2583 1115 2649 dicam
1165 2583 1469 2650 audacius
1500 2620 1594 2633 --
1642 2584 1836 2650 hosce
1888 2582 2083 2649 habet
2131 2582 2326 2649 fontis
2370 2604 2513 2648 om·-

445 2677 624 2743 nium
675 2677 1174 2766 disputationum
1227 2702 1515 2756 suarum,
1568 2678 1677 2762 qui
1728 2678 1866 2743 iure
1918 2677 2085 2742 civili
2138 2687 2203 2741 et
2251 2676 2513 2763 legibus

333 2795 415 2837 194
447 2772 866 2838 continentur.
954 2795 1035 2837 ex
1087 2771 1187 2838 his
1231 2773 1404 2839 enim
1455 2782 1521 2839 et
1564 2771 1938 2859 dignitatem
1987 2771 2263 2836 maxime
2314 2792 2513 2858 expe·-

446 2866 704 2932 tendam
747 2866 1036 2933 videmus
1049 2916 1067 2945 ,
1123 2866 1425 2951 quoniam
1475 2867 1676 2932 virtus
1729 2877 1917 2951 atque
1970 2866 2277 2930 honestus
2328 2864 2520 2931 labor

448 2958 822 3038 honoribus,
885 2960 1218 3045 praemiis,
1283 2960 1623 3047 splendore
1675 2960 2009 3025 decoratur
2016 3006 2036 3037 ,
2090 2957 2246 3023 vitia
2296 2967 2517 3023 autem

448 3050 774 3117 hominum
845 3064 1034 3137 atque
1101 3052 1360 3119 fraudes
1432 3053 1681 3119 damnis
1694 3102 1714 3132 ,
1784 3051 2179 3140 ignominiis,
2258 3051 2506 3128 vinclis,

447 3148 845 3226 verberibus,
901 3150 1169 3229 exsiliis,
1221 3160 1427 3215 morte
1476 3150 1851 3227 multantur3
1907 3158 1972 3217 et
2024 3150 2319 3215 docemur
2348 3161 2513 3211 non.

447 3241 708 3307 infinitis
769 3244 1429 3329 concertationumque
1490 3244 1695 3331 plenis
1760 3242 2290 3329 disputationibus
2304 3289 2323 3319 ,
2386 3241 2512 3305 sed

449 3336 820 3403 auctoritate
852 3348 1136 3421 nutuque
1169 3338 1386 3425 legum
1421 3336 1691 3403 domitas
1718 3336 1953 3401 habere
1978 3335 2295 3414 libidines,
2331 3339 2520 3399 coer-

449 3451 592 3495 cere
627 3430 832 3496 omnis
885 3431 1291 3519 cupiditates,
1343 3441 1565 3498 nostra
1606 3429 1795 3509 tueri,
1850 3430 1932 3495 ab
1978 3428 2200 3494 alienis
2252 3427 2507 3504 mentis,

334 3518 416 3633 ἐξ
449 3524 696 3604 oculos,
749 3548 978 3591 manus
1031 3526 1369 3591 abs-tinere.
1466 3526 1741 3591 fremant
1792 3546 2014 3590 omnes
2065 3523 2243 3600 licet,
2301 3521 2517 3586 dicam

451 3618 622 3703 quod
655 3618 888 3685 sentio:
931 3619 1348 3686 bibliothecas
1381 3618 1743 3684 mehercule
1779 3618 2061 3683 omnium
2092 3614 2517 3705 philosopho-

447 3734 591 3776 rum
640 3734 806 3779 unus
859 3712 1016 3777 mihi
1064 3712 1318 3778 videtur
1357 3736 1461 3778 κη.
1506 3712 1866 3778 tabularum
1914 3709 2195 3789 libellus,
2255 3710 2310 3775 si
2361 3707 2517 3792 quis

447 3804 662 3892 legum
697 3806 892 3872 fontis
929 3816 994 3871 et
1027 3806 1238 3894 capita
1287 3806 1543 3887 viderit,
1600 3816 1665 3873 et
1700 3804 2087 3872 auctoritatis
2124 3802 2407 3891 pondere
2442 3812 2515 3867 et

333 3922 415 3965 196
447 3899 734 3964 utilitatis
769 3901 1056 3966 ubertate
1092 3922 1413 3989 superare.
1502 3922 1577 3967 ac
1614 3900 1669 3965 si
1702 3924 1849 3978 nos,
1903 3898 1971 3963 id
2005 3898 2179 3983 quod
2228 3895 2515 3961 maxime

449 3992 688 4068 debet,
719 4004 942 4059 nostra
971 3994 1179 4079 patria
1211 3994 1513 4072 delectat,
1566 3995 1745 4059 cuius
1782 3995 1875 4059 rei
1916 4002 2094 4058 tanta
2128 4002 2227 4057 est
2260 3989 2358 4055 vis
2398 3984 2519 4074 [ac

450 4080 654 4167 tanta]
705 4094 958 4164 natura,
1020 4097 1094 4152 ut
1143 4088 1433 4153 Ithacam
1490 4086 1667 4152 illam
1716 4087 1783 4151 in
1836 4085 2196 4171 asperrimis
2262 4080 2516 4149 saxulis
