2784 4575
536 209 669 278 320
1146 219 1227 274 Μ.
1268 215 1544 276 TULLII
1579 215 1982 274 CICERONIS

534 344 705 412 tibus
730 377 819 392 --
844 342 937 409 sic
971 341 1143 408 enim
1174 341 1314 428 ipse
1348 350 1672 406 censet-
1685 340 2060 406 insolentius
2095 339 2406 421 abutitur,
2455 365 2638 427 quas

532 439 883 516 Isocrates,
934 457 1081 502 cum
1133 447 1351 502 tamen
1402 435 1688 500 audisset
1725 435 1795 500 in
1827 433 2166 500 Thessalia
2215 437 2633 504 adulescens

536 555 756 599 senem
794 532 927 596 iam
968 529 1307 619 Gorgiam,
1361 529 1747 596 moderatius
1797 529 1927 594 iam
1981 530 2392 616 temperavit;
2457 535 2629 617 quin

536 627 727 694 etiam
779 649 851 692 se
908 625 1051 712 ipse
1103 635 1381 703 tantum,
1441 634 1746 708 quantum
1805 633 2012 689 aetate
2069 625 2628 712 procedebat—

531 744 733 810 prope
768 719 941 786 enim
984 729 1240 786 centum
1284 717 1590 784 confecit·
1583 739 1800 782 annos
1834 743 1924 765 -·-
1954 717 2283 784 relaxabat
2317 741 2364 784 a
2403 720 2622 785 nimia

531 816 915 882 necessitate
948 835 1383 891 numerorum3
1433 813 1606 896 quod
1640 810 1971 876 declarat
1949 833 2018 886 m
2053 834 2130 878 eo
2165 811 2360 890 libro,
2411 835 2616 898 quem

533 911 618 975 ad
658 909 1031 996 Philippum
1070 907 1499 972 Macedonem
1550 905 1828 991 scripsit,
1883 927 2028 970 cum
2075 907 2206 970 iam
2251 907 2616 972 admodum

532 1015 711 1070 esset
744 1025 943 1068 senex
950 1028 970 1081 3
1024 1001 1091 1067 in
1128 1024 1253 1086 quo
1287 999 1444 1065 dicit
1476 1021 1622 1064 sese
1661 998 1872 1064 minus
1913 999 2045 1064 iam
2089 999 2328 1064 servire
2373 1023 2610 1066 nume-

533 1098 623 1164 ris
676 1119 868 1182 quam
922 1096 1147 1162 solitus
1200 1106 1391 1160 esset.
1477 1094 1570 1158 ita
1618 1116 1750 1159 non
1789 1093 1980 1159 modo
2035 1093 2432 1178 superiores,
2498 1096 2608 1160 sed

536 1191 729 1257 etiam
766 1213 836 1256 se
870 1190 1011 1277 ipse
1046 1200 1428 1256 correxerat.

431 1289 501 1343 53
657 1283 979 1366 Quoniam
1020 1283 1217 1368 igitur
1268 1282 1578 1347 habemus
1629 1296 1816 1368 aptae
1869 1280 2168 1346 orationis
2213 1303 2328 1348 eos
2366 1283 2610 1369 princi-

424 1362 501 1402 ¹⁷⁷
535 1399 652 1463 pes
709 1387 1153 1459 auctoresque,
1217 1398 1377 1461 quos
1434 1375 1708 1440 diximus
1723 1422 1743 1453 ,
1808 1385 1874 1439 et
1923 1374 2104 1460 origo
2161 1376 2433 1441 inventa
2487 1389 2606 1454 est,

536 1491 732 1534 causa
782 1479 1149 1552 quaeratur:
1203 1491 1367 1552 quae
1411 1469 1502 1533 sic
1557 1479 1776 1555 aperta
1815 1479 1944 1545 est,
1995 1479 2070 1532 ut
2107 1468 2304 1534 mirer
2345 1481 2604 1536 veteres

536 1585 607 1628 ea
640 1585 770 1628 non
806 1585 949 1628 esse
984 1571 1362 1640 commotos,
1416 1563 1792 1648 praesertim
1835 1583 2012 1640 cum,
2063 1573 2140 1626 ut
2177 1563 2281 1641 fit,
2333 1564 2604 1629 fortuito

535 1679 726 1744 saepe
764 1655 1003 1741 aliquid
1044 1656 1341 1722 concluse
1388 1666 1660 1742 apteque
1695 1655 2002 1734 dicerent3
2057 1657 2230 1739 quod
2279 1678 2430 1722 cum
2463 1660 2601 1723 ani-

530 1773 672 1818 mos
706 1750 1035 1816 hominum
1069 1749 1367 1833 aurisque
1401 1749 1777 1837 pepulisset,
1830 1760 1904 1814 ιιι
1934 1750 2219 1836 intellegi
2249 1761 2475 1836 posset
2505 1752 2596 1829 id,

534 1845 707 1928 quod
740 1865 931 1912 casus
968 1843 1331 1921 effudisset,
1370 1843 1675 1908 cecidisse
1709 1843 2002 1922 iucunde,
2038 1846 2382 1910 notandum
2419 1857 2596 1910 certe

534 1963 740 2026 genus
786 1950 975 2024 atque
1015 1938 1142 2026 ipsi
1188 1939 1311 2005 sibi
1362 1938 1651 2004 imitandi
1691 1940 1968 2004 fuerunt.
2057 1961 2234 2004 aures
2274 1938 2438 2002 enim
2477 1940 2586 2002 vel

538 2035 785 2100 animus
824 2035 1073 2100 aurium
1105 2034 1326 2098 nuntio
1361 2035 1714 2100 naturalem
1749 2034 2072 2118 quandam
2101 2035 2162 2098 in
2195 2055 2260 2097 se
2293 2033 2582 2097 continet

420 2162 499 2202 173
537 2149 765 2192 vocum
818 2127 1101 2193 omnium
1150 2128 1573 2206 mensionem;
1628 2129 1840 2212 itaque
1885 2139 1952 2194 et
1991 2128 2268 2214 longiora
2315 2137 2382 2191 et
2427 2127 2590 2192 bre-

535 2220 714 2285 viora
745 2221 983 2286 iudicat
1026 2233 1091 2286 et
1131 2221 1416 2309 perfecta
1450 2244 1528 2287 ac
1559 2223 1888 2289 moderata
1936 2245 2190 2311 semper
2231 2232 2559 2309 exspectat
2565 2249 2586 2301 ;

532 2315 757 2380 mutila
807 2315 997 2381 sentit
1050 2317 1367 2401 quaedam
1409 2328 1474 2382 et
1516 2318 1698 2400 quasi
1748 2317 2102 2395 decurtata,
2157 2316 2384 2401 quibus
2429 2326 2589 2381 tam-

532 2428 727 2493 quam
790 2409 1004 2476 debito
1066 2411 1398 2476 fraudetur
1458 2410 1828 2489 offenditur,
1887 2412 2294 2497 productiora
2351 2410 2478 2475 alia
2528 2422 2588 2475 et

532 2504 716 2589 quasi
748 2504 1221 2571 immoderatius
1258 2505 1672 2583 excurrentia,
1708 2526 1870 2589 quae
1905 2506 2110 2592 magis
2146 2506 2342 2571 etiam
2375 2529 2590 2592 asper-

530 2610 765 2665 uantur
798 2624 1013 2679 aures;
1067 2601 1239 2684 quod
1273 2622 1418 2665 cum
1450 2600 1518 2663 in
1551 2599 1868 2686 plerisque
1921 2612 2058 2665 tum
2089 2601 2158 2667 in
2191 2602 2315 2667 hoc
2357 2623 2592 2687 genere

532 2693 797 2759 nimium
850 2694 1023 2778 quod
1074 2706 1175 2760 est
1233 2692 1502 2759 offendit
1560 2694 1996 2759 vehementius
2059 2716 2251 2779 quam
2299 2695 2370 2759 id
2423 2695 2594 2779 quod

532 2788 782 2852 videtur
814 2810 1059 2873 parum.
1130 2798 1203 2852 ut
1234 2788 1428 2874 igitur
1457 2785 1734 2873 [poetica
1768 2786 1860 2875 et]
1898 2812 2122 2855 versus
2158 2790 2457 2855 inventus
2493 2803 2594 2853 est

532 2880 975 2947 terminatione
1005 2880 1270 2959 aurium,
1308 2881 1748 2947 observatione
1775 2882 2200 2969 prudentium,
2239 2882 2332 2947 sic
2355 2882 2425 2947 in
2451 2906 2595 2949 ora-

533 2972 704 3039 tione
740 2973 1254 3040 animadversum
1288 2985 1416 3052 est,
1469 2975 1668 3041 multo
1702 2976 1860 3041 illud
1894 2978 2150 3060 quidem
2186 2978 2419 3055 serius,
2475 2979 2596 3042 sed

532 3066 759 3131 eadem
811 3067 1193 3134 admonente
1244 3080 1500 3147 natura,
1554 3091 1698 3135 esse
1749 3071 2060 3154 quosdam
2111 3081 2318 3137 certos
2363 3092 2595 3136 cursus

532 3159 1097 3245 conclusionesque
1132 3161 1490 3227 verborum.

418 3284 497 3325 179
653 3250 975 3335 Quoniam
1006 3254 1199 3340 igitur
1242 3276 1502 3321 causam
1537 3244 1786 3340 quoque
1829 3258 2252 3337 ostendimus,
2293 3266 2595 3323 naturam

529 3367 701 3412 nunc
746 3382 839 3396 --
870 3347 938 3412 id
972 3347 1143 3414 enim
1186 3360 1322 3413 erat
1366 3350 1648 3415 tertium
1660 3385 1750 3397 ·--
1793 3352 1849 3415 si
1881 3352 2120 3439 placet,
2165 3352 2594 3441 explicemus3

530 3462 693 3523 quae
732 3438 1089 3549 ‘disputatio
1142 3464 1275 3507 non
1335 3443 1521 3509 huius
1583 3443 1854 3510 instituti
1915 3446 2224 3513 sermonis
2279 3458 2408 3524 est,
2471 3448 2598 3513 sed

532 3533 685 3597 artis
729 3532 1007 3600 intimae.
1098 3535 1316 3617 quaeri
1350 3537 1520 3601 enim
1562 3550 1800 3623 potest,
1854 3540 1964 3623 qui
2007 3541 2091 3607 sit
2129 3540 2434 3607 orationis
2467 3560 2596 3607 nu-

530 3646 771 3704 merus,
828 3639 893 3693 et
926 3628 1036 3694 ubi
1072 3629 1157 3697 sit
1196 3630 1446 3717 positus
1483 3642 1547 3695 et
1588 3643 1776 3697 natus
1808 3655 1893 3699 >ex
1939 3656 2096 3717 quo,
2149 3646 2216 3699 et·
2243 3635 2302 3701 is
2336 3658 2594 3701 unusne

531 3720 617 3787 sit
650 3743 733 3785 an
768 3720 893 3787 duo
938 3745 1021 3789 an
1063 3723 1307 3809 plures,
1362 3746 1612 3809 quaque
1653 3727 1898 3793 ratione
1951 3740 2363 3815 componatur
2403 3741 2470 3795 et
2503 3730 2592 3795 ad

524 3834 725 3897 quam
775 3836 912 3880 rem
964 3827 1029 3881 et
1079 3818 1335 3901 quando
1387 3829 1452 3883 et
1503 3840 1628 3903 quo
1659 3820 1803 3887 loco
1845 3833 1910 3888 et
1949 3844 2142 3907 quem
2192 3824 2276 3887 ad
2323 3824 2589 3889 modum

416 3930 495 3971 180
532 3906 849 3973 adhibitus
888 3909 1125 3993 aliquid
1152 3912 1512 3997 voluptatis
1559 3914 1822 3982 adferat.
1911 3917 2028 3981 sed
2060 3928 2132 3982 ut
2165 3918 2230 3981 in
2264 3916 2588 4003 plerisque

526 3998 751 4074 rebus,
804 3999 897 4063 sic
937 4001 1005 4065 in
1048 4002 1171 4067 hac
1222 4005 1459 4089 duplex
1504 4018 1602 4072 est
1645 4009 2084 4077 considerandi
2136 4010 2265 4089 via,
2319 4032 2584 4097 quarum
2704 4052 2705 4065 κ
