2784 4575
531 233 639 290 DE
672 229 991 288 PARTIT.
1031 228 1431 287 ORATORIA
1465 229 1673 286 DIAL.
1708 231 1949 288 32—41.
2128 219 2256 284 351.

200 369 326 438 tes,
366 355 650 435 divitiae,
701 354 992 432 libertas,
1046 363 1113 420 et
1144 375 1224 420 ea
1257 375 1420 439 quae
1455 364 1606 420 sunt
1637 353 1739 420 his
1777 354 2108 422 contraria.
2191 356 2259 423 in
2301 385 2358 425 π

202 451 359 518 locis
398 460 611 516 autem
643 460 710 516 et
741 448 853 514 illa
884 447 1225 526 naturalia,
1277 447 1578 512 maritimi
1610 470 1694 513 an
1743 448 1974 514 remoti
2005 471 2046 514 a
2077 451 2256 530 mari,
2373 442 2379 446 ”

202 545 377 636 plani
404 569 486 610 an
510 541 846 620 montuosi,
881 541 1057 606 leves
1076 564 1159 606 an
1186 539 1416 628 asperi,
1447 541 1732 607 salubres
1761 565 1844 606 an
1868 542 2262 629 pestilenteS,

206 640 388 729 opaci
414 664 497 705 an
524 638 739 726 aprici,
767 647 833 703 et
857 636 968 704 illa
993 636 1273 714 fortuita,
1303 636 1458 702 culti
1487 660 1570 702 an
1595 636 1836 715 inculti,
1865 637 2150 704 celebres
2175 663 2261 706 an

204 733 469 810 deserti,
506 730 897 798 coaedificati
929 753 1014 795 an
1047 729 1243 808 vasti,
1281 730 1538 796 obscuri
1573 754 1656 796 an
1688 753 1899 796 rerum
1934 742 2260 818 gestarum

204 827 491 914 vestigiis
526 824 868 901 nobilitati,
905 823 1257 890 consecrati
1293 847 1376 889 an
1409 823 1680 910 profani.
1765 824 1834 889 in
1869 826 2256 913 temporibus
2295 823 2360 876 11

204 933 419 987 autem
448 915 839 1007 praesentia,
897 914 1019 1005 [et]
1056 918 1425 1003 praeterita,
1481 914 1602 1006 [et]
1639 918 1856 984 futura
1889 931 2256 1001 cernuntur3
2302 895 2354 934 ³⁷

203 1018 270 1084 in
303 1015 458 1080 his
439 1015 597 1099 ipsis
648 1023 930 1089 vetusta,
984 1013 1291 1092 recentia,
1345 1012 1676 1092 instantia,
1726 1013 1918 1099 paulo
1971 1024 2119 1100 post
2151 1027 2264 1080 aut

206 1108 545 1194 aliquando
579 1107 813 1172 futura.
898 1106 1119 1172 insunt
1153 1107 1345 1172 etiam
1378 1107 1446 1171 in
1481 1109 1872 1195 temporibus
1905 1108 2042 1186 illa,
2099 1130 2262 1193 quae

206 1203 506 1291 temporis
544 1201 727 1286 quasi
770 1211 1061 1266 naturam
1110 1211 1360 1280 notant,
1413 1199 1512 1290 [ut
1545 1202 1748 1268 hiems
1761 1251 1780 1281 ,
1833 1225 1973 1281 ver,
2029 1213 2261 1283 aestas,

206 1295 593 1383 autumnus,]
632 1305 705 1360 ut
738 1295 887 1360 anni
922 1305 1226 1382 tempora,
1261 1305 1335 1362 ut
1357 1296 1618 1374 mensiS,
1654 1307 1728 1362 ut
1755 1297 1910 1376 dies,
1951 1293 2077 1386 [ut]
2111 1321 2259 1377 nox,

205 1393 390 1469 hora,
450 1389 825 1478 [tempestas
836 1387 887 1477 ,]
942 1412 1106 1474 quae
1159 1400 1311 1454 sunt
1358 1391 1698 1470 naturalia3
1751 1390 2009 1459 fortuita
2049 1403 2263 1459 autem

209 1485 540 1562 sacrificia,
590 1484 741 1550 festi
778 1483 942 1563 dies,
994 1482 1273 1570 nuptiae.
1360 1484 1491 1550 iam
1542 1485 1712 1550 facta
1745 1496 1810 1551 et
1843 1497 2106 1552 eventus
2151 1497 2262 1552 aut
2303 1509 2358 1549 38

206 1578 450 1646 consilii
486 1590 634 1645 sunt
666 1589 777 1644 aut
827 1576 1317 1665 imprudentiae,
1369 1600 1532 1663 quae
1568 1592 1668 1645 est
1700 1591 1810 1645 aut
1850 1581 1919 1645 in
1963 1603 2116 1646 casu
2151 1591 2261 1646 aut

204 1674 271 1738 in
305 1673 578 1757 quadam
613 1672 805 1736 animi
838 1671 1229 1759 permotione
1236 1697 1257 1750 ;
1312 1693 1496 1752 casu,
1533 1694 1678 1738 cum
1713 1673 1891 1738 aliter
1927 1673 2152 1739 cecidit
2186 1695 2264 1739 ac

204 1777 491 1855 putatum
541 1776 669 1845 est3
722 1767 1141 1852 permotione,
1198 1789 1343 1832 cum
1378 1778 1490 1832 aut
1523 1767 1755 1833 oblivio
1801 1778 1910 1831 aut
1943 1789 2116 1833 error
2151 1779 2262 1833 aut

203 1873 409 1928 metus
446 1872 557 1926 aut
589 1861 801 1944 aliqua
849 1860 1209 1948 cupiditatis
1264 1882 1459 1926 causa
1499 1860 1832 1949 permovit.
1929 1872 2026 1927 est
2069 1862 2262 1928 etiam

203 1957 270 2022 in
302 1954 726 2043 imprudentia
774 1954 1123 2020 necessitas
1168 1956 1485 2043 ponenda.
1571 1978 1782 2021 rerum
1817 1965 2030 2021 autem
2061 1955 2262 2022 bonaf-

202 2073 345 2116 rum
395 2060 462 2115 et
518 2050 827 2115 malarum
879 2049 1000 2115 tria
1052 2060 1203 2113 sunt
1252 2071 1490 2136 genera
1497 2075 1516 2128 ;
1578 2071 1728 2113 nam
1771 2059 1881 2114 aut
1919 2049 1986 2113 in
2033 2048 2260 2116 animis

206 2156 314 2210 aut
346 2144 413 2209 in
448 2145 817 2231 corporibus
873 2155 983 2209 aut
1034 2154 1215 2209 extra
1266 2165 1410 2208 esse
1463 2153 1750 2232 possunt.
1837 2143 2024 2208 huius
2067 2143 2261 2231 igitur

204 2237 504 2303 materiae
540 2239 623 2303 ad
678 2249 1120 2325 argumentum
1156 2238 1476 2303 subiectae
1528 2238 2004 2326 perlustrandae
2047 2237 2258 2305 animo

202 2342 417 2419 partes
470 2343 656 2396 erunt
704 2356 927 2398 omnes
965 2344 1031 2398 et
1073 2332 1157 2397 ad
1204 2332 1302 2408 id,
1356 2332 1528 2415 quod
1571 2343 1818 2419 agetur,
1873 2355 1957 2399 ex
1991 2332 2257 2419 singulis

205 2424 569 2490 coniectura
630 2426 955 2510 capienda.
1070 2435 1171 2491 est
1228 2424 1420 2491 etiam
1479 2448 1682 2513 genus
1745 2436 2258 2513 argumentorum
2300 2446 2353 2487 89

205 2518 403 2597 aliud,
456 2518 627 2602 quod
661 2541 742 2583 ex
775 2518 929 2583 facti
981 2518 1269 2605 vestigiis
1326 2519 1611 2598 sumitur,
1663 2530 1736 2585 ut
1785 2520 2002 2597 telum,
2056 2540 2258 2597 cruor,

204 2613 469 2691 clamor,
505 2613 803 2690 eiulatus,
860 2612 1179 2691 titubatio,
1215 2613 1597 2699 permutatio
1631 2613 1887 2691 coloris,
1931 2612 2130 2679 oratio
2162 2612 2262 2676 in·-

204 2718 530 2784 constans,
582 2718 843 2785 tremor,
900 2704 995 2793 [et
1044 2704 1291 2793 eorum]
1350 2708 1614 2793 aliquid,
1675 2708 1876 2817 quod·
1885 2729 2077 2772 sensu
2117 2728 2262 2791 per-

205 2799 329 2886 cipi
361 2799 593 2887 possit3
647 2800 867 2879 etiam,
924 2801 980 2867 si
1013 2813 1460 2887 praeparatum
1504 2800 1768 2885 aliquid,
1825 2800 1880 2866 si
1915 2800 2262 2865 communi-

204 2904 415 2958 catum
450 2915 594 2959 cum
630 2894 867 2978 aliquo,
914 2894 969 2959 si
1002 2904 1228 2980 postea
1260 2894 1490 2974 visum,
1543 2895 1844 2972 auditum,
1897 2894 2258 2959 indicatum.

204 2987 339 3052 veri
391 2988 621 3054 similia
672 3000 886 3054 autem
934 2989 1166 3076 partim
1220 2988 1472 3075 singula
1504 3000 1764 3055 movent
1807 3012 1922 3055 suo
1958 2990 2254 3076 pondere,
2301 3009 2356 3049 ιο

201 3081 460 3169 partim,
497 3084 747 3150 etiamsi
782 3084 1076 3149 videntur
1110 3106 1253 3151 esse
1290 3085 1524 3170 exigua
1575 3106 1689 3171 per
1725 3106 1815 3162 se,
1860 3084 2131 3147 multum
2163 3092 2260 3147 ta—

202 3198 379 3254 men,
434 3198 581 3241 cum
616 3189 766 3243 sunt
800 3189 1198 3256 coacervata,
1250 3178 1585 3264 proficiunt
1593 3202 1613 3256 ;
1667 3188 1854 3261 atque
1887 3177 1955 3242 in
1989 3176 2089 3241 his
2125 3175 2262 3241 veri

206 3270 515 3335 similibus
568 3272 787 3337 insunt
846 3295 976 3339 non
1026 3294 1373 3357 numquam
1425 3272 1618 3337 etiam
1670 3282 1880 3337 certae
1931 3294 2143 3344 rerum
2196 3281 2262 3335 et

201 3362 496 3449 propriae
530 3359 771 3431 notae.'
808 3366 1150 3431 maximam
1185 3376 1398 3432 autem
1431 3367 1624 3432 fidem
1659 3367 1815 3432 facit
1848 3366 1932 3431 ad
1965 3365 2258 3430 similitu-

204 3456 419 3521 dinem
452 3456 587 3523 veri
618 3457 894 3543 primum
918 3459 1297 3546 exemplum,
1334 3460 1564 3526 deinde
1589 3460 1944 3526 introducta
1967 3460 2062 3523 rei
2090 3458 2264 3524 simi-

202 3548 403 3614 litudo
415 3575 435 3628 3
487 3550 707 3616 fabula
740 3552 931 3617 etiam
972 3576 1105 3619 non
1144 3574 1520 3639 numquam,
1575 3554 1694 3619 etsi
1729 3552 1813 3619 sit
1853 3552 2258 3629 incredibilis,

203 3653 419 3707 tamen
454 3644 742 3711 homines
779 3658 1155 3713 commovet.

329 3735 409 3804 C.
442 3738 522 3804 F.
559 3736 773 3821 Quid?
824 3739 1205 3807 definitionis
1261 3764 1426 3826 quae
1465 3742 1627 3807 ratio
1679 3751 1781 3807 est
1813 3752 1877 3807 et
1918 3761 2082 3825 quae
2116 3736 2257 3803 via?
2294 3721 2364 3833 ff

204 3829 286 3895 C.
322 3831 401 3895 P.
437 3855 566 3898 non
602 3834 866 3900 dubium
918 3845 1018 3901 est
1058 3835 1127 3900 id
1179 3835 1437 3919 quidem
1488 3836 1639 3920 quin
1692 3834 1970 3901 definitio
2023 3854 2256 3919 genere

204 3924 559 3992 declaretur
594 3939 660 3993 et
690 3928 1075 4016 proprietate
1126 3930 1403 4014 quadam
1437 3940 1546 3995 aut
1588 3930 1781 3995 etiam
1833 3926 2258 3995 communium

202 4016 589 4101 frequentia,
652 4044 735 4088 ex
786 4022 1015 4107 quibus
1064 4024 1393 4111 proprium
1453 4023 1608 4108 quid
1661 4023 1744 4089 sit
1803 4024 2074 4099 eluceat3
2140 4020 2260 4087 sed
