2784 4575
479 246 524 309 4
978 253 1401 312 CORNIFICII
1433 252 2058 325 RHETORICORUM,

478 379 575 447 les
630 378 934 444 fuerimus
990 390 1100 443 aut
1149 377 1218 441 in
1266 388 1564 463 parentes
1618 388 1728 443 aut
1777 378 1845 442 in
1890 378 2126 444 amicos
2172 390 2283 443 aut
2316 377 2385 443 in
2427 402 2545 447 eos

479 474 687 560 ipsos,
736 473 844 557 qui
889 472 1173 549 audient,
1221 472 1461 556 aliquid
1502 470 1881 548 referemus,
1928 472 2083 537 dum
2123 470 2284 539 haec
2328 474 2547 539 omnia

481 568 565 633 ad
608 590 750 633 eam
799 568 1009 654 ipsam
1058 588 1223 643 rem,
1279 588 1409 651 qua
1450 567 1531 631 de
1576 566 1811 653 agitur,
1868 567 1994 632 sint
2034 568 2543 635 adcommodata.

478 662 632 727 item
677 661 732 725 si
774 671 996 727 nostra
1033 659 1439 726 incommoda
1480 660 1910 746 proferemus:
1961 660 2269 746 inopiam,
2318 662 2545 727 solitu-

480 756 720 833 dinem,
766 754 1216 833 calamitatem3
1266 766 1331 819 et
1365 754 1421 818 si
1456 754 1807 834 orabimus,
1853 764 1925 819 ut
1966 754 2151 822 nobis
2198 755 2326 821 sint
2360 757 2543 821 auxi-

478 848 593 927 lio;
657 860 724 913 et
775 848 964 913 simul
1019 847 1459 925 ostendemus,
1521 870 1641 915 nos
1692 848 1762 913 in
1814 848 1954 913 aliis
2009 871 2193 937 spem
2252 849 2541 915 noluisse

479 942 734 1007 habere.
825 942 907 1005 ab
953 941 1459 1028 adversariorum
1509 964 1786 1027 persona
1835 942 2279 1007 benevolentia
2322 955 2541 1029 capta-

477 1035 674 1113 bitur,
729 1035 788 1099 si
831 1058 940 1100 eos
984 1036 1053 1099 in
1095 1035 1339 1112 odium,
1389 1034 1463 1099 in
1502 1035 1834 1112 invidiam,
1886 1034 1955 1099 in
2006 1036 2542 1123 contemptionem
2749 1094 2750 1125 3

481 1129 891 1193 adducemus.
978 1128 1046 1193 in
1081 1128 1298 1193 odium
1329 1129 1649 1215 rapiemus
1662 1176 1680 1207 ,
1728 1129 1784 1193 si
1820 1129 1992 1213 quod
2034 1152 2255 1195 eorum
2288 1152 2539 1217 spurce,
2749 1148 2750 1159 ¹

483 1224 774 1308 superbe,
801 1223 1158 1308 perfidiose,
1187 1222 1543 1300 crudeliter,
1573 1224 1979 1301 confidenter,
1996 1224 2329 1301 malitiose,
2356 1224 2543 1311 flagi-

481 1316 642 1382 tiose
689 1316 928 1383 factum
969 1318 1363 1402 proferemus
1375 1344 1394 1397 3
1440 1318 1509 1381 in
1550 1317 1854 1383 invidiam
1896 1317 2247 1394 trahemus,
2294 1318 2352 1383 si
2384 1317 2543 1396 vim,

483 1410 542 1475 si
591 1411 969 1495 potentiam,
1025 1411 1397 1489 factionem,
1464 1412 1713 1477 divitias
1726 1462 1743 1487 ,
1806 1411 2257 1495 eloquentiam,
2310 1412 2543 1477 nobili-

485 1514 709 1582 tatem,
749 1503 1100 1583 clientelae,
1146 1505 1520 1592 hospitium,
1567 1504 1996 1582 sodalitatem,
2033 1506 2386 1570 adfinitates
2426 1506 2545 1569 ad-
2748 1486 2751 1629 1

483 1598 906 1663 versariorum
950 1599 1376 1684 proferemus,
1424 1610 1489 1665 et
1531 1599 1629 1664 his
1676 1599 2053 1665 adiumentis
2094 1599 2302 1684 magis
2344 1620 2545 1683 quam

481 1690 746 1756 veritate
783 1714 892 1757 eos
947 1693 1262 1759 confidere
1309 1694 1695 1780 aperiemus3
1748 1694 1815 1758 in
1860 1693 2391 1779 contemptionem
2425 1695 2545 1759 ad-

480 1786 814 1863 ducemus,
887 1786 944 1853 si
1001 1786 1321 1865 inertiam,
1390 1788 1742 1873 ignaviam,
1814 1785 2151 1865 desidiam,
2221 1786 2541 1852 luxuriam

481 1878 989 1944 adversariorum
1021 1880 1439 1965 proferemus.
1528 1880 1610 1944 ab
1646 1879 2003 1945 auditorum
2033 1902 2309 1966 persona
2340 1880 2537 1945 bene-

480 1972 760 2036 volentia
793 1972 1165 2057 conligetur,
1204 1973 1259 2036 si
1293 1995 1399 2037 res
1435 1995 1654 2037 eorum
1680 1972 1943 2050 fortiter,
1982 1974 2317 2059 sapienter,
2354 1998 2535 2039 man-

482 2075 688 2141 suete,
741 2064 1078 2150 magnifice
1111 2065 1422 2131 iudicatas
1457 2066 1851 2153 proferemus
1896 2078 1961 2133 et
1995 2066 2079 2145 si,
2125 2089 2287 2151 quae
2323 2067 2403 2132 de
2438 2068 2537 2133 eis

480 2156 892 2237 existimatio,
939 2180 1101 2242 quae
1145 2159 1362 2223 iudicii
1406 2160 1793 2246 exspectatio
1832 2162 1941 2239 sit,
1988 2161 2361 2249 aperiemus.
2452 2162 2537 2226 ab

476 2250 668 2316 rebus
713 2249 871 2338 ipsis
915 2251 1297 2318 benevolum
1341 2253 1687 2320 efficiemus
1734 2254 2112 2334 auditorem,
2160 2255 2214 2320 si
2248 2264 2535 2322 nostram
2654 2286 2660 2296 ·

479 2365 740 2409 causam
790 2345 1107 2412 laudando
1161 2347 1486 2426 tollemus,
1544 2349 2049 2416 adversariorum
2096 2371 2211 2437 per
2254 2360 2535 2416 contem-

475 2439 764 2526 ptionem
800 2440 1246 2550 deprimemus.

409 2531 443 2586 6
596 2533 924 2622 Deinceps
969 2535 1049 2600 de
1093 2535 1516 2602 insinuatione
1563 2537 1971 2624 aperiendum
2014 2549 2131 2603 est.
2221 2537 2341 2602 tria
2385 2549 2559 2604 sunt·

414 2603 789 2715 ⁹tempora,
853 2629 924 2692 in
975 2629 1203 2713 quibus
1256 2629 1567 2716 principio
1619 2631 1713 2696 uti
1762 2655 1893 2698 non
1942 2654 2313 2718 possumus,
2368 2653 2533 2715 quae

475 2721 811 2808 diligenter
865 2733 1016 2788 sunt
1065 2723 1556 2790 consideranda·
1613 2736 1722 2792 aut
1774 2747 1919 2790 cum
1970 2737 2219 2812 turpem
2272 2747 2531 2790 causam

475 2817 814 2894 habemus,
878 2818 1002 2884 hoc
1053 2828 1182 2897 est,
1247 2841 1392 2884 cum
1453 2821 1596 2907 ipsa
1644 2844 1749 2887 res
1805 2822 2085 2886 animum
2136 2821 2437 2888 auditonis
2492 2844 2535 2885 a

476 2910 661 2974 nobis
707 2912 966 2988 alienat3
1014 2924 1123 2976 aut
1167 2934 1312 2978 cum
1355 2916 1603 2980 animus
1650 2915 1953 2980 auditoris
1996 2935 2340 3000 persuasus
2387 2937 2533 2980 esse

476 3002 726 3066 videtur
761 3005 844 3067 ab
881 3004 1002 3080 eis,
1050 3006 1159 3087 qui
1193 3018 1339 3072 ante
1376 3020 1597 3074 contra
1630 3010 1949 3085 dixerunt3
1996 3016 2107 3071 aut
2140 3027 2285 3070 cum
2321 3006 2532 3072 defes-

421 3169 428 3173 ,
478 3115 588 3158 sus
625 3104 724 3159 est
758 3117 870 3160 eos
907 3096 1249 3176 audiendo,
1287 3101 1397 3184 qui
1432 3113 1579 3168 ante
1614 3102 1925 3166 dixerunt.
2016 3100 2071 3163 si
2104 3120 2300 3163 causa
2332 3100 2531 3186 turpi-

475 3187 761 3251 tudinem
795 3187 1080 3267 habebit,
1117 3193 1391 3258 exordiri
1431 3195 1777 3282 poterimus
1814 3193 1913 3258 his
1948 3190 2328 3256 rationibus.
2372 3214 2531 3271 rem,

475 3302 606 3344 non
639 3279 961 3345 hominem
1005 3287 1278 3370 spectari
1310 3301 1631 3374 oportere3
1674 3310 1805 3354 non
1837 3286 2088 3373 placere
2129 3285 2369 3350 nobis
2348 3286 2530 3371 ipsis,

477 3395 640 3456 quae
686 3373 856 3437 facta
899 3375 1186 3444 dicantur
1230 3381 1311 3448 ab
1357 3379 1766 3458 adversariis,
1820 3390 1885 3445 et
1926 3401 2069 3444 esse
2112 3378 2376 3465 indigna
2420 3392 2530 3445 aut

473 3466 748 3532 nefaria.
805 3467 1030 3536 deinde
1076 3494 1220 3538 cum
1264 3475 1376 3539 diu
1419 3497 1557 3539 rem
1600 3472 1988 3548 auxerimus,
2041 3471 2198 3537 nihil
2244 3473 2444 3539 simile
2490 3497 2531 3538 a

475 3560 660 3626 nobis
712 3559 951 3627 factum
1001 3568 1439 3646 ostendemus3
1504 3576 1615 3632 aut
1674 3565 2031 3649 aliquorum
2090 3564 2393 3631 iudicium
2446 3566 2529 3630 de

477 3651 668 3717 simili
702 3672 896 3720 causa
929 3670 1036 3722 aut
1072 3660 1153 3724 de
1181 3661 1407 3726 eadem
1446 3657 1587 3746 [aut
1622 3660 1701 3724 de
1729 3659 1969 3725 minore
1999 3669 2109 3727 aut
2142 3661 2221 3724 de
2254 3656 2523 3744 maiore]

472 3745 896 3834 proferemus,
943 3752 1170 3818 deinde
1207 3754 1290 3817 ad
1322 3764 1607 3818 nostram
1642 3774 1901 3820 causam
1932 3750 2387 3840 pedetemptim
2423 3771 2528 3814 ac-

476 3840 772 3908 cedemus
826 3854 893 3908 et
941 3845 1418 3912 similitudinem
1469 3847 1893 3928 conferemus3
1960 3857 2069 3912 aut
2127 3845 2527 3930 negabimus,

473 3956 592 3999 nos
637 3935 717 4000 de
763 3937 1138 4003 adversariis
1195 3950 1304 4003 aut
1349 3940 1429 4006 de
1474 3941 1688 4026 aliqua
1728 3965 1797 4008 re
1842 3943 2149 4016 dicturos,
2207 3949 2272 4002 et
2314 3948 2527 4002 tamen

383 4055 439 4096 ιο
475 4029 719 4094 occulte
747 4029 1028 4096 dicemus
1061 4031 1492 4101 interiectione
1520 4037 1874 4103 verborum.
1948 4033 2003 4098 si
2034 4055 2379 4121 persuasus
2414 4053 2517 4096 au·
