<?xml version="1.0" encoding="UTF-8"?>
<!DOCTYPE html PUBLIC "-//W3C//DTD XHTML 1.0 Transitional//EN"
    "http://www.w3.org/TR/xhtml1/DTD/xhtml1-transitional.dtd">
<html xmlns="http://www.w3.org/1999/xhtml" xml:lang="en" lang="en">
 <head>
  <title>
</title>
<meta http-equiv="Content-Type" content="text/html;charset=utf-8" />
  <meta name='ocr-system' content='tesseract 3.04.00' />
  <meta name='ocr-capabilities' content='ocr_page ocr_carea ocr_par ocr_line ocrx_word'/>
</head>
<body>
  <div class='ocr_page' id='page_1' title='image "./mtulliiciceroni11unkngoog_0409.png"; bbox 0 0 2784 4575; ppageno 0'>
   <div class='ocr_carea' id='block_1_1' title="bbox 844 262 2354 335">
    <p class='ocr_par' dir='ltr' id='par_1_1' title="bbox 844 262 2354 335">
     <span class='ocr_line' id='line_1_1' title="bbox 844 262 2354 335; baseline -0.004 -2"><span class='ocrx_word' id='word_1_1' title='bbox 844 278 950 334; x_wconf 88' lang='lat' dir='ltr'>DE</span> <span class='ocrx_word' id='word_1_2' title='bbox 989 276 1355 335; x_wconf 82' lang='lat' dir='ltr'><strong>ORATORE</strong></span> <span class='ocrx_word' id='word_1_3' title='bbox 1392 276 1814 333; x_wconf 81' lang='lat'><strong>11.266--274.</strong></span> <span class='ocrx_word' id='word_1_4' title='bbox 2232 262 2354 327; x_wconf 79' lang='grc'>121</span> 
     </span>
    </p>
   </div>
   <div class='ocr_carea' id='block_1_2' title="bbox 304 400 2562 4160">
    <p class='ocr_par' dir='ltr' id='par_1_2' title="bbox 304 400 2562 3679">
     <span class='ocr_line' id='line_1_2' title="bbox 304 400 2364 495; baseline -0.004 -22"><span class='ocrx_word' id='word_1_5' title='bbox 304 406 697 495; x_wconf 87' lang='lat' dir='ltr'>praefectum</span> <span class='ocrx_word' id='word_1_6' title='bbox 733 402 991 468; x_wconf 87' lang='lat' dir='ltr'>duceret</span> <span class='ocrx_word' id='word_1_7' title='bbox 1034 402 1215 487; x_wconf 89' lang='lat' dir='ltr'>‘quid</span> <span class='ocrx_word' id='word_1_8' title='bbox 1248 400 1361 466; x_wconf 88' lang='lat' dir='ltr'>tibi</span> <span class='ocrx_word' id='word_1_9' title='bbox 1399 400 1545 480; x_wconf 88' lang='lat' dir='ltr'>vis‚&#39;</span> <span class='ocrx_word' id='word_1_10' title='bbox 1597 400 1802 484; x_wconf 88' lang='lat' dir='ltr'>inquit</span> <span class='ocrx_word' id='word_1_11' title='bbox 1845 400 2132 465; x_wconf 84' lang='lat' dir='ltr'>‘insane‘?</span> <span class='ocrx_word' id='word_1_12' title='bbox 2185 410 2364 465; x_wconf 83' lang='lat' dir='ltr'>tanta</span> 
     </span>
     <span class='ocr_line' id='line_1_3' title="bbox 308 494 2363 581; baseline -0.004 -13"><span class='ocrx_word' id='word_1_13' title='bbox 308 502 618 567; x_wconf 88' lang='lat' dir='ltr'>malorum</span> <span class='ocrx_word' id='word_1_14' title='bbox 670 506 770 565; x_wconf 87' lang='lat' dir='ltr'>est</span> <span class='ocrx_word' id='word_1_15' title='bbox 819 495 1156 563; x_wconf 88' lang='lat' dir='ltr'>multitudo</span> <span class='ocrx_word' id='word_1_16' title='bbox 1210 496 1472 575; x_wconf 88' lang='lat' dir='ltr'>civium,</span> <span class='ocrx_word' id='word_1_17' title='bbox 1524 504 1599 560; x_wconf 87' lang='lat' dir='ltr'>ut</span> <span class='ocrx_word' id='word_1_18' title='bbox 1647 494 1762 560; x_wconf 89' lang='lat' dir='ltr'>tibi</span> <span class='ocrx_word' id='word_1_19' title='bbox 1797 516 1918 581; x_wconf 90' lang='lat' dir='ltr'>ego</span> <span class='ocrx_word' id='word_1_20' title='bbox 1963 494 2086 559; x_wconf 91' lang='lat' dir='ltr'>hoc</span> <span class='ocrx_word' id='word_1_21' title='bbox 2137 494 2363 560; x_wconf 87' lang='lat' dir='ltr'>confir-</span> 
     </span>
     <span class='ocr_line' id='line_1_4' title="bbox 307 589 2362 679; baseline -0.002 -18"><span class='ocrx_word' id='word_1_22' title='bbox 307 618 504 673; x_wconf 87' lang='lat' dir='ltr'>mem,</span> <span class='ocrx_word' id='word_1_23' title='bbox 562 594 617 659; x_wconf 87' lang='lat' dir='ltr'>si</span> <span class='ocrx_word' id='word_1_24' title='bbox 650 593 897 659; x_wconf 84' lang='lat' dir='ltr'>Romae</span> <span class='ocrx_word' id='word_1_25' title='bbox 948 591 1290 670; x_wconf 88' lang='lat' dir='ltr'>manseris,</span> <span class='ocrx_word' id='word_1_26' title='bbox 1345 600 1408 657; x_wconf 86' lang='lat' dir='ltr'>te</span> <span class='ocrx_word' id='word_1_27' title='bbox 1443 590 1664 679; x_wconf 79' lang='lat' dir='ltr'><strong>paucis</strong></span> <span class='ocrx_word' id='word_1_28' title='bbox 1717 589 1900 654; x_wconf 87' lang='lat' dir='ltr'>annis</span> <span class='ocrx_word' id='word_1_29' title='bbox 1936 589 2019 655; x_wconf 89' lang='lat' dir='ltr'>ad</span> <span class='ocrx_word' id='word_1_30' title='bbox 2052 589 2362 656; x_wconf 86' lang='lat' dir='ltr'>maximas</span> 
     </span>
     <span class='ocr_line' id='line_1_5' title="bbox 306 683 2480 778; baseline -0.002 -21"><span class='ocrx_word' id='word_1_31' title='bbox 306 687 609 778; x_wconf 80' lang='lat' dir='ltr'><strong>pecunias</strong></span> <span class='ocrx_word' id='word_1_32' title='bbox 646 709 791 753; x_wconf 85' lang='lat' dir='ltr'>esse</span> <span class='ocrx_word' id='word_1_33' title='bbox 826 685 1203 751; x_wconf 65' lang='lat' dir='ltr'>venturum!</span> <span class='ocrx_word' id='word_1_34' title='bbox 1292 686 1360 749; x_wconf 91' lang='lat' dir='ltr'>in</span> <span class='ocrx_word' id='word_1_35' title='bbox 1393 684 1517 751; x_wconf 92' lang='lat' dir='ltr'>hoc</span> <span class='ocrx_word' id='word_1_36' title='bbox 1562 706 1794 771; x_wconf 83' lang='lat' dir='ltr'>genere</span> <span class='ocrx_word' id='word_1_37' title='bbox 1827 683 2169 749; x_wconf 86' lang='lat' dir='ltr'>Fannius&#39;</span> <span class='ocrx_word' id='word_1_38' title='bbox 2149 707 2217 748; x_wconf 89' lang='lat' dir='ltr'>m</span> <span class='ocrx_word' id='word_1_39' title='bbox 2253 706 2364 749; x_wconf 88' lang='lat' dir='ltr'>an-</span> <span class='ocrx_word' id='word_1_40' title='bbox 2397 711 2480 752; x_wconf 64' lang='grc' dir='ltr'>πο</span> 
     </span>
     <span class='ocr_line' id='line_1_6' title="bbox 308 778 2363 850; baseline -0.002 0"><span class='ocrx_word' id='word_1_41' title='bbox 308 784 557 850; x_wconf 90' lang='lat' dir='ltr'>nalibus</span> <span class='ocrx_word' id='word_1_42' title='bbox 623 782 757 847; x_wconf 90' lang='lat' dir='ltr'>suis</span> <span class='ocrx_word' id='word_1_43' title='bbox 809 780 1191 846; x_wconf 84' lang='lat' dir='ltr'>Africanum</span> <span class='ocrx_word' id='word_1_44' title='bbox 1242 779 1415 845; x_wconf 90' lang='lat' dir='ltr'>hunc</span> <span class='ocrx_word' id='word_1_45' title='bbox 1463 778 1900 847; x_wconf 78' lang='lat' dir='ltr'>Aemilianum</span> <span class='ocrx_word' id='word_1_46' title='bbox 1962 778 2113 844; x_wconf 87' lang='lat' dir='ltr'>dicit</span> <span class='ocrx_word' id='word_1_47' title='bbox 2163 778 2363 845; x_wconf 85' lang='lat' dir='ltr'>fuisse</span> 
     </span>
     <span class='ocr_line' id='line_1_7' title="bbox 306 871 2366 966; baseline -0.004 -21"><span class='ocrx_word' id='word_1_48' title='bbox 306 881 611 966; x_wconf 71' lang='lat' dir='ltr'>eyreqium</span> <span class='ocrx_word' id='word_1_49' title='bbox 646 887 710 941; x_wconf 90' lang='lat' dir='ltr'>et</span> <span class='ocrx_word' id='word_1_50' title='bbox 746 872 996 941; x_wconf 86' lang='lat' dir='ltr'>Graeco</span> <span class='ocrx_word' id='word_1_51' title='bbox 1032 896 1178 939; x_wconf 90' lang='lat' dir='ltr'>eum</span> <span class='ocrx_word' id='word_1_52' title='bbox 1210 872 1408 939; x_wconf 81' lang='lat' dir='ltr'>verbo</span> <span class='ocrx_word' id='word_1_53' title='bbox 1454 873 1731 962; x_wconf 88' lang='lat' dir='ltr'>appellat</span> <span class='ocrx_word' id='word_1_54' title='bbox 1765 871 2031 957; x_wconf 72' lang='grc' dir='ltr'>εἷ’ρωνας</span> <span class='ocrx_word' id='word_1_55' title='bbox 2086 874 2228 952; x_wconf 89' lang='lat' dir='ltr'>sed,</span> <span class='ocrx_word' id='word_1_56' title='bbox 2271 874 2366 938; x_wconf 85' lang='lat' dir='ltr'>uti</span> 
     </span>
     <span class='ocr_line' id='line_1_8' title="bbox 309 965 2366 1054; baseline -0.003 -16"><span class='ocrx_word' id='word_1_57' title='bbox 309 974 551 1049; x_wconf 85' lang='lat' dir='ltr'>ferunt,</span> <span class='ocrx_word' id='word_1_58' title='bbox 606 968 716 1054; x_wconf 90' lang='lat' dir='ltr'>qui</span> <span class='ocrx_word' id='word_1_59' title='bbox 748 968 976 1034; x_wconf 87' lang='lat' dir='ltr'>melius</span> <span class='ocrx_word' id='word_1_60' title='bbox 1013 967 1173 1033; x_wconf 85' lang='lat' dir='ltr'>haec</span> <span class='ocrx_word' id='word_1_61' title='bbox 1206 977 1466 1045; x_wconf 88' lang='lat' dir='ltr'>norunt,</span> <span class='ocrx_word' id='word_1_62' title='bbox 1523 965 1854 1033; x_wconf 78' lang='lat' dir='ltr'>Socratem</span> <span class='ocrx_word' id='word_1_63' title='bbox 1889 965 2112 1052; x_wconf 88' lang='lat' dir='ltr'>opinor</span> <span class='ocrx_word' id='word_1_64' title='bbox 2142 965 2210 1031; x_wconf 90' lang='lat' dir='ltr'>in</span> <span class='ocrx_word' id='word_1_65' title='bbox 2244 966 2366 1031; x_wconf 91' lang='lat' dir='ltr'>hac</span> 
     </span>
     <span class='ocr_line' id='line_1_9' title="bbox 305 1059 2366 1173; baseline -0.003 -42"><span class='ocrx_word' id='word_1_66' title='bbox 305 1066 511 1132; x_wconf 88' lang='lat' dir='ltr'>ironia</span> <span class='ocrx_word' id='word_1_67' title='bbox 547 1060 1131 1173; x_wconf 80' lang='lat' dir='ltr'>dissimulantiaque</span> <span class='ocrx_word' id='word_1_68' title='bbox 1165 1060 1356 1149; x_wconf 84' lang='lat' dir='ltr'>longe</span> <span class='ocrx_word' id='word_1_69' title='bbox 1388 1062 1606 1149; x_wconf 88' lang='lat' dir='ltr'>lepore</span> <span class='ocrx_word' id='word_1_70' title='bbox 1641 1072 1707 1128; x_wconf 83' lang='lat' dir='ltr'>et</span> <span class='ocrx_word' id='word_1_71' title='bbox 1739 1059 2128 1125; x_wconf 79' lang='lat' dir='ltr'>humanitate</span> <span class='ocrx_word' id='word_1_72' title='bbox 2165 1060 2366 1127; x_wconf 90' lang='lat' dir='ltr'>omni-</span> 
     </span>
     <span class='ocr_line' id='line_1_10' title="bbox 308 1146 2363 1248; baseline -0.002 -23"><span class='ocrx_word' id='word_1_73' title='bbox 308 1160 431 1225; x_wconf 90' lang='lat' dir='ltr'>bus</span> <span class='ocrx_word' id='word_1_74' title='bbox 466 1156 879 1248; x_wconf 75' lang='lat' dir='ltr'>praestitisse.</span> <span class='ocrx_word' id='word_1_75' title='bbox 968 1178 1172 1243; x_wconf 86' lang='lat' dir='ltr'>genus</span> <span class='ocrx_word' id='word_1_76' title='bbox 1210 1166 1309 1222; x_wconf 91' lang='lat' dir='ltr'>est</span> <span class='ocrx_word' id='word_1_77' title='bbox 1341 1146 1719 1243; x_wconf 85' lang='lat' dir='ltr'>perelegans</span> <span class='ocrx_word' id='word_1_78' title='bbox 1756 1166 1821 1222; x_wconf 89' lang='lat' dir='ltr'>et</span> <span class='ocrx_word' id='word_1_79' title='bbox 1855 1177 2000 1223; x_wconf 89' lang='lat' dir='ltr'>cum</span> <span class='ocrx_word' id='word_1_80' title='bbox 2053 1155 2363 1243; x_wconf 84' lang='lat' dir='ltr'>gravitate</span> 
     </span>
     <span class='ocr_line' id='line_1_11' title="bbox 310 1240 2366 1335; baseline -0.003 -16"><span class='ocrx_word' id='word_1_81' title='bbox 310 1254 549 1320; x_wconf 91' lang='lat' dir='ltr'>salsum</span> <span class='ocrx_word' id='word_1_82' title='bbox 576 1272 845 1335; x_wconf 86' lang='lat' dir='ltr'>cumque</span> <span class='ocrx_word' id='word_1_83' title='bbox 872 1249 1159 1317; x_wconf 88' lang='lat' dir='ltr'>oratoriis</span> <span class='ocrx_word' id='word_1_84' title='bbox 1189 1240 1567 1316; x_wconf 64' lang='lat' dir='ltr'>dichonibus</span> <span class='ocrx_word' id='word_1_85' title='bbox 1596 1262 1730 1316; x_wconf 89' lang='lat' dir='ltr'>tum</span> <span class='ocrx_word' id='word_1_86' title='bbox 1764 1249 2022 1316; x_wconf 86' lang='lat' dir='ltr'>urbanis</span> <span class='ocrx_word' id='word_1_87' title='bbox 2061 1248 2366 1316; x_wconf 88' lang='lat' dir='ltr'>sermoni-</span> 
     </span>
     <span class='ocr_line' id='line_1_12' title="bbox 306 1342 2562 1429; baseline -0.002 -17"><span class='ocrx_word' id='word_1_88' title='bbox 306 1348 429 1413; x_wconf 85' lang='lat' dir='ltr'>bus</span> <span class='ocrx_word' id='word_1_89' title='bbox 467 1345 1045 1423; x_wconf 85' lang='lat' dir='ltr'>adcommodatum3</span> <span class='ocrx_word' id='word_1_90' title='bbox 1100 1355 1165 1409; x_wconf 90' lang='lat' dir='ltr'>et</span> <span class='ocrx_word' id='word_1_91' title='bbox 1197 1344 1452 1410; x_wconf 83' lang='lat' dir='ltr'>hercule</span> <span class='ocrx_word' id='word_1_92' title='bbox 1497 1342 1708 1409; x_wconf 90' lang='lat' dir='ltr'>omnia</span> <span class='ocrx_word' id='word_1_93' title='bbox 1750 1344 1936 1425; x_wconf 88' lang='lat' dir='ltr'>haec,</span> <span class='ocrx_word' id='word_1_94' title='bbox 1992 1366 2154 1429; x_wconf 89' lang='lat' dir='ltr'>quae</span> <span class='ocrx_word' id='word_1_95' title='bbox 2190 1367 2229 1409; x_wconf 91' lang='lat' dir='ltr'>a</span> <span class='ocrx_word' id='word_1_96' title='bbox 2261 1366 2364 1409; x_wconf 90' lang='lat' dir='ltr'>me</span> <span class='ocrx_word' id='word_1_97' title='bbox 2397 1374 2477 1415; x_wconf 76' lang='lat'>2⁷1</span> <span class='ocrx_word' id='word_1_98' title='bbox 2557 1355 2562 1363; x_wconf 86' lang='grc'><em>“</em></span> 
     </span>
     <span class='ocr_line' id='line_1_13' title="bbox 312 1438 2364 1526; baseline 0 -21"><span class='ocrx_word' id='word_1_99' title='bbox 312 1441 391 1505; x_wconf 89' lang='lat' dir='ltr'>de</span> <span class='ocrx_word' id='word_1_100' title='bbox 428 1440 671 1505; x_wconf 84' lang='lat' dir='ltr'>facetiis</span> <span class='ocrx_word' id='word_1_101' title='bbox 708 1439 1136 1526; x_wconf 82' lang='lat' dir='ltr'>disputantur,</span> <span class='ocrx_word' id='word_1_102' title='bbox 1190 1462 1319 1504; x_wconf 92' lang='lat' dir='ltr'>non</span> <span class='ocrx_word' id='word_1_103' title='bbox 1362 1438 1604 1504; x_wconf 90' lang='lat' dir='ltr'>maiora</span> <span class='ocrx_word' id='word_1_104' title='bbox 1646 1438 1995 1505; x_wconf 86' lang='lat' dir='ltr'>forensium</span> <span class='ocrx_word' id='word_1_105' title='bbox 2047 1439 2364 1505; x_wconf 88' lang='lat' dir='ltr'>actionum</span> 
     </span>
     <span class='ocr_line' id='line_1_14' title="bbox 313 1532 2367 1619; baseline 0.001 -21"><span class='ocrx_word' id='word_1_106' title='bbox 313 1556 502 1619; x_wconf 88' lang='lat' dir='ltr'>quam</span> <span class='ocrx_word' id='word_1_107' title='bbox 555 1532 836 1600; x_wconf 90' lang='lat' dir='ltr'>omnium</span> <span class='ocrx_word' id='word_1_108' title='bbox 890 1554 1252 1599; x_wconf 87' lang='lat' dir='ltr'>sermonum</span> <span class='ocrx_word' id='word_1_109' title='bbox 1304 1533 1708 1597; x_wconf 90' lang='lat' dir='ltr'>condimenta</span> <span class='ocrx_word' id='word_1_110' title='bbox 1759 1542 1934 1611; x_wconf 88' lang='lat' dir='ltr'>sunt,</span> <span class='ocrx_word' id='word_1_111' title='bbox 1987 1556 2137 1599; x_wconf 90' lang='lat' dir='ltr'>nam</span> <span class='ocrx_word' id='word_1_112' title='bbox 2203 1534 2367 1601; x_wconf 88' lang='lat' dir='ltr'>sicut</span> 
     </span>
     <span class='ocr_line' id='line_1_15' title="bbox 311 1624 2363 1715; baseline 0.001 -23"><span class='ocrx_word' id='word_1_113' title='bbox 311 1627 482 1714; x_wconf 91' lang='lat' dir='ltr'>quod</span> <span class='ocrx_word' id='word_1_114' title='bbox 517 1627 687 1715; x_wconf 84' lang='lat' dir='ltr'>apud</span> <span class='ocrx_word' id='word_1_115' title='bbox 722 1624 1037 1692; x_wconf 86' lang='lat' dir='ltr'>Catonem</span> <span class='ocrx_word' id='word_1_116' title='bbox 1072 1636 1171 1691; x_wconf 90' lang='lat' dir='ltr'>est</span> <span class='ocrx_word' id='word_1_117' title='bbox 1202 1661 1293 1674; x_wconf 93' lang='lat'>·--</span> <span class='ocrx_word' id='word_1_118' title='bbox 1324 1626 1434 1710; x_wconf 90' lang='lat' dir='ltr'>qui</span> <span class='ocrx_word' id='word_1_119' title='bbox 1467 1626 1668 1691; x_wconf 86' lang='lat' dir='ltr'>multa</span> <span class='ocrx_word' id='word_1_120' title='bbox 1699 1626 1965 1705; x_wconf 87' lang='lat' dir='ltr'>rettulit,</span> <span class='ocrx_word' id='word_1_121' title='bbox 2020 1649 2100 1692; x_wconf 88' lang='lat' dir='ltr'>ex</span> <span class='ocrx_word' id='word_1_122' title='bbox 2135 1628 2363 1712; x_wconf 90' lang='lat' dir='ltr'>quibus</span> 
     </span>
     <span class='ocr_line' id='line_1_16' title="bbox 312 1718 2367 1807; baseline -0 -21"><span class='ocrx_word' id='word_1_123' title='bbox 312 1745 353 1787; x_wconf 92' lang='lat' dir='ltr'>a</span> <span class='ocrx_word' id='word_1_124' title='bbox 384 1743 488 1786; x_wconf 92' lang='lat' dir='ltr'>me</span> <span class='ocrx_word' id='word_1_125' title='bbox 524 1718 796 1806; x_wconf 88' lang='lat' dir='ltr'>exempli</span> <span class='ocrx_word' id='word_1_126' title='bbox 834 1741 1029 1784; x_wconf 88' lang='lat' dir='ltr'>causa</span> <span class='ocrx_word' id='word_1_127' title='bbox 1063 1720 1389 1807; x_wconf 87' lang='lat' dir='ltr'>complura</span> <span class='ocrx_word' id='word_1_128' title='bbox 1431 1730 1752 1806; x_wconf 88' lang='lat' dir='ltr'>ponuntur</span> <span class='ocrx_word' id='word_1_129' title='bbox 1785 1757 1872 1767; x_wconf 96' lang='lat'><strong>—</strong></span> <span class='ocrx_word' id='word_1_130' title='bbox 1903 1743 2020 1807; x_wconf 86' lang='lat' dir='ltr'>per</span> <span class='ocrx_word' id='word_1_131' title='bbox 2053 1720 2208 1785; x_wconf 91' lang='lat' dir='ltr'>mihi</span> <span class='ocrx_word' id='word_1_132' title='bbox 2244 1722 2367 1786; x_wconf 89' lang='lat' dir='ltr'>sci-</span> 
     </span>
     <span class='ocr_line' id='line_1_17' title="bbox 310 1811 2368 1927; baseline -0.001 -46"><span class='ocrx_word' id='word_1_133' title='bbox 310 1826 446 1881; x_wconf 91' lang='lat' dir='ltr'>tum</span> <span class='ocrx_word' id='word_1_134' title='bbox 459 1814 746 1927; x_wconf 41' lang='lat' dir='ltr'>&#39;videtur,</span> <span class='ocrx_word' id='word_1_135' title='bbox 787 1811 864 1879; x_wconf 85' lang='lat' dir='ltr'>C.</span> <span class='ocrx_word' id='word_1_136' title='bbox 900 1812 1265 1879; x_wconf 80' lang='lat' dir='ltr'>Publicium</span> <span class='ocrx_word' id='word_1_137' title='bbox 1301 1814 1559 1879; x_wconf 89' lang='lat' dir='ltr'>solitum</span> <span class='ocrx_word' id='word_1_138' title='bbox 1594 1814 1802 1879; x_wconf 88' lang='lat' dir='ltr'>dicere</span> <span class='ocrx_word' id='word_1_139' title='bbox 1839 1815 1944 1879; x_wconf 65' lang='grc' dir='ltr'>’.Ρ</span> <span class='ocrx_word' id='word_1_140' title='bbox 1981 1814 2368 1879; x_wconf 88' lang='lat' dir='ltr'>Mummium</span> 
     </span>
     <span class='ocr_line' id='line_1_18' title="bbox 312 1907 2364 1995; baseline 0 -20"><span class='ocrx_word' id='word_1_141' title='bbox 312 1909 513 1975; x_wconf 85' lang='lat' dir='ltr'>cuivis</span> <span class='ocrx_word' id='word_1_142' title='bbox 549 1908 819 1995; x_wconf 84' lang='lat' dir='ltr'>tempori</span> <span class='ocrx_word' id='word_1_143' title='bbox 851 1907 1175 1973; x_wconf 89' lang='lat' dir='ltr'>hominem</span> <span class='ocrx_word' id='word_1_144' title='bbox 1210 1907 1406 1986; x_wconf 85' lang='lat' dir='ltr'>esse‚’</span> <span class='ocrx_word' id='word_1_145' title='bbox 1461 1907 1553 1973; x_wconf 92' lang='lat' dir='ltr'>sic</span> <span class='ocrx_word' id='word_1_146' title='bbox 1586 1907 1872 1995; x_wconf 84' lang='lat' dir='ltr'>profecto</span> <span class='ocrx_word' id='word_1_147' title='bbox 1909 1930 1979 1975; x_wconf 89' lang='lat' dir='ltr'>se</span> <span class='ocrx_word' id='word_1_148' title='bbox 2013 1930 2116 1974; x_wconf 88' lang='lat' dir='ltr'>res</span> <span class='ocrx_word' id='word_1_149' title='bbox 2153 1908 2364 1987; x_wconf 88' lang='lat' dir='ltr'>habet,</span> 
     </span>
     <span class='ocr_line' id='line_1_19' title="bbox 309 2001 2366 2089; baseline 0 -21"><span class='ocrx_word' id='word_1_150' title='bbox 309 2003 555 2069; x_wconf 88' lang='lat' dir='ltr'>nullum</span> <span class='ocrx_word' id='word_1_151' title='bbox 587 2012 660 2068; x_wconf 91' lang='lat' dir='ltr'>ut</span> <span class='ocrx_word' id='word_1_152' title='bbox 696 2002 778 2068; x_wconf 82' lang='lat' dir='ltr'>sit</span> <span class='ocrx_word' id='word_1_153' title='bbox 812 2002 982 2067; x_wconf 85' lang='lat' dir='ltr'>vitae</span> <span class='ocrx_word' id='word_1_154' title='bbox 1026 2011 1307 2088; x_wconf 87' lang='lat' dir='ltr'>tempus,</span> <span class='ocrx_word' id='word_1_155' title='bbox 1359 2002 1428 2065; x_wconf 91' lang='lat' dir='ltr'>in</span> <span class='ocrx_word' id='word_1_156' title='bbox 1473 2024 1598 2085; x_wconf 93' lang='lat' dir='ltr'>quo</span> <span class='ocrx_word' id='word_1_157' title='bbox 1641 2024 1771 2067; x_wconf 91' lang='lat' dir='ltr'>non</span> <span class='ocrx_word' id='word_1_158' title='bbox 1815 2002 2037 2067; x_wconf 87' lang='lat' dir='ltr'>deceat</span> <span class='ocrx_word' id='word_1_159' title='bbox 2085 2001 2366 2089; x_wconf 89' lang='lat' dir='ltr'>leporem</span> 
     </span>
     <span class='ocr_line' id='line_1_20' title="bbox 309 2095 2482 2182; baseline -0 -20"><span class='ocrx_word' id='word_1_160' title='bbox 309 2097 890 2182; x_wconf 86' lang='lat' dir='ltr'>humanitatemque</span> <span class='ocrx_word' id='word_1_161' title='bbox 924 2095 1184 2163; x_wconf 86' lang='lat' dir='ltr'>versari.</span> <span class='ocrx_word' id='word_1_162' title='bbox 1274 2096 1389 2161; x_wconf 88' lang='lat' dir='ltr'>sed</span> <span class='ocrx_word' id='word_1_163' title='bbox 1423 2096 1614 2161; x_wconf 90' lang='lat' dir='ltr'>redeo</span> <span class='ocrx_word' id='word_1_164' title='bbox 1653 2096 1734 2160; x_wconf 86' lang='lat' dir='ltr'>ad</span> <span class='ocrx_word' id='word_1_165' title='bbox 1770 2106 1998 2162; x_wconf 88' lang='lat' dir='ltr'>cetera.</span> <span class='ocrx_word' id='word_1_166' title='bbox 2087 2107 2186 2162; x_wconf 89' lang='lat' dir='ltr'>est</span> <span class='ocrx_word' id='word_1_167' title='bbox 2219 2095 2366 2161; x_wconf 91' lang='lat' dir='ltr'>huic</span> <span class='ocrx_word' id='word_1_168' title='bbox 2399 2129 2482 2169; x_wconf 75' lang='lat'>2⁷2</span> 
     </span>
     <span class='ocr_line' id='line_1_21' title="bbox 308 2190 2364 2270; baseline -0 -12"><span class='ocrx_word' id='word_1_169' title='bbox 308 2194 643 2258; x_wconf 86' lang='lat' dir='ltr'>finitimum</span> <span class='ocrx_word' id='word_1_170' title='bbox 688 2190 1200 2270; x_wconf 86' lang='lat' dir='ltr'>dissimulationi,</span> <span class='ocrx_word' id='word_1_171' title='bbox 1256 2213 1402 2257; x_wconf 92' lang='lat' dir='ltr'>cum</span> <span class='ocrx_word' id='word_1_172' title='bbox 1453 2191 1723 2257; x_wconf 85' lang='lat' dir='ltr'>honesto</span> <span class='ocrx_word' id='word_1_173' title='bbox 1768 2192 1962 2259; x_wconf 87' lang='lat' dir='ltr'>verbo</span> <span class='ocrx_word' id='word_1_174' title='bbox 1999 2191 2229 2259; x_wconf 88' lang='lat' dir='ltr'>vitiosa</span> <span class='ocrx_word' id='word_1_175' title='bbox 2259 2215 2364 2259; x_wconf 89' lang='lat' dir='ltr'>res</span> 
     </span>
     <span class='ocr_line' id='line_1_22' title="bbox 312 2284 2366 2372; baseline 0 -22"><span class='ocrx_word' id='word_1_176' title='bbox 312 2286 692 2372; x_wconf 87' lang='lat' dir='ltr'>appellatur3</span> <span class='ocrx_word' id='word_1_177' title='bbox 746 2297 819 2351; x_wconf 92' lang='lat' dir='ltr'>ut</span> <span class='ocrx_word' id='word_1_178' title='bbox 852 2307 998 2352; x_wconf 90' lang='lat' dir='ltr'>cum</span> <span class='ocrx_word' id='word_1_179' title='bbox 1032 2285 1381 2352; x_wconf 86' lang='lat' dir='ltr'>Africanus</span> <span class='ocrx_word' id='word_1_180' title='bbox 1428 2306 1654 2351; x_wconf 87' lang='lat' dir='ltr'>censor</span> <span class='ocrx_word' id='word_1_181' title='bbox 1689 2284 1856 2351; x_wconf 86' lang='lat' dir='ltr'>tribu</span> <span class='ocrx_word' id='word_1_182' title='bbox 1888 2289 2188 2353; x_wconf 88' lang='lat' dir='ltr'>movebat</span> <span class='ocrx_word' id='word_1_183' title='bbox 2221 2309 2366 2352; x_wconf 91' lang='lat' dir='ltr'>eum</span> 
     </span>
     <span class='ocr_line' id='line_1_23' title="bbox 314 2380 2367 2489; baseline 0.001 -45"><span class='ocrx_word' id='word_1_184' title='bbox 314 2381 771 2459; x_wconf 86' lang='lat' dir='ltr'>centurionem,</span> <span class='ocrx_word' id='word_1_185' title='bbox 827 2381 936 2466; x_wconf 91' lang='lat' dir='ltr'>qui</span> <span class='ocrx_word' id='word_1_186' title='bbox 968 2381 1037 2446; x_wconf 90' lang='lat' dir='ltr'>in</span> <span class='ocrx_word' id='word_1_187' title='bbox 1069 2381 1259 2447; x_wconf 89' lang='lat' dir='ltr'>Pauli</span> <span class='ocrx_word' id='word_1_188' title='bbox 1294 2403 1536 2489; x_wconf 51' lang='lat' dir='ltr'>pugna·</span> <span class='ocrx_word' id='word_1_189' title='bbox 1547 2403 1678 2446; x_wconf 92' lang='lat' dir='ltr'>non</span> <span class='ocrx_word' id='word_1_190' title='bbox 1713 2380 2029 2459; x_wconf 85' lang='lat' dir='ltr'>adfuerat,</span> <span class='ocrx_word' id='word_1_191' title='bbox 2084 2401 2228 2445; x_wconf 89' lang='lat' dir='ltr'>cum</span> <span class='ocrx_word' id='word_1_192' title='bbox 2261 2381 2367 2446; x_wconf 92' lang='lat' dir='ltr'>ille</span> 
     </span>
     <span class='ocr_line' id='line_1_24' title="bbox 314 2473 2369 2558; baseline -0 -20"><span class='ocrx_word' id='word_1_193' title='bbox 314 2495 385 2540; x_wconf 90' lang='lat' dir='ltr'>se</span> <span class='ocrx_word' id='word_1_194' title='bbox 419 2473 743 2538; x_wconf 87' lang='lat' dir='ltr'>custodiae</span> <span class='ocrx_word' id='word_1_195' title='bbox 772 2494 967 2539; x_wconf 88' lang='lat' dir='ltr'>causa</span> <span class='ocrx_word' id='word_1_196' title='bbox 992 2473 1273 2539; x_wconf 88' lang='lat' dir='ltr'>diceret</span> <span class='ocrx_word' id='word_1_197' title='bbox 1252 2497 1321 2538; x_wconf 87' lang='lat' dir='ltr'>m</span> <span class='ocrx_word' id='word_1_198' title='bbox 1348 2473 1573 2538; x_wconf 85' lang='lat' dir='ltr'>castris</span> <span class='ocrx_word' id='word_1_199' title='bbox 1601 2473 1984 2539; x_wconf 88' lang='lat' dir='ltr'>remansisse</span> <span class='ocrx_word' id='word_1_200' title='bbox 2012 2485 2369 2558; x_wconf 86' lang='lat' dir='ltr'>quaereret-</span> 
     </span>
     <span class='ocr_line' id='line_1_25' title="bbox 316 2566 2368 2652; baseline -0.001 -20"><span class='ocrx_word' id='word_1_201' title='bbox 316 2589 467 2652; x_wconf 90' lang='lat' dir='ltr'>que,</span> <span class='ocrx_word' id='word_1_202' title='bbox 504 2589 615 2631; x_wconf 87' lang='lat' dir='ltr'>cur</span> <span class='ocrx_word' id='word_1_203' title='bbox 650 2566 731 2630; x_wconf 92' lang='lat' dir='ltr'>ab</span> <span class='ocrx_word' id='word_1_204' title='bbox 767 2587 845 2630; x_wconf 90' lang='lat' dir='ltr'>eo</span> <span class='ocrx_word' id='word_1_205' title='bbox 877 2575 1221 2644; x_wconf 84' lang='lat' dir='ltr'>notaretur,</span> <span class='ocrx_word' id='word_1_206' title='bbox 1259 2571 1420 2632; x_wconf 86' lang='lat' dir='ltr'>‘non</span> <span class='ocrx_word' id='word_1_207' title='bbox 1455 2566 1627 2630; x_wconf 91' lang='lat' dir='ltr'>amo’</span> <span class='ocrx_word' id='word_1_208' title='bbox 1663 2566 1923 2648; x_wconf 88' lang='lat' dir='ltr'>inquit‘</span> <span class='ocrx_word' id='word_1_209' title='bbox 1929 2566 2194 2631; x_wconf 89' lang='lat' dir='ltr'>nimium</span> <span class='ocrx_word' id='word_1_210' title='bbox 2229 2566 2368 2629; x_wconf 89' lang='lat' dir='ltr'>dili-</span> 
     </span>
     <span class='ocr_line' id='line_1_26' title="bbox 314 2656 2484 2746; baseline 0 -22"><span class='ocrx_word' id='word_1_211' title='bbox 314 2660 565 2746; x_wconf 62' lang='lat' dir='ltr'>gentis?</span> <span class='ocrx_word' id='word_1_212' title='bbox 636 2669 891 2724; x_wconf 85' lang='lat' dir='ltr'>acutum</span> <span class='ocrx_word' id='word_1_213' title='bbox 924 2656 1115 2726; x_wconf 88' lang='lat' dir='ltr'>etiam</span> <span class='ocrx_word' id='word_1_214' title='bbox 1148 2659 1305 2724; x_wconf 89' lang='lat' dir='ltr'>illud</span> <span class='ocrx_word' id='word_1_215' title='bbox 1340 2668 1459 2737; x_wconf 89' lang='lat' dir='ltr'>est,</span> <span class='ocrx_word' id='word_1_216' title='bbox 1497 2681 1643 2723; x_wconf 88' lang='lat' dir='ltr'>cum</span> <span class='ocrx_word' id='word_1_217' title='bbox 1677 2681 1758 2723; x_wconf 88' lang='lat' dir='ltr'>ex</span> <span class='ocrx_word' id='word_1_218' title='bbox 1794 2659 2049 2725; x_wconf 89' lang='lat' dir='ltr'>alterius</span> <span class='ocrx_word' id='word_1_219' title='bbox 2085 2659 2366 2725; x_wconf 87' lang='lat' dir='ltr'>oratione</span> <span class='ocrx_word' id='word_1_220' title='bbox 2400 2692 2484 2732; x_wconf 71' lang='lat'>273</span> 
     </span>
     <span class='ocr_line' id='line_1_27' title="bbox 314 2749 2367 2839; baseline -0.001 -20"><span class='ocrx_word' id='word_1_221' title='bbox 314 2753 487 2819; x_wconf 83' lang='lat' dir='ltr'>aliud</span> <span class='ocrx_word' id='word_1_222' title='bbox 546 2753 823 2839; x_wconf 85' lang='lat' dir='ltr'>excipias</span> <span class='ocrx_word' id='word_1_223' title='bbox 886 2763 1075 2837; x_wconf 89' lang='lat' dir='ltr'>atque</span> <span class='ocrx_word' id='word_1_224' title='bbox 1126 2751 1234 2818; x_wconf 90' lang='lat' dir='ltr'>ille</span> <span class='ocrx_word' id='word_1_225' title='bbox 1296 2753 1458 2831; x_wconf 84' lang='lat' dir='ltr'>volt3</span> <span class='ocrx_word' id='word_1_226' title='bbox 1517 2764 1592 2818; x_wconf 90' lang='lat' dir='ltr'>ut</span> <span class='ocrx_word' id='word_1_227' title='bbox 1627 2749 1969 2818; x_wconf 76' lang='lat' dir='ltr'>Salinatori</span> <span class='ocrx_word' id='word_1_228' title='bbox 2019 2751 2367 2831; x_wconf 82' lang='lat' dir='ltr'>Maximus,</span> 
     </span>
     <span class='ocr_line' id='line_1_28' title="bbox 316 2845 2370 2914; baseline -0.002 0"><span class='ocrx_word' id='word_1_229' title='bbox 316 2869 462 2914; x_wconf 89' lang='lat' dir='ltr'>cum</span> <span class='ocrx_word' id='word_1_230' title='bbox 532 2847 813 2913; x_wconf 88' lang='lat' dir='ltr'>Tarento</span> <span class='ocrx_word' id='word_1_231' title='bbox 867 2847 1103 2912; x_wconf 89' lang='lat' dir='ltr'>amisso</span> <span class='ocrx_word' id='word_1_232' title='bbox 1168 2867 1378 2912; x_wconf 89' lang='lat' dir='ltr'>arcem</span> <span class='ocrx_word' id='word_1_233' title='bbox 1440 2855 1654 2911; x_wconf 89' lang='lat' dir='ltr'>tamen</span> <span class='ocrx_word' id='word_1_234' title='bbox 1705 2845 1933 2910; x_wconf 86' lang='lat' dir='ltr'>Livius</span> <span class='ocrx_word' id='word_1_235' title='bbox 2004 2845 2370 2912; x_wconf 87' lang='lat' dir='ltr'>retinuisset</span> 
     </span>
     <span class='ocr_line' id='line_1_29' title="bbox 313 2939 2370 3028; baseline -0.001 -19"><span class='ocrx_word' id='word_1_236' title='bbox 313 2943 637 3027; x_wconf 87' lang='lat' dir='ltr'>multaque</span> <span class='ocrx_word' id='word_1_237' title='bbox 680 2965 761 3008; x_wconf 88' lang='lat' dir='ltr'>ex</span> <span class='ocrx_word' id='word_1_238' title='bbox 804 2963 882 3007; x_wconf 92' lang='lat' dir='ltr'>ea</span> <span class='ocrx_word' id='word_1_239' title='bbox 923 2940 1166 3028; x_wconf 85' lang='lat' dir='ltr'>proelia</span> <span class='ocrx_word' id='word_1_240' title='bbox 1215 2941 1542 3028; x_wconf 87' lang='lat' dir='ltr'>praeclara</span> <span class='ocrx_word' id='word_1_241' title='bbox 1593 2940 1879 3018; x_wconf 88' lang='lat' dir='ltr'>fecisset,</span> <span class='ocrx_word' id='word_1_242' title='bbox 1935 2961 2078 3006; x_wconf 89' lang='lat' dir='ltr'>cum</span> <span class='ocrx_word' id='word_1_243' title='bbox 2131 2939 2370 3025; x_wconf 89' lang='lat' dir='ltr'>aliquot</span> 
     </span>
     <span class='ocr_line' id='line_1_30' title="bbox 314 3034 2368 3125; baseline -0.002 -22"><span class='ocrx_word' id='word_1_244' title='bbox 314 3047 465 3125; x_wconf 88' lang='lat' dir='ltr'>post</span> <span class='ocrx_word' id='word_1_245' title='bbox 518 3058 719 3103; x_wconf 90' lang='lat' dir='ltr'>annos</span> <span class='ocrx_word' id='word_1_246' title='bbox 750 3035 1081 3102; x_wconf 85' lang='lat' dir='ltr'>Maximus</span> <span class='ocrx_word' id='word_1_247' title='bbox 1126 3035 1195 3101; x_wconf 91' lang='lat' dir='ltr'>id</span> <span class='ocrx_word' id='word_1_248' title='bbox 1240 3035 1544 3122; x_wconf 88' lang='lat' dir='ltr'>oppidum</span> <span class='ocrx_word' id='word_1_249' title='bbox 1594 3034 1944 3122; x_wconf 88' lang='lat' dir='ltr'>recepisset</span> <span class='ocrx_word' id='word_1_250' title='bbox 1991 3044 2368 3122; x_wconf 86' lang='lat' dir='ltr'>rogaretque</span> 
     </span>
     <span class='ocr_line' id='line_1_31' title="bbox 314 3128 2370 3216; baseline -0.003 -18"><span class='ocrx_word' id='word_1_251' title='bbox 314 3154 461 3199; x_wconf 90' lang='lat' dir='ltr'>eum</span> <span class='ocrx_word' id='word_1_252' title='bbox 516 3129 862 3209; x_wconf 82' lang='lat' dir='ltr'>Salinator,</span> <span class='ocrx_word' id='word_1_253' title='bbox 915 3139 988 3194; x_wconf 88' lang='lat' dir='ltr'>ut</span> <span class='ocrx_word' id='word_1_254' title='bbox 1037 3129 1430 3196; x_wconf 86' lang='lat' dir='ltr'>meminisset</span> <span class='ocrx_word' id='word_1_255' title='bbox 1483 3151 1676 3216; x_wconf 90' lang='lat' dir='ltr'>opera</span> <span class='ocrx_word' id='word_1_256' title='bbox 1731 3151 1847 3195; x_wconf 89' lang='lat' dir='ltr'>sua</span> <span class='ocrx_word' id='word_1_257' title='bbox 1900 3151 1970 3195; x_wconf 84' lang='lat' dir='ltr'>se</span> <span class='ocrx_word' id='word_1_258' title='bbox 2022 3128 2370 3194; x_wconf 89' lang='lat' dir='ltr'>Tarentum</span> 
     </span>
     <span class='ocr_line' id='line_1_32' title="bbox 313 3221 2371 3310; baseline -0.003 -19"><span class='ocrx_word' id='word_1_259' title='bbox 313 3225 662 3310; x_wconf 88' lang='lat' dir='ltr'>recepisse,</span> <span class='ocrx_word' id='word_1_260' title='bbox 718 3223 993 3308; x_wconf 85' lang='lat' dir='ltr'>‘quidni’</span> <span class='ocrx_word' id='word_1_261' title='bbox 1044 3223 1250 3310; x_wconf 90' lang='lat' dir='ltr'>inquit</span> <span class='ocrx_word' id='word_1_262' title='bbox 1302 3223 1762 3289; x_wconf 77' lang='lat' dir='ltr'>‘meminerim?</span> <span class='ocrx_word' id='word_1_263' title='bbox 1821 3243 2168 3307; x_wconf 89' lang='lat' dir='ltr'>numquam</span> <span class='ocrx_word' id='word_1_264' title='bbox 2203 3221 2371 3288; x_wconf 92' lang='lat' dir='ltr'>enim</span> 
     </span>
     <span class='ocr_line' id='line_1_33' title="bbox 313 3317 2486 3406; baseline -0.001 -23"><span class='ocrx_word' id='word_1_265' title='bbox 313 3317 727 3405; x_wconf 86' lang='lat' dir='ltr'>recepissem,</span> <span class='ocrx_word' id='word_1_266' title='bbox 778 3318 904 3384; x_wconf 89' lang='lat' dir='ltr'>nisi</span> <span class='ocrx_word' id='word_1_267' title='bbox 954 3329 1026 3384; x_wconf 81' lang='lat' dir='ltr'>tu</span> <span class='ocrx_word' id='word_1_268' title='bbox 1074 3317 1514 3406; x_wconf 88' lang='lat' dir='ltr'>perdidisses.’</span> <span class='ocrx_word' id='word_1_269' title='bbox 1621 3326 1771 3384; x_wconf 78' lang='lat' dir='ltr'>sunt</span> <span class='ocrx_word' id='word_1_270' title='bbox 1821 3317 2012 3384; x_wconf 89' lang='lat' dir='ltr'>etiam</span> <span class='ocrx_word' id='word_1_271' title='bbox 2059 3317 2172 3382; x_wconf 85' lang='lat' dir='ltr'>illa</span> <span class='ocrx_word' id='word_1_272' title='bbox 2223 3317 2372 3382; x_wconf 90' lang='lat' dir='ltr'>sub-</span> <span class='ocrx_word' id='word_1_273' title='bbox 2407 3347 2486 3387; x_wconf 67' lang='lat'>274</span> 
     </span>
     <span class='ocr_line' id='line_1_34' title="bbox 318 3409 2372 3500; baseline 0.001 -26"><span class='ocrx_word' id='word_1_274' title='bbox 318 3409 621 3488; x_wconf 86' lang='lat' dir='ltr'>absurda,</span> <span class='ocrx_word' id='word_1_275' title='bbox 677 3411 792 3476; x_wconf 88' lang='lat' dir='ltr'>sed</span> <span class='ocrx_word' id='word_1_276' title='bbox 826 3434 903 3478; x_wconf 92' lang='lat' dir='ltr'>eo</span> <span class='ocrx_word' id='word_1_277' title='bbox 937 3412 1079 3499; x_wconf 87' lang='lat' dir='ltr'>ipso</span> <span class='ocrx_word' id='word_1_278' title='bbox 1122 3413 1377 3480; x_wconf 91' lang='lat' dir='ltr'>nomine</span> <span class='ocrx_word' id='word_1_279' title='bbox 1423 3435 1614 3500; x_wconf 86' lang='lat' dir='ltr'>saepe</span> <span class='ocrx_word' id='word_1_280' title='bbox 1655 3411 1947 3491; x_wconf 88' lang='lat' dir='ltr'>ridicula,</span> <span class='ocrx_word' id='word_1_281' title='bbox 1998 3435 2129 3478; x_wconf 91' lang='lat' dir='ltr'>non</span> <span class='ocrx_word' id='word_1_282' title='bbox 2166 3411 2372 3477; x_wconf 90' lang='lat' dir='ltr'>solum</span> 
     </span>
     <span class='ocr_line' id='line_1_35' title="bbox 316 3503 2129 3592; baseline 0.002 -24"><span class='ocrx_word' id='word_1_283' title='bbox 316 3503 526 3569; x_wconf 88' lang='lat' dir='ltr'>mimis</span> <span class='ocrx_word' id='word_1_284' title='bbox 560 3505 995 3591; x_wconf 87' lang='lat' dir='ltr'>perapposita,</span> <span class='ocrx_word' id='word_1_285' title='bbox 1034 3507 1150 3572; x_wconf 89' lang='lat' dir='ltr'>sed</span> <span class='ocrx_word' id='word_1_286' title='bbox 1184 3508 1375 3573; x_wconf 88' lang='lat' dir='ltr'>etiam</span> <span class='ocrx_word' id='word_1_287' title='bbox 1410 3508 1686 3592; x_wconf 88' lang='lat' dir='ltr'>quodam</span> <span class='ocrx_word' id='word_1_288' title='bbox 1719 3507 1910 3572; x_wconf 89' lang='lat' dir='ltr'>modo</span> <span class='ocrx_word' id='word_1_289' title='bbox 1945 3505 2129 3573; x_wconf 89' lang='lat' dir='ltr'>nobis</span> 
     </span>
     <span class='ocr_line' id='line_1_36' title="bbox 1481 3600 1942 3679; baseline 0.002 -15"><span class='ocrx_word' id='word_1_290' title='bbox 1481 3600 1672 3666; x_wconf 90' lang='lat' dir='ltr'>homo</span> <span class='ocrx_word' id='word_1_291' title='bbox 1707 3600 1942 3679; x_wconf 86' lang='lat' dir='ltr'>fatuus,</span> 
     </span>
    </p>

    <p class='ocr_par' dir='ltr' id='par_1_3' title="bbox 322 3693 1966 3852">
     <span class='ocr_line' id='line_1_37' title="bbox 402 3693 1966 3782; baseline 0.001 -23"><span class='ocrx_word' id='word_1_292' title='bbox 402 3703 743 3780; x_wconf 89' lang='lat' dir='ltr'>postquam</span> <span class='ocrx_word' id='word_1_293' title='bbox 774 3715 912 3758; x_wconf 89' lang='lat' dir='ltr'>rem</span> <span class='ocrx_word' id='word_1_294' title='bbox 946 3693 1181 3760; x_wconf 91' lang='lat' dir='ltr'>habere</span> <span class='ocrx_word' id='word_1_295' title='bbox 1217 3694 1454 3782; x_wconf 89' lang='lat' dir='ltr'>coepit,</span> <span class='ocrx_word' id='word_1_296' title='bbox 1491 3704 1591 3760; x_wconf 87' lang='lat' dir='ltr'>est</span> <span class='ocrx_word' id='word_1_297' title='bbox 1624 3707 1966 3761; x_wconf 87' lang='lat' dir='ltr'>emortuus.</span> 
     </span>
     <span class='ocr_line' id='line_1_38' title="bbox 322 3797 388 3852; baseline 0 0"><span class='ocrx_word' id='word_1_298' title='bbox 322 3797 388 3852; x_wconf 90' lang='lat' dir='ltr'>et</span> 
     </span>
    </p>

    <p class='ocr_par' dir='ltr' id='par_1_4' title="bbox 322 3881 2337 4042">
     <span class='ocr_line' id='line_1_39' title="bbox 406 3881 2337 3968; baseline -0.001 -20"><span class='ocrx_word' id='word_1_299' title='bbox 406 3883 557 3968; x_wconf 87' lang='lat' dir='ltr'>quid</span> <span class='ocrx_word' id='word_1_300' title='bbox 592 3892 690 3950; x_wconf 80' lang='lat' dir='ltr'>est</span> <span class='ocrx_word' id='word_1_301' title='bbox 725 3882 841 3949; x_wconf 89' lang='lat' dir='ltr'>tibi</span> <span class='ocrx_word' id='word_1_302' title='bbox 873 3882 999 3950; x_wconf 87' lang='lat' dir='ltr'>ista</span> <span class='ocrx_word' id='word_1_303' title='bbox 1030 3882 1292 3950; x_wconf 83' lang='lat' dir='ltr'>mulier?</span> <span class='ocrx_word' id='word_1_304' title='bbox 1324 3906 1506 3950; x_wconf 88' lang='lat' dir='ltr'>uxor.</span> <span class='ocrx_word' id='word_1_305' title='bbox 1555 3882 1774 3950; x_wconf 88' lang='lat' dir='ltr'>similis</span> <span class='ocrx_word' id='word_1_306' title='bbox 1811 3905 1912 3949; x_wconf 91' lang='lat' dir='ltr'>me</span> <span class='ocrx_word' id='word_1_307' title='bbox 1949 3883 2089 3949; x_wconf 88' lang='lat' dir='ltr'>dius</span> <span class='ocrx_word' id='word_1_308' title='bbox 2125 3881 2337 3948; x_wconf 85' lang='lat' dir='ltr'>fidius.</span> 
     </span>
     <span class='ocr_line' id='line_1_40' title="bbox 322 3985 388 4042; baseline -0.045 0"><span class='ocrx_word' id='word_1_309' title='bbox 322 3985 388 4042; x_wconf 74' lang='lat' dir='ltr'>et</span> 
     </span>
    </p>

    <p class='ocr_par' dir='ltr' id='par_1_5' title="bbox 407 4071 2128 4160">
     <span class='ocr_line' id='line_1_41' title="bbox 407 4071 2128 4160; baseline 0.002 -25"><span class='ocrx_word' id='word_1_310' title='bbox 407 4071 707 4154; x_wconf 88' lang='lat' dir='ltr'>quamdiu</span> <span class='ocrx_word' id='word_1_311' title='bbox 742 4073 824 4137; x_wconf 88' lang='lat' dir='ltr'>ad</span> <span class='ocrx_word' id='word_1_312' title='bbox 860 4095 1055 4160; x_wconf 89' lang='lat' dir='ltr'>aquas</span> <span class='ocrx_word' id='word_1_313' title='bbox 1092 4072 1238 4153; x_wconf 84' lang='lat' dir='ltr'>fuit,</span> <span class='ocrx_word' id='word_1_314' title='bbox 1273 4095 1621 4157; x_wconf 89' lang='lat' dir='ltr'>numquam</span> <span class='ocrx_word' id='word_1_315' title='bbox 1656 4084 1755 4138; x_wconf 92' lang='lat' dir='ltr'>est</span> <span class='ocrx_word' id='word_1_316' title='bbox 1789 4082 2128 4140; x_wconf 87' lang='lat' dir='ltr'>emortuus.</span> 
     </span>
    </p>
   </div>
  </div>
 </body>
</html>
