2784 4575
487 283 570 347 18
1106 294 1184 350 Μ.
1219 294 1488 350 TULLII
1524 293 1926 353 CICERONIS

483 415 726 482 nibus
706 440 774 481 m
817 416 1229 506 disputando3
1285 416 1402 483 sed
1438 439 1585 483 cum
1624 418 1899 484 maxime
1936 426 2148 483 tamen
2180 418 2307 485 hoc
2345 418 2546 506 signi-

483 509 744 588 ficabat,
799 532 940 588 eos,
1001 511 1111 594 qui
1159 510 1449 577 rhetores
1499 511 1973 577 nominarentur
2015 522 2081 577 et
2128 511 2240 596 qui
2291 512 2548 578 dicendi

481 614 823 691 praecepta
849 605 1185 683 traderent,
1220 604 1376 670 1111111
1404 603 1594 692 plane
1623 616 1837 670 tenere
1863 627 2069 690 neque
2100 628 2296 692 posse
2324 628 2554 691 quem-

483 719 675 782 quam
709 697 1080 763 facultatem
1113 698 1382 784 adsequi
1417 698 1686 777 dicendi,
1722 698 1849 764 nisi
1882 700 1990 784 qui
2018 699 2550 787 philosophorum

381 792 449 844 19
483 792 744 858 inventa
794 793 1136 860 didicisset.
1245 793 1654 881 disputabant
1704 806 1925 860 contra
1984 794 2203 861 diserti
2250 795 2550 861 homines

391 2039 445 2079 86

389 2692 440 2733 87

384 4008 440 4050 88

388 863 977 976 85[Α1116111611666]
1017 899 1082 955 61
1114 888 1182 954 111
1214 911 1286 954 re
1319 888 1579 976 publica
1614 888 1949 974 causisque
1984 890 2251 969 versati,
2293 891 2363 956 in
2398 894 2553 975 quis

486 992 621 1046 erat
653 979 848 1048 etiam
877 981 954 1061 is,
992 982 1102 1067 qui
1135 1005 1337 1068 nuper
1369 983 1617 1049 Romae
1651 983 1791 1062 fuit,
1827 983 2267 1062 Menedemus,
2300 984 2547 1071 hospes

484 1097 695 1153 meus3
749 1075 859 1159 qui
893 1097 1040 1141 cum
1083 1075 1320 1141 diceret
1355 1099 1500 1142 esse
1545 1078 1866 1161 quandam
1897 1077 2324 1165 prudentiam,
2376 1099 2551 1162 quae

485 1179 846 1236 versaretur
878 1168 946 1234 in
978 1168 1435 1256 perspiciendis
1470 1170 1821 1237 rationibus
1867 1171 2449 1237 constituendarum
2482 1183 2547 1237 et

485 1262 908 1348 regendarum
949 1285 1163 1328 rerum
1206 1262 1631 1348 publicarum,
1678 1263 2071 1329 excitabatur
2104 1265 2297 1330 homo
2330 1286 2552 1351 prom-

485 1365 634 1440 ptus
671 1367 857 1441 atque
909 1356 1253 1422 abundanti
1306 1356 1595 1428 doctrina
1627 1367 1693 1422 et
1724 1358 2001 1441 quadam
2045 1357 2400 1422 incredibili
2431 1379 2552 1421 va-

484 1448 708 1513 rietate
742 1472 954 1515 rerum
989 1461 1176 1534 atque
1212 1450 1424 1537 copia:
1460 1450 1665 1516 omnis
1702 1451 1872 1516 enim
1904 1451 2103 1538 partis
2136 1450 2307 1516 illius
2342 1451 2548 1539 ipsius

483 1542 858 1629 prudentiae
907 1545 1217 1630 petendas
1271 1566 1416 1610 esse
1472 1568 1513 1610 a
1560 1544 1967 1631 philosophia
2018 1545 2290 1611 docebat
2338 1567 2553 1629 neque

486 1659 589 1715 ea,
642 1659 806 1721 quae
851 1649 1274 1705 statuerentur
1307 1639 1375 1703 in
1408 1661 1479 1704 re
1513 1639 1771 1725 publica
1805 1640 1887 1704 de
1922 1639 2021 1704 dis
2061 1639 2547 1717 immortalibuS,

486 1731 567 1795 de
603 1731 936 1818 disciplina
967 1733 1334 1811 iuventutis,
1371 1734 1452 1798 de
1486 1732 1746 1811 iustitia,
1784 1733 1864 1799 de
1897 1733 2229 1820 patientia,
2265 1733 2348 1800 de
2384 1745 2554 1798 tem-

483 1825 799 1910 perantia,
855 1827 935 1892 de
969 1828 1159 1893 modo
1192 1850 1407 1892 rerum
1450 1827 1761 1905 omnium,
1814 1839 2177 1912 ceteraque,
2232 1826 2369 1894 sine
2405 1827 2549 1912 qui-

484 1919 607 1984 bus
653 1918 940 1985 civitates
994 1932 1104 1985 aut
1145 1943 1292 1986 esse
1335 1930 1447 1985 aut
1488 1922 1654 1987 bene
1704 1932 1985 1987 moratae
2037 1943 2181 1987 esse
2222 1944 2352 1987 non
2391 1943 2551 2007 pos-—

487 2024 656 2092 sent,
710 2035 982 2097 usquam
1023 2014 1090 2078 in
1135 2037 1354 2080 eorum
1393 2015 1665 2080 inveniri
1705 2015 1965 2095 libellis3
2028 2015 2258 2101 quodsi
2301 2025 2545 2080 tantam

487 2106 619 2171 vim
665 2129 879 2172 rerum
929 2108 1351 2173 maximarum
1405 2121 1538 2176 arte
1592 2133 1712 2175 sua
1756 2110 2054 2177 rhetorici
2104 2110 2197 2174 illi
2249 2110 2544 2176 doctores

485 2199 1076 2287 complecterentur,
1122 2204 1495 2287 quaerebat,
1543 2226 1655 2269 cur
1698 2205 1778 2270 de
1819 2204 2158 2294 prooemiis
2195 2215 2261 2269 et
2294 2205 2374 2270 de
2410 2203 2550 2291 epi-

484 2292 651 2381 logis
688 2306 753 2359 et
787 2296 866 2361 de
911 2296 1098 2363 huius
1143 2298 1317 2363 modi
1359 2300 1550 2386 nugis
1582 2335 1673 2348 —
1708 2300 1802 2365 sic
1849 2299 2017 2365 enim
2061 2299 2423 2385 appellabat
2452 2335 2544 2347 —

483 2387 702 2453 referti
736 2378 952 2456 essent
984 2414 1205 2457 eorum
1237 2392 1413 2471 libri,
1468 2394 1551 2458 (16
1588 2393 1945 2460 civitatibus
1980 2394 2414 2472 instituendis,
2461 2392 2547 2458 de

488 2480 837 2549 scribendis
871 2484 1150 2572 legibus,
1199 2488 1279 2552 de
1316 2488 1664 2572 aequitate,
1719 2489 1799 2553 de
1833 2488 2100 2567 iustitia,
2146 2489 2226 2554 de
2259 2487 2413 2567 fide,
2460 2488 2547 2553 de

485 2575 856 2664 frangendis
894 2579 1375 2666 cupiditatibus,
1422 2582 1503 2647 de
1539 2582 2009 2648 conformandis
2044 2581 2372 2648 hominum
2404 2605 2547 2648 mo-

483 2669 660 2736 ribus
694 2670 905 2738 littera
938 2674 1113 2739 nulla
1143 2674 1212 2740 in
1249 2697 1472 2740 eorum
1504 2675 1685 2740 libris
1718 2674 2125 2741 inveniretur.
2210 2675 2355 2763 ipsa
2387 2698 2547 2741 vero

481 2775 822 2853 praecepta
858 2766 951 2832 sic
990 2767 1277 2834 inludere
1330 2770 1605 2847 solebat,
1656 2779 1731 2833 ut
1772 2770 2135 2835 ostenderet
2173 2792 2305 2835 non
2346 2770 2549 2835 modo

484 2878 594 2922 eos
632 2860 909 2945 expertis
945 2883 1087 2927 esse
1122 2862 1290 2928 illius
1326 2862 1720 2949 prudentiae,
1758 2885 1950 2948 quam
1987 2863 2110 2929 sibi
2136 2864 2543 2941 asciscerent,

485 2950 601 3014 sed
651 2974 733 3017 ne
785 2953 950 3020 hanc
1000 2956 1259 3038 quidem
1307 2956 1518 3041 ipsam
1569 2956 1823 3022 dicendi
1881 2956 2190 3023 rationem
2242 2978 2318 3022 ac
2369 2956 2545 3023 viam

483 3064 703 3111 110666.
756 3057 948 3134 caput
981 3048 1151 3113 enim
1194 3050 1616 3115 arbitrabatur
1661 3073 1805 3116 6666
1850 3051 2145 3129 oratoris,
2196 3062 2266 3116 ut
2300 3061 2364 3115 61
2394 3050 2545 3136 ipse

485 3134 608 3212 616,
662 3140 833 3224 apud
883 3163 1042 3223 quos
1097 3153 1342 3229 ageret,
1406 3143 1580 3221 talis,
1643 3144 1896 3227 qualem
1950 3167 2019 3210 se
2074 3166 2215 3210 esse
2267 3152 2542 3228 optaret,

483 3228 826 3310 videretur3
877 3233 944 3298 id
985 3234 1123 3299 fieri
1174 3236 1342 3300 vitae
1394 3237 1730 3323 dignitate,
1767 3239 1848 3302 de
1884 3260 2011 3322 qua
2052 3238 2209 3302 nihil
2240 3236 2544 3301 rhetorici

481 3322 589 3388 isti
623 3324 968 3391 doctores
948 3351 1016 3392 111
1047 3329 1404 3416 praeceptis
1453 3330 1584 3395 suis
1619 3332 2053 3416 reliquissent,
2108 3345 2174 3397 et
2207 3330 2301 3397 1111
2335 3329 2394 3395 61
2428 3332 2541 3415 qui

482 3417 800 3497 audirent,
839 3420 930 3486 sic
965 3422 1382 3490 adficerentur
1418 3425 1664 3504 animis,
1700 3437 1771 3491 ut
1804 3448 1915 3491 eos
1954 3425 2139 3490 adfici
2172 3425 2365 3491 vellet
2397 3447 2546 3492 ora-

483 3525 608 3592 tor3
663 3516 833 3599 quod
864 3516 1019 3583 item
1052 3518 1189 3584 fieri
1222 3519 1398 3585 nullo
1434 3521 1624 3586 modo
1658 3542 1880 3608 posse,
1924 3519 2049 3585 nisi
2082 3529 2427 3607 cognosset
2456 3518 2544 3599 16,

479 3607 592 3690 qui
644 3607 905 3689 diceret,
959 3622 1114 3696 quot
1163 3614 1372 3679 modis
1426 3613 1753 3680 hominum
1797 3624 2044 3678 mentes
2090 3623 2154 3677 et
2198 3614 2426 3697 quibus
2470 3623 2543 3679 et

481 3723 609 3785 quo
661 3727 896 3790 genere
957 3707 1257 3773 orationis
1309 3707 1377 3771 in
1433 3729 1748 3792 quamque
1799 3717 2044 3794 partem
2104 3717 2541 3785 moverentur-3

479 3795 640 3861 haec
693 3809 907 3862 autem
959 3821 1103 3864 esse
1154 3801 1411 3888 penitus
1464 3802 1532 3865 in
1581 3799 1794 3866 media
1842 3800 2248 3888 philosophia
2286 3811 2545 3866 retrusa

481 3900 669 3971 atque
723 3891 964 3969 abdita,
1017 3914 1181 3976 quae
1230 3894 1338 3960 isti
1386 3894 1673 3961 rhetores
1716 3917 1798 3959 ne
1847 3893 2229 3981 primoribus
2280 3892 2544 3977 quidem

481 3983 676 4048 labris
713 3985 1092 4070 attigissent.
1179 4009 1258 4051 ea
1287 3988 1713 4055 Menedemus
1758 3988 2065 4075 exemplis
2098 3987 2306 4074 magis
2341 4008 2544 4071 quam

482 4078 870 4159 argumentis
923 4079 1269 4145 conabatur
1317 4081 1638 4160 refellere,
1699 4082 2063 4148 memoriter
2114 4081 2283 4147 enim
2334 4079 2544 4147 multa
