2784 4575
511 257 644 322 208
1125 267 1206 322 M.
1245 265 1521 324 TULLII
1556 263 1961 322 CICERONIS

419 422 474 464 ω
515 395 637 460 bus
675 392 808 458 suis
843 389 1254 478 mitigaverit3
1290 411 1634 476 possumus
1669 388 1959 475 Appium
1984 385 2327 454 Claudium
2362 389 2557 476 suspi-

515 487 646 554 cari
672 486 996 562 disertum,
1033 483 1182 568 quia
1215 493 1510 549 senatum
1541 482 1800 548 iamiam
1828 482 2239 548 inclinantem
2272 505 2312 547 a
2335 483 2559 568 Pyrrhi

512 603 672 668 pace
721 578 1143 656 revocaverit3
1179 600 1543 686 ’possumus
1591 575 1670 643 C.
1712 575 2105 654 Fabricium,
2160 577 2310 660 quia
2353 578 2437 642 sit
2486 579 2562 642 ad

509 673 832 761 Pyrrhum
889 673 970 738 de
1031 671 1298 759 captivis
1356 670 1807 757 recuperandis
1868 670 2103 736 missus
2164 681 2403 750 orator3
2464 671 2559 736 Ti.

515 765 1014 844 Coruncanium,
1075 765 1247 849 quod
1297 788 1382 830 ex
1430 765 1801 852 pontificum
1852 765 2318 830 commentariis
2380 765 2562 852 longe

511 862 853 950 plurimum
901 860 1159 946 ingenio
1205 859 1485 924 valuisse
1519 859 1805 925 videatur
1812 884 1833 937 3
1882 859 2001 924 M?
2050 857 2348 938 Curium,
2402 861 2564 944 quod

511 957 570 1022 is
606 955 893 1020 tribunus
927 953 1134 1041 plebis
1177 952 1495 1038 interrege
1530 953 1749 1039 Appio
1786 951 1999 1019 Caeco
2044 953 2283 1019 diserto
2316 953 2563 1019 homine

515 1049 772 1116 comitia
821 1059 1042 1113 contra
1091 1047 1272 1133 leges
1323 1046 1631 1125 habente,
1684 1068 1831 1111 cum
1882 1047 1963 1112 de
2004 1047 2193 1134 plebe
2246 1048 2564 1114 consulem

513 1167 645 1211 non
679 1142 1055 1230 accipiebat,
1107 1153 1321 1228 patres
1357 1153 1505 1206 ante
1542 1152 1831 1208 auctores
1864 1141 2005 1206 fieri
2034 1139 2349 1228 coegerit,
2405 1142 2566 1226 quod

417 1267 472 1306 ⁵⁶
517 1238 640 1302 fuit
669 1258 1090 1324 permagnum
1121 1235 1409 1301 nondum
1447 1234 1593 1321 lege
1626 1234 1909 1300 Maenia*
1928 1234 2087 1314 lata3
2138 1235 2292 1300 licet
2334 1235 2567 1319 aliquid

513 1332 705 1398 etiam
748 1331 830 1395 de
871 1331 970 1395 M.
1017 1329 1252 1417 Popilii
1300 1329 1559 1416 ingenio
1613 1329 1949 1416 suspicari,
2002 1328 2115 1413 qui
2156 1349 2306 1394 cum
2348 1329 2566 1396 consul

513 1434 687 1490 esset
720 1423 1070 1508 eodemque
1105 1435 1390 1510 tempore
1434 1422 1810 1488 sacrificium
1850 1422 2175 1508 publicum
2206 1445 2359 1488 cum
2390 1424 2567 1490 laena

513 1519 781 1596 faceret,
833 1517 1005 1601 quod
1047 1528 1183 1582 erat
1224 1517 1460 1582 flamen
1495 1515 1946 1594 Carmentalis,
1988 1515 2163 1604 plebi
2204 1528 2429 1583 contra
2458 1541 2567 1605 pa·

515 1623 646 1677 tres
699 1610 1118 1678 concitatione
1171 1620 1238 1676 et
1289 1610 1602 1677 seditione
1652 1611 1965 1688 nuntiata,
2026 1620 2101 1676 ut
2156 1622 2297 1676 erat
2360 1609 2567 1698 [laena

514 1704 834 1795 amictus],
869 1705 960 1772 ita
982 1704 1157 1771 venit
1180 1705 1250 1770 in
1274 1706 1632 1772 contionem
1656 1704 2154 1789 seditionemque
2180 1727 2328 1770 cum
2356 1716 2566 1772 aucto-

511 1799 697 1866 ritate
725 1812 860 1865 tum
884 1799 1168 1866 oratione
1203 1799 1470 1865 sedavit.
1532 1799 1647 1864 sed
1682 1821 1793 1865 eos
1819 1810 2101 1864 oratores
2136 1797 2391 1866 habitos
2426 1823 2565 1866 esse

514 1904 624 1959 aut
658 1893 913 1961 omnino
947 1904 1085 1957 tum
1116 1892 1320 1957 ullum
1352 1891 1749 1977 eloquentiae
1781 1892 2131 1980 praemium
2176 1892 2378 1960 fuisse
2410 1893 2567 1958 nihil
2728 1961 2730 1974 Α

514 2009 668 2052 sane
711 1987 867 2051 mihi
906 1986 1143 2071 legisse
1183 1986 1435 2051 videor:
1488 1986 1922 2053 tantummodo
1964 1987 2327 2052 coniectura
2372 1987 2565 2056 ducor
2728 2013 2730 2098 1

415 2105 468 2145 5⁵1
513 2080 596 2144 ad
631 2079 1102 2166 suspicandum.
1189 2077 1417 2144 dicitur
1451 2080 1643 2146 etiam
1678 2079 1758 2147 C.
1790 2079 2171 2160 Flaminius,
2220 2080 2281 2148 is
2314 2081 2425 2166 qui
2458 2081 2565 2146 tri-
2728 2103 2730 2124 ι

509 2173 719 2238 bunus
769 2172 976 2259 plebis
1025 2172 1240 2259 legem
1289 2172 1370 2238 de
1424 2195 1579 2260 agro
1624 2172 1874 2240 Gallico
1927 2185 1993 2240 et
2037 2174 2279 2242 Piceno
2330 2175 2564 2240 viritim
2728 2127 2731 2246 l

512 2263 858 2333 dividundo
912 2265 1081 2345 tulit,
1136 2265 1245 2351 qui
1287 2267 1512 2334 consul
1554 2269 1725 2356 apud
1758 2268 2207 2336 Trasimenum
2240 2280 2340 2337 est
2370 2269 2565 2337 inter-

511 2359 745 2439 fectus,
783 2359 868 2425 ad
898 2360 1204 2448 populum
1237 2360 1516 2428 valuisse
1552 2362 1818 2430 dicendo
1829 2389 1850 2442 ;
1894 2362 1976 2445 Q.
2012 2364 2205 2429 etiam
2234 2364 2563 2430 Maximus

509 2454 912 2521 Verrucosus
975 2465 1186 2521 orator
1246 2455 1500 2522 habitus
1562 2466 1663 2522 est
1722 2456 2109 2543 temporibus
2168 2457 2295 2523 illis
2356 2469 2425 2525 et
2480 2457 2565 2539 Q.

511 2547 843 2628 Metellus,
895 2548 952 2615 is
1005 2549 1114 2633 qui
1155 2550 1324 2616 bello
1356 2550 1603 2617 Punico
1657 2551 1937 2616 secundo
1980 2572 2127 2617 cum
2167 2551 2255 2617 L.
2296 2552 2565 2621 Veturio

410 2656 479 2710 15
511 2640 784 2707 Philone
837 2642 1060 2708 consul
1111 2642 1260 2721 fuit3
1314 2666 1507 2728 quem
1559 2666 1711 2709 vero
1762 2654 1971 2710 exstet
2024 2640 2119 2731 [et
2170 2645 2252 2711 de
2304 2667 2435 2729 quo
2486 2646 2567 2711 sit

511 2736 850 2802 memoriae
890 2736 1238 2824 proditum]
1287 2737 1688 2821 eloquentem
1731 2736 1931 2803 fuisse
1976 2748 2042 2805 et
2072 2738 2165 2803 ita
2196 2760 2343 2805 esse
2384 2738 2567 2807 habi-

511 2841 673 2907 tum,
717 2829 962 2916 primus
998 2842 1096 2897 est
1131 2830 1229 2895 M.
1267 2828 1605 2897 Cornelius
1646 2828 2005 2919 Cethegus,
2048 2833 2227 2899 cuius
2266 2832 2567 2917 eloquen-

511 2922 637 2987 tiae
695 2934 796 2989 est
854 2936 1074 2989 auctor
1131 2935 1197 2989 et
1253 2924 1520 2991 idoneus
1583 2925 1839 3010 quidem
1897 2948 2043 2991 mea
2103 2926 2421 2993 sententia
2480 2926 2563 3009 Q.

507 3015 790 3095 Ennius,
831 3017 1206 3105 praesertim
1241 3040 1387 3083 cum
1420 3029 1487 3084 et
1518 3019 1659 3106 ipse
1692 3040 1841 3084 eum
1882 3018 2197 3085 audiverit
2230 3029 2297 3087 et
2329 3020 2567 3087 scribat

509 3109 591 3175 de
639 3120 921 3188 mortu03
984 3134 1067 3175 ex
1117 3133 1243 3195 quo
1295 3112 1473 3177 nulla
1524 3111 1787 3199 suspitio
1852 3123 1954 3178 est
2006 3114 2317 3180 amicitiae
2366 3135 2567 3179 causa

412 3230 468 3271 58
509 3224 654 3269 esse
696 3203 1084 3270 ementitum.
1172 3215 1273 3271 est
1311 3205 1506 3291 igitur
1550 3205 1643 3271 sic
1683 3206 1857 3293 apud
1904 3206 2083 3273 illum
2130 3207 2199 3273 in
2240 3230 2437 3285 ncnc,
2490 3216 2565 3271 ut

510 3296 761 3385 opinor,
797 3297 1038 3363 annali:

679 3391 931 3456 additur
965 3402 1176 3457 orator
1212 3389 1536 3457 Corneliu’
1574 3391 2038 3477 suaviloquenti

680 3507 789 3550 ore
826 3482 1154 3572 Cethegus
1185 3485 1439 3551 Marcu’
1477 3485 1799 3552 Tuditano
1833 3486 2099 3574 conlega

677 3578 890 3643 Marci
920 3577 1088 3644 filius
1126 3627 1300 3645 .....

509 3680 575 3736 et
624 3680 938 3737 oratorem
997 3672 1277 3760 appellat
1335 3684 1404 3737 et
1463 3672 2031 3758 suaviloquentiam
2090 3673 2333 3751 tribuit,
2397 3694 2563 3757 quae

507 3786 678 3830 nunc
714 3764 968 3848 quidem
999 3789 1130 3831 non
1164 3776 1295 3830 tam
1331 3775 1432 3831 est
1462 3765 1531 3831 in
1563 3767 1882 3853 plerisque
1889 3793 1910 3846 3
1954 3767 2187 3832 latrant
2230 3767 2400 3833 enim
2432 3766 2563 3830 iam

509 3856 768 3963 quidam
817 3868 1125 3936 oratores,
1177 3882 1308 3924 non
1357 3857 1719 3945 loquuntur.
1808 3862 1925 3928 sed
1966 3871 2067 3927 est
2108 3883 2187 3927 ea
2234 3859 2377 3926 laus
2430 3858 2565 3925 elo-

507 3961 800 4028 quentiae
835 3961 1004 4015 certe
1039 3952 1333 4031 maxima,
