2784 4575
467 254 553 323 28
965 263 1389 322 CORNIFICII
1426 264 2052 323 RHETORICORUM

470 392 736 461 vitatum
769 389 1100 455 commode
1134 388 1597 474 reprehendere
1632 388 1933 477 docebit.]
2006 389 2305 475 quoniam
2339 391 2561 479 igitui-

471 485 864 553 ostendimus
925 482 1277 569 perfectam
1337 494 1404 548 et
1460 482 1717 569 plenam
1776 483 2389 571 argumentationem
2454 508 2557 551 ex

471 580 748 663 quinque
799 576 1086 687 partibus
1141 586 1461 655 constare,
1515 576 1583 641 in
1632 600 1762 641 una
1806 598 2053 662 quaque
2106 586 2287 665 parte
2340 603 2557 666 argu-

469 671 875 739 mentationis
913 692 1076 755 quae
1111 670 1267 735 vitia
1309 671 1571 736 vitanda
1612 671 1766 749 sint,
1814 672 2315 750 consideremus,
2358 684 2437 737 ut
2474 684 2556 739 et

469 767 594 854 ipsi
630 767 711 833 ab
755 765 855 832 his
910 763 1078 829 vitiis
1121 764 1421 831 recedere
1462 775 1531 830 et
1572 765 2078 831 adversariorum
2130 776 2553 852 argumenta-

471 865 678 931 tiones
715 852 838 927 hac
869 859 1316 947 praeceptione
1349 860 1418 925 in
1462 860 1755 926 omnibus
1790 860 2077 947 partibus
2123 870 2433 946 temptare
2472 873 2552 927 et

474 958 555 1023 ab
591 958 805 1041 aliqua
836 964 1016 1041 parte
1052 954 1437 1019 labefactare
1470 954 1813 1041 possimus.

380 1078 432 1119 ss
591 1048 928 1137 Expositio
981 1048 1213 1113 vitiosa
1260 1059 1390 1127 est,
1444 1070 1593 1112 cum
1644 1048 1725 1113 ab
1780 1046 1991 1139 aliqua
2042 1058 2152 1112 aut
2203 1070 2245 1112 a
2290 1048 2546 1113 maiore

473 1156 652 1234 parte
707 1144 791 1209 ad
839 1142 1045 1209 omnis
1099 1142 1420 1208 confertur
1468 1142 1567 1220 id,
1622 1142 1794 1227 quod
1842 1164 1974 1205 non
2023 1142 2385 1207 necessario
2430 1154 2546 1208 est

476 1238 770 1305 omnibus
799 1236 1198 1313 attributum3
1226 1245 1302 1299 ut
1323 1236 1380 1299 si
1404 1234 1548 1318 quis
1577 1235 1698 1300 hoc
1712 1234 1903 1299 modo
1922 1235 2227 1320 exponat:
2256 1242 2541 1313 ‘omneS,

477 1332 586 1417 qui
617 1332 686 1397 in
719 1340 1092 1417 paupertate
1129 1338 1304 1408 sunt,
1359 1328 1607 1393 malunt
1651 1327 1963 1393 maleficio
2014 1350 2239 1414 parare
2274 1328 2539 1393 divitias

477 1449 672 1510 quam
707 1426 918 1491 officio
953 1433 1393 1510 paupertatem
1436 1423 1639 1489 tueri?
1728 1423 1783 1488 si
1829 1422 1971 1508 quis
2017 1422 2140 1488 hoc
2182 1424 2373 1489 modo
2420 1446 2541 1488 ex-

473 1520 760 1607 posuerit
787 1517 1419 1606 argumentationem,
1453 1528 1529 1582 ut
1550 1540 1679 1583 non
1704 1538 1995 1583 curemus
2024 1537 2345 1601 quaerere,
2376 1538 2543 1601 quar-

477 1614 556 1679 lis
606 1613 768 1679 ratio
821 1622 930 1677 aut
977 1610 1240 1677 rationis
1303 1610 1695 1678 confirmatio
1757 1610 1867 1689 sit,
1928 1610 2136 1697 ipsam
2194 1610 2379 1675 facile
2430 1634 2541 1677 re·

475 1707 942 1795 prehendemus
988 1705 1477 1791 expositionem,
1532 1726 1677 1769 oum
1721 1704 2157 1783 ostendemus,
2210 1704 2305 1783 id,
2356 1706 2538 1789 quod

475 1803 544 1866 in
591 1800 800 1883 aliquo
841 1820 1122 1886 paupere
1165 1798 1455 1883 improbo
1502 1798 1612 1876 sit,
1656 1796 1724 1861 in
1766 1799 1971 1863 omnis
2014 1820 2327 1887 pauperes
2364 1799 2537 1863 falso

385 1921 434 1961 ss
480 1908 545 1961 et
585 1894 814 1961 iniuria
855 1890 1148 1957 conferri.
1234 1892 1389 1956 item
1430 1892 1662 1957 vitiosa
1710 1891 2023 1979 expositio
2074 1904 2201 1970 est,
2254 1914 2401 1957 cum
2441 1894 2533 1970 id,

479 1988 650 2071 quod
689 2009 834 2053 raro
882 1986 982 2061 fit,
1035 1986 1176 2049 fieri
1217 1985 1475 2051 omnino
1520 1996 1818 2072 negatur,
1872 1986 1995 2051 hoc
2036 1986 2259 2052 modo:
2314 1992 2335 2023 ‘
2342 2008 2533 2051 nemo

476 2090 689 2167 potest
713 2102 841 2145 uno
869 2087 1132 2165 aspectu
1155 2100 1362 2163 neque
1385 2080 1775 2165 praeteriens
1804 2080 1871 2145 in
1896 2102 2176 2145 amorem
2200 2080 2477 2145 incidere
2491 2080 2532 2145 τ’

477 2196 626 2243 nam
679 2194 826 2239 cum
874 2194 1190 2238 nonnemo
1245 2173 1571 2239 devenerit
1614 2173 1681 2238 in
1734 2195 2015 2241 amorem
2062 2196 2191 2239 uno
2247 2184 2530 2260 aspecm,

476 2279 542 2334 et
575 2290 720 2334 eum
753 2266 860 2334 ille
893 2266 1213 2334 neminem
1248 2267 1477 2334 dixerit
1510 2268 1787 2348 omnino,
1822 2268 1979 2334 nihil
2016 2269 2316 2348 adfertur,
2356 2266 2528 2355 [raro

475 2363 544 2428 id
575 2361 742 2450 fieri]
782 2363 936 2428 dum
969 2363 1160 2429 modo
1206 2363 1547 2448 aliquando
1598 2363 1735 2430 fieri
1778 2375 1890 2429 aut
1937 2386 2132 2451 posse
2166 2365 2358 2429 modo
2393 2364 2531 2428 fieri

373 2471 440 2526 21
476 2457 898 2544 intellegatur.
985 2457 1138 2522 item
1181 2456 1413 2524 vitiosa
1454 2457 1769 2544 expositio
1812 2469 1938 2536 est,
1994 2479 2143 2523 cum
2184 2458 2389 2524 omnis
2424 2479 2525 2521 res

477 2553 866 2618 ostendimus
902 2573 1021 2617 nos
1057 2552 1414 2640 conlegisse
1451 2563 1515 2618 et
1550 2553 1826 2636 aliquam
1849 2576 1985 2618 rem
2019 2553 2314 2619 idoneam
2346 2573 2529 2639 prae-

475 2649 736 2714 terimus
749 2697 767 2726 ,
820 2648 943 2714 hoc
995 2647 1216 2714 modo:
1274 2647 1603 2732 ‘quoniam
1647 2647 1841 2734 igitur
1883 2647 2207 2713 hominem
2250 2646 2528 2712 occisum

477 2753 726 2811 constat
759 2765 924 2821 esse,
958 2763 1226 2808 necesse
1251 2753 1354 2808 est
1389 2754 1501 2808 aut
1534 2765 1575 2806 a
1606 2741 2033 2828 praedonibus
2063 2750 2174 2805 aut
2206 2741 2289 2805 ab
2323 2739 2529 2805 inimi-

475 2835 566 2900 cis
613 2838 893 2902 occisum
945 2859 1092 2901 esse
1141 2848 1252 2902 aut
1295 2837 1411 2901 abs
1456 2847 1551 2914 te,
1604 2858 1795 2918 quem
1836 2835 1943 2898 ille
1986 2835 2287 2898 heredem
2338 2843 2528 2897 testa-

473 2939 688 2992 mento
750 2951 831 2992 ex
887 2939 1068 3015 parte
1119 2930 1415 2994 faciebat.
1518 2929 1872 3013 praedones
1924 2926 1993 2990 in
2042 2925 2152 2989 illo
2212 2926 2353 2990 loco
2408 2926 2527 2990 visi

474 3041 823 3102 numquam
875 3031 1050 3098 sunt,
1102 3021 1427 3084 inimicum
1478 3020 1725 3084 nullum
1776 3019 2081 3084 habebat·
2134 3015 2525 3101 relinquitur,

477 3112 532 3176 si
573 3133 782 3194 neque
825 3135 868 3176 a
905 3111 1335 3198 praedonibus
1391 3133 1599 3194 neque
1652 3113 1733 3176 ab
1782 3111 2053 3176 inimicis
2108 3110 2355 3176 occisus
2409 3121 2525 3189 est,

475 3206 646 3289 quod
682 3205 862 3270 alteri
893 3227 1027 3270 non
1060 3216 1265 3284 erant,
1309 3205 1540 3271 alteros
1574 3229 1705 3270 non
1741 3206 2044 3283 habebat,
2088 3215 2162 3270 ut
2196 3206 2311 3272 abs
2348 3215 2410 3272 te
2447 3207 2527 3272 sit

473 3297 928 3384 interemptus?
1015 3321 1166 3363 nam
1198 3299 1266 3362 in
1309 3297 1499 3363 huius
1542 3299 1716 3364 modi
1754 3298 2147 3386 expositione
2188 3299 2525 3388 reprehen-

477 3393 652 3459 sione
685 3403 965 3469 utemur,
1010 3391 1068 3456 si
1102 3413 1260 3475 quos
1295 3403 1625 3478 praeterea
1670 3415 1859 3478 quam
1893 3393 1999 3459 ille
2036 3393 2381 3480 conlegerit
2412 3415 2525 3478 po-

475 3485 674 3552 tuisse
719 3485 1040 3571 suscipere
1092 3485 1473 3552 maleficium
1524 3488 2018 3554 ostenderimus:
2071 3489 2247 3554 velut
2295 3487 2363 3551 in
2406 3487 2523 3552 hoc

476 3579 796 3666 exemplo,
859 3601 1004 3644 cum
1057 3579 1286 3647 dixerit
1337 3603 1602 3648 necesse
1654 3605 1798 3650 esse
1851 3595 1961 3648 aut
2012 3607 2053 3648 a
2098 3579 2519 3669 praedonibus

475 3684 587 3737 aut
629 3675 712 3738 ab
757 3673 1026 3738 inimicis
1073 3685 1182 3739 aut
1216 3699 1256 3740 a
1295 3675 1482 3742 nobis
1528 3678 1809 3744 occisum
1858 3701 2034 3756 esse,
2088 3676 2369 3741 dicemus
2410 3693 2521 3757 po-

475 3765 674 3830 tuisse
709 3765 814 3830 vel
848 3788 888 3830 a
919 3765 1160 3832 familia
1201 3769 1304 3834 vel
1341 3793 1380 3835 a
1416 3771 1831 3842 coheredibus
1879 3769 2133 3838 nostris.
2222 3787 2370 3830 cum
2404 3764 2521 3830 hoe

475 3858 666 3923 modo
699 3857 951 3926 illorum
987 3862 1443 3930 conlectionem
1488 3867 2079 3941 disturbaverimus,
2123 3859 2307 3926 nobis
2343 3858 2520 3925 latio—

404 4015 408 4019 .
473 3973 610 4018 rem
659 3951 872 4020 locum
915 3954 1296 4024 defendendi
1328 3960 1788 4046 reliquerimus.
1882 3959 2063 4046 [ergo
2108 3955 2229 4020 hoc
2273 3976 2518 4038 quoque

477 4044 802 4114 vitandum
838 4061 936 4117 est
967 4051 1037 4116 in
1071 4054 1483 4142 expositione,
1520 4079 1601 4124 ne
1638 4057 1911 4141 quand0,
1950 4075 2095 4118 cum
2128 4049 2340 4116 omnia
2374 4069 2519 4115 con
