2784 4575
657 371 766 428 AJ)
805 371 868 430 0.
904 371 1374 430 HERENNIUM
1408 372 1545 428 1111.
1580 372 1818 430 19-22,
2188 360 2274 428 69

211 521 326 570 008
377 496 752 586 impetrare?
858 497 1040 562 item:
1102 501 1322 579 ‘quem
1373 506 1632 560 senatus
1688 495 2028 577 damnarit,
2083 520 2273 583 quem

211 595 486 683 populus
533 590 872 668 damnarit,
926 613 1118 676 quem
1170 590 1453 656 omnium
1504 591 1885 657 existimatio
1940 593 2272 672 damnarit,

214 713 361 754 eum
396 711 510 754 vos
549 685 878 752 sententiis
916 687 1146 750 vestris
1185 684 1597 750 absolvatis?

333 781 682 847 Traductio
717 790 846 858 est,
885 801 1048 863 quae
1081 779 1263 856 facit,
1298 779 1420 856 uti,
1458 800 1605 842 cum
1636 778 1809 844 idem
1844 781 2108 845 verbum
2144 802 2277 846 cre-

213 876 388 943 brius
423 885 718 964 ponatur,
754 896 884 939 non
917 874 1108 939 modo
1132 896 1263 938 non
1289 873 1575 938 offendat
1600 873 1899 953 animum,
1938 874 2055 938 sed
2088 874 2278 939 etiam

213 971 684 1037 concinniorem
746 967 1096 1035 orationem
1154 968 1409 1046 reddat,
1470 966 1595 1032 hoc
1645 977 1860 1052 pacto:
1926 966 2066 1052 ‘qui
2122 967 2279 1032 nihil

215 1065 412 1130 habet
444 1065 512 1128 in
555 1063 688 1127 vita
729 1062 1066 1126 iucundius
1119 1061 1278 1139 vita,
1330 1061 1386 1126 is
1434 1083 1596 1126 cum·
1632 1061 1861 1127 virtute
1910 1061 2109 1126 vitam
2148 1084 2279 1126 non

211 1168 432 1245 potest
486 1156 730 1222 0010103
837 1155 1019 1220 item:
1085 1161 1260 1220 ‘eum
1311 1156 1634 1220 hominem
1686 1155 1999 1243 appellas,
2064 1155 2174 1240 qui
2224 1155 2280 1220 si

216 1251 448 1315 fuisset
498 1249 718 1328 hom0,
778 1271 1125 1334 numquam
1177 1260 1307 1313 tam
1361 1250 1695 1314 crudeliter
1756 1249 2028 1316 hominis
2082 1249 2280 1314 vitam

213 1344 520 1431 petisset?
565 1353 631 1410 at
655 1353 792 1408 erat
815 1343 1130 1408 inimicus.
1167 1365 1320 1429 ergo
1344 1343 1669 1407 inimicum
1696 1344 1787 1408 sio
1812 1344 2034 1410 ulcisci
2058 1344 2276 1422 voluit,

213 1447 289 1501 ut
321 1437 462 1524 ipse
499 1437 620 1502 sibi
651 1436 1032 1522 reperiretur
1064 1436 1421 1500 inimicus?
1475 1436 1655 1500 item:
1696 1437 1975 1503 ‘divitias
2012 1438 2150 1503 81110
2186 1438 2281 1502 (11-

217 1529 365 1594 vitis
403 1552 545 1594 esse
555 1555 574 1608 3
611 1540 681 1593 tu
717 1552 872 1594 vero
903 1528 1202 1592 virtutem
1233 1529 1488 1613 praefer
1524 1529 1788 1594 divitiis:
1824 1553 1975 1595 nam
2010 1531 2068 1595 si
2101 1531 2279 1597 voles

215 1623 471 1688 divitias
527 1645 672 1686 011111
722 1623 952 1686 virtute
1013 1643 1409 1707 comparare,
1470 1623 1581 1686 vix
1634 1623 1787 1687 satis
1846 1625 2113 1690 idoneae
2164 1626 2281 1690 tibi

216 1718 624 1782 videbunth
653 1715 937 1792 divitiae,
993 1736 1156 1797 quae
1207 1715 1459 1780 virtutis
1508 1715 1895 1800 pedisequae
1941 1718 2105 1783 sint.’
2196 1739 2278 1782 ex
2321 1742 2373 1781 21

217 1811 446 1877 eodem
481 1831 716 1896 genere
752 1819 852 1874 est
886 1809 1312 1874 exornationis
1325 1857 1344 1886 ,
1399 1830 1545 1873 cum
1576 1809 1748 1873 idem
1791 1810 2057 1874 verbum
2096 1811 2281 1895 poni-

213 1916 322 1970 tur
363 1904 555 1969 modo
597 1903 664 1967 in
717 1902 866 1979 hac,
921 1903 1111 1968 modo
1163 1903 1230 1966 in
1285 1903 1485 1968 altera
1533 1926 1631 1981 re,
1694 1903 1817 1968 1100
1866 1903 2087 1969 modo:
2142 1909 2282 1967 ‘cur

216 2021 362 2065 eam
411 2019 550 2063 rem
601 2009 732 2061 tam
795 1995 1077 2062 studiose
1142 2018 1354 2074 curas,
1398 2019 1583 2080 ⁴quae
1644 1997 1759 2062 tibi
1818 1998 2052 2062 multas
2108 1997 2283 2062 dabit

213 2091 468 2158 curas?'
531 2091 713 2156 item:
771 2096 947 2154 ‘nam
983 2090 1181 2155 amari
1215 2091 1561 2156 iucundum
1598 2103 1722 2170 est,
1778 2091 1835 2158 si
1868 2102 2147 2169 curetur,
2200 2115 2281 2157 ne

217 2184 372 2270 quid
405 2185 558 2249 insit
592 2183 830 2248 amari?
918 2184 1100 2248 110111.
1157 2183 1439 2249 ‘veniam
1482 2186 1566 2250 ad
1600 2207 1743 2264 vos,
1800 2185 1857 2250 si
1897 2184 2055 2250 mihi
2098 2207 2282 2251 senae

215 2292 322 2344 tus
377 2279 486 2375 det
535 2277 829 2344 veniam?
915 2277 987 2345 in
1037 2277 1138 2343 his
1185 2289 1483 2364 quattuor
1532 2279 1871 2367 generibus
1926 2279 2282 2346 exornatio-

217 2395 401 2450 num,
456 2394 620 2456 quae
664 2372 874 2437 adhuc
916 2374 1244 2460 proposita
1289 2385 1465 2452 sunt,
1520 2397 1651 2439 non
1692 2374 1921 2483 inopia·
1940 2376 2281 2441 verborum

218 2467 318 2543 fit,
363 2476 438 2530 ut
471 2467 554 2530 ad
585 2466 756 2531 idem
789 2467 1056 2532 verbum
1088 2467 1384 2531 redeatur
1422 2468 1706 2554 saepiUS,
1755 2468 1871 2534 sed
1902 2468 2071 2534 inest
2102 2468 2281 2533 festi-

219 2560 386 2625 vitas
419 2560 752 2645 quaedam,
790 2580 954 2644 quae
989 2560 1240 2625 facilius
1269 2561 1527 2626 auribus
1556 2561 1886 2627 diiudicari
1914 2583 2107 2645 quam
2139 2584 2281 2625 ver-

219 2657 318 2721 bis
355 2657 774 2721 demonstrari
810 2666 1042 2743 potest.

343 2746 684 2813 Contentio
721 2762 846 2827 est,
885 2771 1030 2814 cum
1065 2772 1146 2815 ex
1182 2749 1510 2814 contrariis
1553 2750 1746 2813 rebus
1783 2748 1983 2813 oratio
2028 2747 2281 2811 confici·-
2316 2762 2383 2816 15

220 2853 352 2919 tur,
405 2842 528 2907 hoc
561 2851 778 2927 pacto:
835 2842 1056 2907 ‘habet
1091 2842 1445 2908 adsentatio
1484 2842 1761 2906 iucunda
1791 2840 2129 2927 principia,
2176 2862 2281 2905 ea-

219 2936 369 3001 dem
404 2936 610 3001 exitus
665 2936 1093 3002 amarissimos
1141 2936 1386 3001 adfert.’
1474 2936 1658 3001 item:
1713 2934 2010 2999 ‘inimicis
2046 2944 2109 2999 te
2142 2935 2281 3021 pla—

221 3029 518 3109 cabilem,
573 3030 791 3095 amicis
843 3030 1299 3097 inexorabilem
1349 3030 1663 3118 praebes?
1768 3029 1951 3094 item:
2007 3030 2101 3093 ‘in
2153 3030 2281 3095 otio

219 3124 650 3203 tumultuaris,
710 3124 778 3189 in
829 3125 1102 3189 tumultu
1156 3148 1226 3190 es
1290 3125 1562 3203 otiosus3
1624 3124 1693 3189 in
1743 3145 1811 3189 re
1870 3123 2284 3211 frigidissima

217 3216 420 3295 cales,
474 3218 543 3282 in
575 3218 1048 3284 ferventissima
1081 3218 1309 3305 friges3
1365 3218 1555 3283 tacito
1592 3239 1739 3282 cum
1773 3240 1935 3303 opus
1974 3228 2099 3295 est,
2155 3217 2283 3282 cla-

215 3334 384 3388 mas,
439 3333 585 3377 cum
617 3312 733 3377 tibi
765 3311 942 3396 loqui
976 3313 1299 3391 convenit,
1353 3312 1739 3377 obmutescis
1749 3337 1768 3391 3
1826 3312 2007 3389 ades,
2054 3311 2281 3377 abesse

216 3404 347 3481 vis,
403 3405 587 3484 abes,
639 3407 874 3472 reverti
925 3405 1103 3492 cupis
1115 3432 1134 3485 3
1195 3406 1270 3470 in·
1314 3428 1475 3493 pace
1527 3405 1767 3471 bellum
1816 3406 2163 3491 quaeritas,
2212 3406 2282 3469 in

215 3497 386 3563 bello
437 3522 663 3586 pacem
716 3500 1040 3566 desideras
1051 3525 1071 3577 3
1123 3500 1192 3564 in
1235 3500 1530 3566 contione
1574 3500 1655 3565 de
1699 3499 1931 3565 virtute
1980 3499 2279 3583 loqueris,

215 3593 285 3657 in
318 3592 558 3677 proelio
592 3616 746 3680 prae
781 3593 1040 3680 ignavia
1063 3594 1260 3669 tubae>
1283 3595 1560 3660 sonitum
1585 3594 1866 3681 perferre
1900 3616 2029 3657 non
2050 3592 2277 3677 potes?

216 3686 340 3752 hoc
375 3710 611 3775 genere
647 3689 704 3753 si
757 3688 1220 3775 distinguemus
1265 3689 1645 3769 orationem,
1699 3700 1765 3756 01
1806 3710 2035 3777 graves
2080 3695 2146 3753 et
2180 3709 2283 3753 or-

213 3781 350 3847 nati
381 3782 730 3868 poterimus
769 3804 932 3847 esse.

343 3876 747 3942 Exclamatio
783 3886 911 3955 est,
965 3898 1128 3960 quae
1179 3878 1433 3945 conficit
1484 3832 2011 3965 significationem
2045 3873 2279 3939 doloris
2322 3900 2374 3941 22

213 3980 328 4034 aut
360 3969 820 4081 indignationis
875 3971 1140 4037 alicuius
1171 3996 1289 4060 per
1331 3972 1605 4040 hominis
1643 3981 1753 4036 aut
1800 3969 1976 4035 urbis
2015 3979 2125 4033 aut
2156 3969 2281 4035 loci

213 4074 325 4128 aut
365 4064 460 4128 rei
505 4065 861 4152 cuiuspiam
906 4066 1483 4152 compellationem,
1536 4066 1659 4131 hoc
1700 4063 1921 4129 modo:
1978 4068 1995 4099 ‘
2007 4074 2069 4128 10
2110 4086 2279 4129 1111110

206 4156 548 4241 adloquor,
603 4158 940 4239 Africane,
995 4161 1175 4226 cuius
1220 4161 1453 4227 mortui
1495 4180 1747 4245 quoque
1788 4180 2022 4223 nomen
2067 4158 2279 4245 splen-
