2784 4575
704 300 809 355 DE
848 296 1213 376 ORATORE
1249 298 1325 353 Π.
1362 297 1675 353 225-232.
2015 298 2028 301 *
2097 286 2217 352 111

166 440 233 493 te
266 425 453 491 nobis
488 424 556 489 in
591 447 667 490 eo
714 446 948 510 genere
1002 422 1300 489 tribuisse
1352 433 1599 489 tantum
1632 431 1699 486 et
1729 442 1860 486 non
1899 420 2088 487 huius
2131 422 2226 486 rei

168 542 423 605 quoque
451 520 753 607 ‚palmam
792 516 891 604 [ut
945 514 1321 605 ceterarum]
1362 515 1603 582 Crasso
1657 513 1999 581 detulisse?
2091 526 2223 579 tum
2261 542 2343 583 228

166 615 495 682 Antonius
543 620 694 700 ‘ego
729 636 881 679 vero
916 612 1007 677 ita
1050 610 1398 690 fecissem,’
1453 609 1658 695 inquit
1710 609 1864 675 ‘nisi
1911 610 2230 676 interdum

166 710 237 775 in
289 698 413 775 hoc
466 708 706 775 Crasso
768 708 1031 795 paulum
1090 707 1469 785 inviderem3
1531 729 1680 771 nam
1731 728 1876 772 esse
1937 706 2228 791 quamvis

168 804 447 869 facetum
484 814 673 888 atque
726 804 967 869 salsum
1000 824 1131 867 non
1163 800 1351 866 nimis
1407 811 1506 866 est
1538 822 1653 887 per
1699 822 1770 865 se
1820 799 2034 887 ipsum
2066 800 2230 866 invi-
2339 854 2343 858 .

167 899 476 977 dendum3
532 898 647 963 sed
688 918 834 961 cum
888 897 1169 962 omnium
1206 896 1290 961 sit
1320 895 1808 961 venustissimus
1845 905 1909 959 et
1940 894 2232 961 urbanis-

170 991 397 1070 simus,
460 991 742 1058 omnium
780 990 1228 1077 gravissimum
1263 1000 1327 1055 et
1363 988 1837 1055 severissimum
1881 999 1946 1053 et
1989 1010 2132 1055 esse
2167 1000 2233 1054 et

166 1086 395 1163 videri,
451 1086 622 1170 quod
666 1084 775 1149 isti
818 1085 1127 1170 contingit
1170 1084 1309 1163 uni,
1368 1082 1492 1171 [id]
1539 1081 1696 1147 mihi
1747 1082 1857 1147 vix
1899 1083 2232 1147 ferendum

169 1178 541 1244 videbatur?
629 1178 735 1243 hic
770 1199 917 1243 cum
950 1176 1279 1242 adrisisset
1308 1178 1449 1263 ipse
1488 1175 1792 1254 Crassus,
1848 1182 1943 1240 ‘at
1977 1176 2228 1254 tamen,'
2265 1206 2348 1247 229

165 1270 371 1355 inquit
402 1271 725 1338 Antonius
770 1278 945 1336 ‘cum
981 1282 1181 1337 artem
1226 1294 1369 1336 esse
1405 1271 1804 1349 facetiarum,
1855 1269 2000 1350 Iuli,
2036 1272 2232 1335 ullam

165 1386 437 1451 negares
450 1414 467 1442 ‚
529 1364 831 1452 aperuisti
884 1366 1211 1449 quiddam,
1259 1365 1433 1449 quod
1489 1364 2004 1451 praecipiendum
2056 1366 2234 1431 vide-

166 1478 297 1523 tur:
335 1458 555 1523 haberi
596 1459 766 1524 enim
805 1458 1023 1524 dixisti
1055 1458 1365 1523 rationem
1400 1468 1691 1545 oportere
1727 1458 2080 1537 hominum,
2115 1460 2228 1538 rei,

170 1551 503 1638 temporie,
556 1575 637 1617 ne
690 1553 845 1636 quid
896 1552 1073 1617 iocus
1116 1554 1199 1617 de
1249 1552 1560 1639 gravitate
1615 1552 1978 1639 decerperet
1984 1579 2006 1633 3
2061 1556 2232 1637 quod

169 1644 425 1730 quidem
476 1645 545 1710 in
592 1645 816 1733 primis
873 1670 913 1710 a
965 1643 1206 1721 Crasso
1270 1646 1597 1712 observari
1651 1646 1833 1711 solet.
1941 1647 2057 1711 sed
2107 1648 2232 1713 hoc

170 1749 578 1825 praeceptum
626 1738 1324 1826 praetermittendarum
1368 1750 1470 1805 est
1502 1738 1901 1818 facetiarum,
1955 1762 2102 1805 cum
2136 1741 2230 1805 eis

170 1832 328 1897 nihil
363 1856 524 1919 opus
558 1833 645 1899 ‘sit
652 1859 671 1912 3
724 1857 842 1899 nos
890 1844 1103 1899 autem
1138 1856 1263 1917 quo
1306 1835 1499 1900 modo
1553 1846 1833 1914 utamur,
1887 1856 2032 1899 cum
2067 1856 2228 1921 opus

172 1925 281 2005 sit,
340 1928 733 2010 quaerimus,
787 1938 859 1993 ut
909 1928 977 1992 in
1032 1928 1466 1994 adversarium
1517 1938 1583 1993 et
1625 1928 1928 2007 maxime,
1985 1927 2040 1993 si
2092 1928 2227 1995 eius

172 2020 439 2087 stultitia
471 2023 705 2109 poterit
743 2022 996 2109 agitari3
1049 2023 1118 2087 in
1154 2034 1383 2089 testem
1419 2023 1709 2102 stultum,
1768 2023 2094 2109 cupidum,
2140 2024 2230 2090 le-

170 2137 335 2193 vem,
376 2116 431 2181 si
465 2117 653 2200 facile
688 2117 979 2184 homines
1016 2117 1288 2183 audituri
1323 2117 1723 2182 videbuntur.
1795 2117 2048 2183 omnino
2083 2136 2230 2203 pro·
2263 2142 2346 2183 230

171 2207 477 2275 habiliora
512 2222 679 2290 sunt,
723 2234 885 2296 quae
920 2210 1201 2275 lacessiti
1236 2210 1506 2275 dicimus
1545 2233 1734 2296 quam
1768 2232 1930 2295 quae
1963 2209 2227 2298 priores,

171 2325 321 2366 nam
354 2314 419 2367 et
451 2303 693 2390 ingenii
742 2305 1031 2371 celeritas
1082 2305 1285 2371 maior
1329 2314 1457 2382 est,
1513 2327 1676 2388 quae
1720 2317 1984 2392 apparet
2021 2306 2092 2372 in
2131 2329 2234 2372 re-

172 2395 571 2481 spondendo,
627 2408 693 2461 et
728 2397 1137 2463 humanitatis
1174 2409 1274 2464 est
1316 2398 1650 2484 responsio
1659 2424 1678 2478 ;
1731 2399 2020 2465 videmur
2063 2399 2232 2464 enim

172 2487 442 2572 quieturi
490 2487 723 2567 fuisse,
788 2489 913 2554 nisi
964 2513 1249 2558 essemus
1303 2491 1611 2569 lacessiti,
1675 2502 1749 2556 ut
1797 2492 1865 2556 in
1915 2493 2060 2579 ipsa
2107 2491 2233 2558 ista

174 2580 464 2647 contione
496 2581 655 2647 nihil
690 2583 825 2648 fere
862 2583 1099 2647 dictum
1135 2595 1235 2649 est
1268 2585 1350 2649 ab
1382 2583 1526 2662 hoc,
1565 2583 1736 2668 quod
1772 2585 2027 2666 quidem
2060 2584 2234 2649 face-

168 2674 293 2740 tius
332 2674 570 2740 dictum
605 2673 952 2754 videretur,
1009 2677 1181 2759 quod
1212 2699 1343 2742 non
1376 2686 1760 2763 provocatus
1802 2678 2204 2765 responderit
2211 2705 2230 2757 ;

170 2778 306 2833 erat
340 2779 553 2834 autem
588 2779 765 2835 tanta
799 2769 867 2834 in
900 2769 1187 2835 Domitio
1222 2770 1522 2856 gravitas,
1550 2779 1726 2834 tanta
1752 2772 2114 2850 auctoritas,
2140 2783 2230 2848 ut,

170 2863 343 2947 quod
404 2874 577 2929 esset
628 2866 711 2930 ab
762 2887 839 2930 eo
898 2864 1243 2944 obiectum,
1305 2863 1522 2950 lepore
1581 2863 1790 2950 magis
1857 2863 2233 2929 elevandum

170 2979 361 3041 quam
396 2959 797 3024 contentione
832 2959 1256 3046 frangendum
1286 2958 1648 3024 videretur?
1737 2967 1872 3024 tum
1909 2957 2228 3044 Sulpicius
2264 2953 2333 3008 57

171 3050 354 3135 ‘quid
386 3052 618 3138 igitur?
650 3051 989 3140 patiemur'
1023 3051 1228 3136 inquit
1263 3057 1282 3088 ‘
1293 3049 1666 3132 Caesarem,
1703 3053 1812 3136 qui
1845 3074 2229 3137 quamquam
2263 3027 2342 3066 ²³²

173 3142 415 3213 Crasso
451 3146 715 3214 facetias
752 3147 1062 3227 concedit,
1099 3157 1313 3213 tamen
1338 3148 1538 3214 multo
1573 3147 1640 3212 in
1676 3171 1752 3214 eo
1790 3148 1998 3214 studio
2025 3149 2230 3235 magis

168 3239 311 3324 ipse
346 3239 658 3320 elaborat,
712 3265 844 3307 non
878 3241 1194 3329 explicare
1228 3242 1414 3308 nobis
1451 3253 1654 3308 totum
1689 3265 1892 3329 genus
1929 3243 2114 3327 quale
2151 3244 2234 3309 sit

171 3343 238 3396 et
268 3331 440 3396 unde
492 3333 757 3399 ducatur
765 3361 786 3414 3
838 3335 1215 3422 praesertim
1257 3357 1404 3401 cum
1459 3347 1700 3401 tantam
1735 3337 1865 3401 vim
1900 3348 1966 3402 et
1997 3337 2232 3402 utilita-

170 3437 302 3490 tem
336 3423 489 3489 salis
525 3437 593 3491 et
622 3429 996 3496 urbanitatis
1033 3451 1177 3496 esse
1230 3430 1568 3496 fateatur-1³⁹
1628 3435 1647 3466 ‘
1655 3431 1836 3515 quid,
1892 3430 1974 3496 si'
2028 3430 2233 3514 inquit

165 3518 371 3584 Iulius
404 3520 753 3586 ‘adsentior
769 3522 1053 3589 Antonio
1082 3523 1317 3588 dicenti
1342 3524 1583 3590 nullam
1611 3548 1756 3591 esse
1783 3537 1982 3591 artem
2009 3524 2230 3590 salisP'

166 3612 273 3676 hic
310 3633 455 3676 cum
482 3609 806 3701 Sulpicius
845 3615 1222 3696 reticuisset,
1260 3617 1473 3702 ‘quasi
1506 3618 1685 3684 vero'
1722 3617 1926 3703 inquit
1955 3616 2230 3684 Crassus
2267 3646 2348 3687 232

168 3707 427 3772 ‘horum
466 3707 784 3795 ipsorum,
839 3709 918 3774 de
963 3710 1191 3794 quibus
1224 3711 1550 3778 Antonius
1601 3713 1732 3778 iam
1786 3712 1896 3778 diu
1937 3712 2232 3796 loquitur,

168 3824 273 3866 ars
308 3801 441 3868 ulla
474 3802 586 3868 sit:
623 3803 982 3870 observatio
1018 3806 1331 3889 quaedam
1366 3817 1486 3885 est,
1519 3817 1594 3870 ut
1623 3807 1766 3893 ipse
1801 3806 1977 3885 dixit,
2015 3828 2233 3872 earum

167 3918 409 3973 rerum,
448 3918 609 3980 quae
642 3897 711 3962 in
748 3897 1015 3964 dicendo
1049 3900 1294 3979 valent3
1340 3923 1502 3985 quae
1541 3901 1598 3967 si
1631 3901 1984 3988 eloquentis
2019 3900 2232 3965 facere

167 3998 419 4076 posset,
458 3991 599 4075 quis
636 4002 808 4060 esset
839 4015 971 4060 non
1006 3993 1352 4080 eloquens?
1387 3995 1529 4081 quis
1567 3995 1737 4061 enim
1771 3995 1932 4062 haec
1961 4017 2093 4060 non
2125 3995 2232 4062 vel

164 4081 356 4174 facile
396 4084 502 4148 vel
538 4096 705 4152 certe
742 4087 951 4175 aliquo
984 4089 1177 4182 modo
1218 4100 1442 4175 posset
1485 4088 1806 4156 ediscere?
1857 4089 1972 4156 sed
2005 4111 2128 4177 ego
2159 4087 2230 4154 in
