2784 4575
766 290 873 345 DE
911 286 1274 345 ORATORE
1309 290 1387 345 11.
1427 288 1738 345 350-358.
2151 276 2278 345 139

220 413 433 480 animo
468 422 657 496 atque
692 410 758 475 in
794 411 885 477 eis
918 410 1077 477 locis
1112 410 1504 478 conlocanda
1511 435 1532 491 3
1570 410 1664 475 sic
1696 410 1852 489 fore,
1887 421 1962 477 ut
1994 410 2280 479 ordinem

220 530 433 575 rerum
465 507 748 573 locorum
783 505 938 572 ordo
974 515 1408 583 conservaret,
1461 525 1566 569 res
1604 514 1816 570 autem
1857 503 2032 591 ipsas
2065 528 2280 571 rerum

224 600 473 689 effigies
526 609 776 666 notaret
826 610 1035 708 atque·
1058 609 1133 665 ut
1171 598 1328 664 locis
1371 618 1490 683 pro
1537 619 1712 676 cera,
1766 597 2118 662 simulacris
2162 621 2278 684 pro

222 694 447 761 litteris
501 704 841 760 uteremur.
931 691 1041 777 qui
1086 692 1171 758 sit
1222 701 1435 757 autem
1487 692 1720 757 oratori
1769 690 2111 758 memoriae
2147 694 2282 757 fru-

222 799 393 865 ctus,
432 798 669 873 quanta
700 786 965 865 utilitas,
1013 795 1251 871 quanta
1282 785 1412 863 vis,
1449 785 1604 869 quid
1635 806 1740 849 me
1777 785 2000 851 attinet
2034 763 2392 852 dicereP⁸⁵⁵

220 891 466 960 tenere,
531 902 695 965 quae
746 880 1041 945 didiceris
1093 879 1163 944 in
1214 834 1585 965 accipienda
1641 900 1865 957 causa,
1929 901 2090 963 quae
2139 879 2280 966 ipse

220 973 560 1061 cogitaris?
613 974 819 1040 omnis
852 974 1015 1039 fixas
1052 995 1197 1039 esse
1231 973 1297 1035 in
1333 972 1544 1038 animo
1589 972 1976 1038 sententias?
2027 994 2281 1039 omnem

222 1067 614 1153 descriptum
666 1067 1003 1133 verborum
1056 1068 1468 1153 apparatum?
1528 1066 1622 1131 ita
1679 1066 1897 1131 audire
1950 1065 2053 1131 vel
2113 1088 2279 1144 eum,

225 1160 397 1225 unde
433 1160 673 1238 discas,
730 1160 834 1249 vel
868 1181 1042 1238 eum,
1089 1160 1190 1224 cui
1224 1159 1740 1247 respondendum
1775 1158 1886 1237 sit,
1920 1169 1994 1224 ut
2027 1159 2119 1223 illi
2151 1182 2280 1225 non

221 1253 555 1319 infundere
589 1254 656 1317 in
690 1254 861 1318 auris
896 1263 1039 1318 tuas
1074 1253 1452 1331 orationem,
1507 1252 1625 1317 sed
1657 1251 1724 1317 in
1767 1253 1977 1319 animo
2021 1253 2283 1319 videan-

220 1358 325 1410 tur
372 1346 753 1412 inscribere?
813 1345 1027 1429 itaque
1082 1347 1201 1411 soli
1254 1346 1363 1429 qui
1415 1345 1720 1411 memoria
1771 1346 2017 1433 vigent,
2069 1348 2282 1413 sciunt

222 1439 378 1523 quid
412 1450 475 1505 et
510 1450 820 1523 quatenus
857 1451 921 1504 et
956 1462 1082 1523 quo
1117 1440 1307 1505 modo
1350 1438 1578 1504 dicturi
1625 1439 1778 1518 sint,
1833 1440 1985 1524 quid
2018 1464 2282 1527 respon-

222 1530 457 1609 derint,
495 1533 649 1616 quid
684 1532 987 1620 supersit3
1022 1533 1357 1616 eidemque
1390 1533 1594 1597 multa
1627 1554 1708 1597 ex
1744 1533 1882 1597 aliis
1921 1534 2129 1599 causis
2166 1534 2282 1599 ali-

224 1624 480 1709 quando
534 1648 575 1689 a
626 1648 696 1690 se
750 1636 919 1704 acta,
980 1626 1183 1691 multa
1234 1626 1315 1689 ab
1368 1626 1510 1691 aliis
1563 1626 1779 1691 audita
1836 1627 2277 1692 meminerunt.

222 1740 351 1802 qua
382 1740 453 1783 re
489 1718 793 1784 confiteor
826 1719 1117 1803 equidem
1172 1719 1361 1784 huius
1396 1720 1552 1785 boni
1601 1731 1892 1785 naturam
1927 1742 2070 1785 esse
2103 1719 2278 1806 prin-

222 1812 455 1897 cipem,
504 1812 666 1878 sicut
700 1834 917 1877 earum
949 1834 1190 1891 rerum,
1246 1814 1325 1878 de
1361 1814 1590 1897 quibus
1645 1823 1790 1879 ante
1824 1813 2072 1879 locutus
2112 1836 2272 1891 sum,

221 1904 533 1983 omnium3
598 1906 714 1970 sed
766 1904 927 1972 haec
979 1930 1081 1971 ars
1136 1916 1269 1972 tota
1321 1907 1599 1985 dicendi,
1664 1908 1799 1972 sive
1853 1906 2004 1971 artis
2065 1906 2277 1993 imago

223 1999 539 2083 quaedam
572 2009 637 2064 et
671 1998 1016 2065 similitudo
1062 2010 1189 2078 est,
1243 2000 1439 2066 habet
1487 2001 1653 2065 hanc
1704 2001 1862 2079 vim,
1916 2023 2046 2066 non
2078 2011 2153 2066 ut
2184 2011 2282 2067 to-

220 2103 361 2157 tum
396 2091 658 2176 aliquid,
714 2093 891 2159 cuius
927 2094 994 2158 in
1026 2092 1298 2181 ingeniis
1334 2094 1570 2159 nostris
1602 2116 1752 2180 pars
1786 2093 1963 2159 nulla
2005 2093 2114 2172 sit,
2165 2116 2282 2179 pa·-

220 2184 344 2249 riat
378 2195 441 2250 et
473 2197 789 2271 procreet,
820 2208 1049 2252 verum
1082 2198 1155 2251 ut
1189 2209 1293 2265 ea,
1350 2210 1514 2271 quae
1551 2198 1698 2253 sunt
1733 2198 1872 2253 orta
1904 2187 2031 2252 iam
2064 2187 2132 2251 in
2165 2208 2280 2251 no-

224 2276 323 2342 bis
358 2287 425 2342 et
456 2289 810 2364 procreata,
865 2280 1093 2347 educet
1143 2293 1332 2366 atque
1385 2282 1714 2348 confirmet
1720 2307 1739 2360 3
1794 2303 2015 2346 verum
2065 2291 2280 2346 tamen

224 2391 434 2453 neque
484 2381 616 2434 tam
668 2373 797 2436 acri
854 2375 1160 2439 memoria
1209 2374 1344 2439 fere
1403 2375 1740 2462 quisquam
1791 2385 1917 2453 est,
1985 2384 2085 2452 ut,
2147 2397 2279 2440 non

226 2462 549 2550 dispositis
602 2464 961 2548 notatisque
1003 2469 1225 2544 rebus,
1278 2467 1565 2532 ordinem
1618 2468 1954 2532 verborum
1990 2477 2100 2533 aut
2133 2489 2279 2532 sen-

2313 692 2384 746 87

2310 1747 2391 1789 ³56

2312 2307 2391 2350 85⁷

223 2557 562 2622 tenti‘arum
598 2558 1076 2643 complectatur,
1130 2581 1335 2643 neque
1371 2580 1522 2625 vero
1559 2570 1690 2623 tam
1723 2560 1963 2638 hebeti,
2015 2571 2089 2625 ut
2120 2559 2278 2624 nihil
2359 2553 2362 2561 ’

225 2650 347 2714 hac
379 2650 835 2716 consuetudine
872 2660 936 2715 et
979 2651 1426 2716 exercitatione
1479 2650 1828 2717 adiuvetur.
1916 2653 2076 2718 vidit
2109 2653 2277 2716 enim

224 2743 347 2809 hoc
380 2745 723 2829 prudenter
758 2744 893 2809 sive
931 2741 1292 2810 Simonides
1330 2745 1466 2808 sive
1503 2744 1662 2809 alius
1699 2745 1842 2828 quis
1877 2745 2146 2822 invenit,
2201 2768 2279 2811 ea

224 2837 502 2902 maxime
537 2837 763 2903 animis
818 2837 1013 2924 adfigi
1062 2837 1327 2915 nostris,
1381 2859 1546 2921 quae
1600 2849 1815 2903 essent
1849 2861 1888 2902 a
1923 2861 2116 2904 sensu
2149 2849 2278 2904 tra-

222 2931 360 2996 dita
412 2941 601 3016 atque
650 2932 963 3018 impressa
970 2958 989 3010 3
1045 2930 1418 2998 acerrimum
1473 2942 1684 2996 autem
1720 2955 1801 2998 ex
1836 2932 2126 3000 omnibus
2161 2957 2276 2999 no-

222 3024 372 3090 stris
436 3025 727 3091 sensibus
792 3047 935 3092 esse
998 3047 1258 3092 sensum
1317 3025 1602 3104 videndi3
1667 3047 1794 3110 qua
1849 3048 1920 3090 re
1981 3026 2278 3091 facillime

224 3118 437 3185 animo
480 3119 682 3185 teneri
731 3141 923 3206 posse
977 3142 1081 3198 ea,
1138 3141 1300 3203 quae
1350 3119 1823 3206 perciperentur
1869 3118 2123 3184 auribus
2169 3131 2282 3184 aut

226 3213 625 3300 cogitatione,
664 3214 721 3278 si
754 3214 944 3280 etiam
970 3213 1515 3281 commendatione
1543 3214 1865 3279 oculorum
1891 3212 2115 3278 animis
2151 3222 2282 3279 tra-

222 3307 548 3386 derentur3
601 3319 673 3372 ut
704 3331 809 3373 res
863 3331 1085 3375 caecas
1140 3319 1205 3375 et
1239 3310 1319 3374 ab
1372 3317 1667 3395 aspectus
1717 3308 1950 3373 iudicio
2001 3316 2276 3372 remotas

223 3401 642 3466 conformatio
695 3403 1005 3485 quaedam
1040 3415 1107 3469 et
1138 3404 1351 3489 imago
1388 3414 1454 3468 et
1485 3403 1692 3490 figura
1740 3403 1830 3468 ita
1879 3411 2154 3478 notaret,
2207 3411 2281 3465 ut

222 3515 330 3571 ea,
394 3514 557 3577 quae
617 3495 951 3580 cogitando
1006 3496 1338 3583 complecti
1388 3497 1499 3561 vix
1549 3519 1912 3584 possemus,
1975 3494 2278 3560 intuendo

224 3588 411 3672 quasi
446 3598 831 3665 teneremus3
886 3589 985 3654 his
1022 3600 1234 3654 autem
1266 3589 1488 3654 formis
1527 3601 1716 3674 atque
1749 3589 2146 3676 corporibus,
2191 3587 2278 3654 si-

228 3692 334 3747 cut
384 3681 707 3758 omnibuS,
764 3703 927 3765 quae
982 3685 1100 3748 sub
1154 3693 1480 3770 aspectum
1532 3684 1820 3760 veniunt,
1877 3680 2280 3769 [admonetur

224 3775 530 3841 memoria
562 3784 781 3842 nostra
816 3785 1003 3859 atque
1048 3777 1355 3842 excitatur
1365 3773 1416 3863 3]
1471 3776 1623 3842 sede
1658 3799 1818 3864 opus
1863 3786 1990 3854 est,
2045 3775 2280 3840 etenim

224 3889 456 3955 corpus
509 3869 791 3954 intellegi
844 3869 979 3934 sine
1031 3869 1173 3936 loco
1222 3893 1353 3936 non
1404 3880 1642 3957 potest3
1695 3891 1822 3954 qua
1861 3891 1932 3935 re
1973 3891 2058 3935 ne
2098 3869 2166 3934 in
2206 3891 2278 3934 re

224 3973 379 4026 nota
412 3972 477 4026 et
510 3962 881 4050 pervolgata
914 3962 1148 4028 multus
1186 3975 1251 4029 et
1286 3963 1568 4030 insolens
1596 3963 1734 4040 sim,
1770 3962 1927 4029 locis
1963 3974 2064 4028 est
2095 3973 2279 4028 uten-

224 4053 379 4119 dum
421 4054 664 4134 multis,
718 4057 1116 4136 inlustribus,
1172 4057 1530 4142 explicatis,
1579 4056 1844 4124 modicis
1897 4055 2273 4135 intervallis;

2311 3613 2392 3656 358
