2784 4575
374 1352 427 1393 85

368 2666 421 2706 86

363 3417 413 3460 87

478 254 560 319 78
1094 264 1172 319 Μ.
1208 264 1481 321 TULLII
1517 261 1922 321 CICERONIS

477 398 650 465 sunt,
702 410 833 452 non
866 387 1039 453 idem
1072 385 1277 452 sentio
1329 396 1507 451 tanta
1541 386 1662 451 hac
1695 386 1764 451 in
1797 408 1867 451 re
1919 396 2176 471 tamque
2227 387 2550 457 immensa

472 503 667 568 posse
700 480 869 559 fieri3
910 482 1009 545 sin
1044 490 1257 546 autem
1291 480 1402 566 qui
1437 480 1844 558 arbitrantur,
1881 480 2237 547 deducendi
2271 494 2422 548 sunt
2457 486 2547 551 ad

476 598 617 653 eos,
672 574 783 659 qui
826 574 986 640 haec
1038 575 1269 639 docent
1275 598 1295 651 3
1350 573 1565 640 omnia
1607 574 1735 639 iam
1779 574 2094 661 explicata
2127 586 2198 641 et·
2225 576 2548 663 perpolita

474 670 931 754 adsequentur3
986 679 1135 733 sunt
1170 667 1339 733 enim
1380 668 1873 735 innumerabiles
1911 669 1991 734 de
2025 669 2126 735 his
2162 671 2354 735 rebus
2388 670 2544 737 libri

472 786 681 847 neque
718 762 917 828 abditi
950 783 1157 845 neque
1202 762 1487 827 obscuri:
1542 762 1660 827 sed
1693 761 1954 827 videant
1985 762 2140 847 quid
2171 763 2396 839 velint3
2453 766 2544 830 ad

472 857 903 923 ludendumne
938 878 1021 921 an
1054 856 1138 921 ad
1170 856 1586 942 pugnandum
1613 878 1790 921 arma
1824 854 1952 923 sint
1985 856 2324 943 sumpturi3
2363 856 2544 923 aliud

472 949 644 1015 enim
677 971 897 1039 pugna
938 960 1004 1014 et
1038 947 1236 1029 acies,
1294 949 1466 1014 aliud
1508 950 1696 1015 ludus
1750 970 2136 1036 campusque
2170 960 2386 1015 noster
2422 952 2543 1017 de-

474 1043 738 1121 siderat3
795 1053 1076 1108 attamen
1110 1066 1215 1107 ars
1258 1042 1403 1129 ipsa
1453 1042 1699 1108 ludicra
1749 1064 2066 1107 armorum
2101 1055 2166 1109 et
2199 1043 2540 1129 gladiatori

472 1146 538 1201 et
568 1136 754 1201 militi
789 1136 1052 1223 prodest
1086 1134 1324 1219 aliquid
1333 1161 1352 1213 ;
1409 1136 1525 1202 sed
1561 1136 1806 1201 animus
1855 1157 2000 1201 acer
2033 1147 2098 1203 et
2129 1160 2431 1223 praesens
2469 1148 2530 1203 et

470 1242 694 1295 acutus
746 1230 918 1295 idem
977 1241 1168 1312 atque
1230 1240 1524 1295 versutus
1578 1230 1847 1295 invictos
1900 1228 2071 1295 viros
2127 1230 2314 1295 efficit
2367 1227 2537 1315 [non

472 1322 789 1389 difficilius
833 1333 967 1388 arte
1020 1320 1407 1411 coniuncta}
1503 1345 1629 1407 qua
1669 1346 1741 1388 re
1777 1346 1898 1409 ego
1943 1322 2058 1388 tibi
2093 1333 2396 1389 oratorem
2433 1321 2538 1387 sic

468 1418 595 1482 iam
630 1416 976 1497 instituam,
1014 1415 1071 1481 si
1102 1426 1345 1504 potere,
1381 1427 1456 1482 ut
1488 1416 1643 1500 quid
1683 1416 1937 1482 efficere
1969 1416 2175 1503 possit
2207 1425 2351 1481 ante
2384 1438 2540 1503 per-

474 1512 769 1598 spiciam:
825 1512 909 1577 sit
942 1510 1112 1577 enim
1161 1511 1321 1576 mihi
1363 1510 1600 1577 tinctus
1642 1511 1900 1588 litteris;
1955 1509 2222 1575 audierit
2273 1510 2533 1593 aliquid,

468 1606 724 1693 legerit,
769 1606 895 1671 ista
926 1606 1071 1693 ipsa
1102 1618 1446 1694 praecepta
1479 1604 1819 1692 acceperit3
1873 1604 2198 1692 temptabo
2233 1604 2388 1689 quid
2421 1605 2538 1671 de-

470 1710 638 1777 ceat,
694 1698 849 1783 quid
882 1722 1069 1778 voce,
1122 1699 1277 1784 quid
1310 1700 1581 1777 viribus,
1628 1699 1781 1783 quid
1821 1698 2074 1785 spiritu,
2128 1697 2281 1783 quid
2311 1698 2536 1785 lingua

468 1794 721 1859 efficere
771 1793 995 1880 possit.
1086 1792 1144 1858 si
1185 1793 1553 1881 intellegam
1595 1814 1790 1879 posse
1847 1792 1930 1857 ad
1975 1814 2256 1859 summos
2306 1814 2537 1880 perve-

465 1888 631 1967 nire,
684 1911 815 1954 non
850 1887 1057 1953 solum
1090 1888 1419 1964 hortabor,
1472 1897 1547 1952 ut
1581 1888 1888 1965 elaboret,
1937 1887 2054 1951 sed
2087 1886 2304 1964 etiam,
2342 1887 2398 1951 si
2432 1886 2536 1951 vir

467 2004 719 2067 quoque
770 1980 980 2048 bonus
1032 1982 1189 2045 mihi
1241 1981 1559 2047 videbitur
1613 1994 1786 2059 esse,
1841 1980 2190 2047 obsecrabo
2200 2006 2220 2059 3
2281 1991 2531 2045 tantum

464 2098 589 2163 ego
632 2074 701 2140 in
743 2075 1075 2142 excellenti
1118 2086 1367 2141 oratore
1412 2086 1478 2141 et
1519 2076 1743 2142 eodem
1783 2076 1954 2140 bono
1995 2074 2134 2140 viro
2175 2096 2346 2161 pono
2383 2096 2532 2140 esse

468 2169 821 2235 ornamenti
872 2169 1209 2235 universae
1264 2168 1531 2248 civitati3
1588 2169 1686 2235 sin
1731 2168 2073 2247 videbitur,
2129 2189 2271 2233 cum
2316 2167 2531 2235 omnia

466 2285 715 2330 summa
766 2263 1015 2342 fecerit,
1070 2273 1283 2331 tamen
1327 2264 1411 2330 ad
1453 2260 1790 2331 mediocris
1843 2273 2127 2329 oratores
2176 2284 2327 2330 esse
2371 2285 2528 2329 ven-

466 2368 674 2437 turus,
725 2357 1086 2445 permittam
1120 2358 1246 2445 ipsi
1281 2359 1438 2442 quid
1481 2358 1664 2439 velit3
1716 2359 2026 2424 molestus
2063 2379 2298 2444 magno
2333 2380 2524 2446 opere

464 2475 593 2518 non
644 2474 783 2532 er03
842 2451 943 2518 sin
995 2451 1186 2538 plane
1240 2453 1604 2522 abhorrebit
1647 2462 1712 2518 et
1763 2453 1883 2518 erit
1935 2452 2276 2532 absurdus,
2327 2462 2396 2517 ut
2451 2474 2528 2519 se

466 2546 785 2613 contineat
836 2556 945 2611 aut
998 2548 1081 2612 ad
1133 2545 1306 2613 aliud
1368 2546 1648 2612 studium
1707 2537 2075 2626 transferat,
2140 2547 2522 2626 admoneb03

464 2664 613 2705 nam
647 2662 855 2725 neque
889 2641 975 2720 is,
1030 2640 1139 2726 qui
1173 2642 1411 2728 optime
1445 2651 1686 2731 potest,
1742 2641 2132 2708 deserendus
2166 2641 2295 2707 ullo
2329 2640 2526 2708 modo

463 2745 563 2799 est
606 2758 647 2800 a
688 2734 1121 2802 cohortatione
1170 2746 1394 2800 nostra
1442 2757 1651 2820 neque
1701 2733 1788 2813 is,
1843 2734 1952 2819 qui
2001 2735 2240 2819 aliquid
2289 2745 2523 2821 potest,

462 2830 901 2894 deterrendus:
940 2831 1109 2914 quod
1144 2831 1413 2896 alterum
1439 2829 1784 2896 divinitatis
1807 2829 1966 2894 mihi
1993 2830 2320 2896 cuiusdam
2345 2829 2526 2895 vide-

461 2933 592 2999 tur,
630 2923 922 3001 alterum,
960 2924 1063 2989 vel
1097 2948 1227 2991 non
1262 2926 1473 2991 facere
1510 2926 1680 3009 quod
1713 2948 1842 2991 non
1879 2925 2114 3012 optime
2147 2925 2380 3011 possis,
2416 2925 2522 2990 vel

461 3015 672 3080 facere
725 3017 899 3100 quod
948 3040 1080 3083 non
1140 3020 1420 3106 pessime
1473 3019 1702 3098 facias,
1765 3019 2204 3100 humanitatis,
2265 3019 2522 3084 tertium

459 3131 612 3174 vero
646 3109 831 3190 illud,
886 3111 1159 3178 clamare
1196 3125 1417 3180 contra
1453 3135 1642 3198 quam
1698 3115 1920 3179 deceat
1953 3125 2018 3178 et
2054 3137 2238 3199 quam
2285 3110 2520 3198 possit,

459 3203 730 3269 hominis
768 3216 893 3286 est,
929 3215 1001 3270 ut
1035 3216 1135 3286 ιιι,
1174 3204 1434 3284 Catule,
1480 3208 1559 3274 de
1595 3209 1871 3292 quodam
1907 3208 2242 3273 clamatore
2277 3204 2519 3285 dixisti,

461 3295 733 3362 sultitiae
770 3321 923 3365 suae
960 3322 1151 3384 quam
1201 3301 1509 3388 plurimos
1545 3303 1727 3368 testis
1779 3302 2127 3368 domestico
2177 3299 2524 3388 praeconio

458 3390 853 3478 conligentis.
941 3393 1021 3460 de
1056 3395 1179 3460 hoc
1213 3394 1432 3480 igitur,
1471 3395 1579 3478 qui
1615 3395 1734 3460 erit
1767 3395 1940 3473 talis,
1985 3406 2057 3460 ut
2091 3393 2522 3461 cohortandus

458 3485 978 3574 adiuvandusque
1016 3487 1116 3566 sit,
1151 3488 1242 3553 ita
1275 3489 1626 3573 loquamur,
1663 3501 1735 3555 ut
1769 3491 1830 3555 ei
1863 3491 2187 3555 tradamus
2224 3511 2302 3555 ea
2335 3489 2524 3554 dum-

454 3590 658 3659 taxat,
704 3604 867 3667 quae
900 3605 1019 3648 nos
1054 3605 1211 3648 usus
1249 3582 1494 3662 docuit,
1539 3594 1611 3648 ut
1645 3583 1828 3649 nobis
1866 3584 2134 3649 ducibus
2170 3583 2384 3648 veniat
2417 3604 2522 3659 ec,

456 3696 582 3759 quo
620 3676 756 3743 sine
792 3677 1007 3742 duce
988 3676 1115 3763 ipsi
1156 3679 1592 3764 pervenimus,
1649 3679 1948 3764 quoniam
1990 3677 2257 3744 meliora
2289 3678 2526 3744 docere

352 3759 417 3814 21
454 3792 584 3835 non
633 3792 999 3858 possumus.
1108 3784 1297 3857 atque
1348 3785 1424 3839 ut
1473 3796 1513 3838 a
1565 3772 1860 3838 familiari
1917 3783 2137 3838 nostro
2203 3771 2523 3848 exordiar,

360 3831 623 3928 83hunc
660 3887 812 3952 eg0,
868 3863 1129 3945 Catule,
1188 3865 1541 3954 Sulpicium
1585 3867 1861 3954 primum
1902 3865 1970 3932 in
2014 3888 2210 3932 causa
2250 3863 2524 3952 parvula

456 3955 1001 4024 adulescentulum
1038 3958 1255 4025 audivi
1289 3982 1447 4026 voce
1483 3970 1548 4026 et
1581 3961 1788 4028 forma
1822 3971 1888 4026 et
1919 3969 2100 4026 motu
2133 3957 2415 4046 corporis
2451 3968 2529 4022 et

454 4045 712 4132 reliquis
763 4053 957 4118 rebus
1002 4053 1167 4141 aptis
1216 4055 1299 4120 ad
1342 4054 1466 4120 hoc
1517 4077 1779 4136 munus,
1834 4056 1914 4121 de
1959 4076 2084 4139 quo
2128 4051 2527 4138 quaerimus,
