2784 4575
1 1794 6 1859 ,
1 1574 19 1749 Ὗ-τῄπ,
1 1532 4 1537 .

1019 267 1329 326 saurus
1366 269 1607 330 82—89.
2214 253 2365 328 215

279 391 581 461 Cornelio
629 390 714 456 L.
751 389 1072 456 Mummio
1115 389 1485 472 censoribus
1526 390 1931 471 redemisset,
1986 391 2347 462 decrevisse

191 555 198 557 ,
283 498 594 565 senatum,
629 497 703 552 ut
738 486 818 550 de
855 507 932 550 ea
965 507 1034 550 re
1070 495 1531 572 cognoscerent
1562 495 1627 550 et
1654 495 2003 558 statuerent
2028 485 2341 566 consules,

284 587 544 648 'causam
575 600 694 667 pro
727 578 1082 667 publicanis
1122 578 1451 657 adcurate,
1500 590 1572 644 ut
1606 601 1857 667 semper
1892 580 2115 647 solitus
2152 592 2341 660 essct,
2388 609 2441 650 se

284 674 732 760 eleganterque
785 672 1026 740 dixisse
1078 670 1405 750 Laelium3
1459 693 1606 737 cum
1664 673 1958 739 consules
2008 696 2081 740 re
2133 675 2349 748 audita

277 788 530 834 muns
573 767 653 831 de
691 766 940 831 consilii
975 766 1289 832 sententia
1321 765 1931 854 pronuntiavissent,
1993 767 2216 854 paucis
2249 767 2348 832 in-

279 858 604 947 terpositis
655 859 879 924 diebus
941 859 1171 925 iterum
1229 858 1530 922 Laelium
1570 856 1769 921 multo
1814 858 2177 942 diligentius
2211 882 2350 924 me-

275 953 526 1038 liusque
561 951 803 1019 dixisse
844 952 1197 1033 iterumque
1233 949 1459 1015 eodem
1502 951 1693 1012 modo
1730 971 1769 1012 a
1808 949 2179 1016 consulibus*
2208 974 2347 1017 rem

279 1069 424 1113 esse
483 1047 824 1133 prolatam,
888 1056 1024 1110 tum
1075 1040 1400 1117 Laelium,
1464 1060 1609 1105 cum
1661 1063 1807 1107 eum
1871 1042 2027 1108 socii
2086 1044 2345 1111 domum

285 1140 694 1208 reduxissent
737 1139 1144 1244 egissentque
1187 1133 1427 1222 gratias
1474 1146 1542 1201 et
1580 1157 1662 1201 ne
1706 1136 2161 1224 defatigaretur
2204 1160 2349 1204 orae-

282 1235 556 1313 vissent,
604 1234 887 1300 locutum
923 1251 1067 1294 esse
1101 1227 1218 1294 ita:
1267 1250 1368 1306 se,
1415 1251 1577 1314 quae
1612 1229 1901 1309 fecisset,
1943 1231 2199 1299 honoris
2236 1255 2349 1300 co-

277 1351 420 1394 rum
455 1349 650 1394 causa
686 1325 968 1392 studiose
1013 1322 1437 1406 adcurateque
1482 1322 1743 1402 fecisse,
1799 1279 1915 1390 sed
1950 1349 2021 1392 se
2056 1326 2347 1393 arbitrari

281 1443 540 1489 causam
571 1421 746 1486 illam
780 1441 821 1482 a
856 1414 999 1482 Ser.
1039 1414 1280 1494 Galba,
1326 1415 1551 1501 quod
1530 1439 1587 1482 rs
1620 1416 1690 1480 in
1725 1417 1993 1485 dicendo
2028 1419 2348 1487 actuosior

281 1516 608 1600 acriorque
651 1520 852 1588 esset,
905 1509 1166 1598 gravius
1211 1521 1278 1574 et
1320 1509 1757 1577 vehementius
1806 1533 2002 1600 posse
2056 1512 2341 1592 defendi3

279 1610 494 1694 itaque
528 1605 900 1671 auctoritate
938 1602 1018 1670 C.
1053 1603 1266 1671 Laelii
1308 1603 1682 1691 publicanos
1737 1627 1996 1672 causam
2038 1607 2343 1673 detulisse

283 1703 366 1768 ad
417 1699 725 1766 Galbamt'
786 1698 968 1764 illum
1023 1708 1268 1776 autem,
1333 1698 1505 1781 quod
1557 1699 1618 1765 ei
1680 1699 1817 1766 viro
1878 1699 2343 1766 succedendum
2386 1738 2438 1780 8⁷

283 1804 454 1862 esset
463 1841 484 1872 ,
545 1793 903 1859 verecunde
959 1802 1026 1860 et
1075 1791 1438 1858 dubitanter
1487 1792 1837 1881 recepisse3
1898 1817 2098 1860 unum
2162 1795 2344 1879 quasi

283 1887 877 1975 comperendinatus
912 1886 1195 1952 medium
1230 1887 1401 1952 diem
1435 1886 1667 1967 fuisse,
1722 1911 1913 1973 quem
1947 1900 2151 1955 totum
2186 1887 2345 1956 Gal-

277 1984 428 2049 bam
461 1981 532 2046 in
565 1981 1028 2049 consideranda
1061 2002 1256 2046 causa
1291 1983 1853 2068 componendaque
1888 1983 2211 2071 posuisse,
2257 1996 2341 2060 et,

280 2097 428 2140 cum
463 2073 842 2171 cognitionis
879 2073 1016 2140 dies
1054 2085 1228 2140 esset
1261 2084 1326 2140 et
1365 2074 1505 2162 ipse
1539 2075 1819 2142 Rutilius
1862 2087 2095 2164 rogatu
2139 2077 2344 2145 socio-

275 2193 420 2236 rum
463 2153 726 2234 domum
770 2169 854 2233 ad
900 2166 1176 2235 Galbam
1226 2190 1415 2234 mane
1460 2169 1767 2250 venisset,
1818 2181 1892 2236 ut
1936 2193 2083 2237 eum
2126 2172 2344 2238 admo-

276 2273 458 2330 neret
492 2272 557 2328 et
591 2263 674 2329 ad
707 2263 959 2329 dicendi
983 2274 1234 2351 tempus
1263 2263 1626 2345 adduceret,
1660 2287 1863 2351 nsque
1898 2265 2096 2346 illum,
2134 2265 2346 2352 quoad

279 2358 342 2423 ei
386 2356 745 2423 nuntiatum
789 2368 962 2423 esset
1044 2358 1340 2425 consules
1398 2360 1832 2440 descendisse,
1896 2360 2189 2427 omnibus
2235 2384 2347 2427 ex-

279 2450 476 2517 clusis
573 2461 1066 2517 commentatum
1115 2452 1184 2517 in
1235 2451 1513 2536 quadam
1576 2454 1891 2519 testudine
1944 2476 2091 2519 cum
2143 2452 2343 2517 servis

277 2545 571 2613 litteratis
593 2545 832 2624 fuisse,
869 2568 1137 2630 quorum
1174 2546 1282 2611 alii
1317 2546 1492 2611 aliud
1525 2546 1763 2630 dictare
1802 2547 2027 2613 eodem
2062 2556 2345 2631 tempore

283 2640 504 2705 solitus
558 2650 760 2707 esset:
823 2640 1076 2706 interim
1129 2662 1274 2705 cum
1339 2650 1514 2705 esset
1564 2638 1624 2704 ei
1673 2639 2031 2705 nuntiatum
2090 2648 2342 2723 tempus

283 2756 426 2799 esse
437 2780 457 2811 ,
511 2733 720 2800 exisse
764 2733 834 2799 in
879 2734 1056 2799 aedis
1102 2756 1180 2800 eo
1225 2732 1436 2800 colore
1482 2743 1548 2798 et
1590 2730 1681 2797 eis
1736 2731 1966 2809 oculis,
2018 2740 2091 2795 ut
2133 2730 2343 2817 egisse

283 2847 570 2904 causam,
622 2850 752 2894 non
796 2838 1294 2895 commentatum
1335 2836 1616 2913 putares.
1705 2823 1980 2889 addebat
2023 2823 2215 2889 etiam
2247 2823 2439 2893 id-ss

287 2942 410 3005 que
447 2921 550 2988 ad
571 2944 708 2987 rem
739 2922 1057 3010 pertinere
1092 2921 1389 3009 putabat,
1430 2918 1767 3005 scriptores
1802 2916 1947 2983 illos
1982 2918 2147 2983 male
2182 2918 2345 2983 mul·-

285 3025 462 3090 catos
507 3016 718 3083 exisse
766 3038 914 3082 cum
951 3016 1193 3095 Galba3
1249 3037 1330 3081 ex
1375 3036 1501 3099 quo
1548 3012 1948 3101 significabat
1995 3012 2175 3077 illum
2216 3035 2347 3077 non

279 3109 349 3173 in
394 3110 644 3197 agendo
691 3110 927 3189 solum,
983 3110 1102 3176 sed
1145 3108 1338 3178 etiam
1378 3108 1448 3175 in
1489 3106 1854 3174 meditando
1905 3104 2346 3171 vehementem

283 3212 472 3287 atque
496 3202 830 3272 incensum
857 3204 1080 3271 fuisse.
1151 3202 1321 3313 quid·
1332 3202 1574 3268 multa?
1607 3224 1843 3288 magna
1876 3197 2347 3287 exspectatione

281 3295 568 3382 plurimis
615 3296 1016 3364 audientibus
1053 3320 1268 3364 coram
1301 3298 1446 3384 ipso
1478 3295 1709 3361 Laelio
1755 3295 1846 3360 sic
1879 3294 2053 3359 illam
2090 3314 2349 3359 causam

287 3399 462 3454 tanta
495 3391 562 3455 vi
596 3400 896 3476 tantaque
931 3392 1244 3479 gravitate
1281 3389 1522 3456 dixisse
1559 3388 1863 3467 Galbam,
1898 3398 1971 3453 ut
2003 3386 2181 3452 nulla
2210 3386 2348 3451 fere

283 3505 435 3569 pars
481 3484 782 3551 orationis
827 3484 1078 3552 silentio
1130 3483 1608 3572 praeteriretur-3
1658 3482 1874 3592 itaque
1926 3479 2141 3547 multis
2194 3498 2351 3563 que-

281 3575 455 3642 rellis
499 3570 824 3665 multaque
867 3578 1272 3645 miseratione
1317 3576 1603 3644 adhibita
1654 3576 1861 3643 socios
1906 3574 2198 3642 omnibus
2235 3596 2350 3661 ap-

281 3671 699 3757 probantibus
752 3672 864 3739 illa
917 3673 1019 3739 die
1073 3671 1443 3784 quaestione
1494 3670 1795 3737 liberatos
1850 3691 2013 3737 esse.
2100 3690 2185 3735 ex
2225 3668 2349 3733 hac
2381 3664 2452 3777 ἓξ

280 3765 506 3832 Rutilii
540 3768 902 3833 narratione
939 3768 1248 3855 suspicari
1280 3767 1458 3847 licet,
1512 3788 1657 3832 cum
1692 3765 1873 3831 duae
1899 3784 2186 3830 summae
2222 3761 2350 3827 sint

159 3876 174 3881 ·
283 3858 351 3922 in
405 3871 654 3927 oratore
708 3861 964 3941 laudes,
1017 3883 1148 3928 una
1201 3861 1513 3928 subtiliter
1566 3858 1928 3948 disputandi
1980 3856 2065 3923 ad
2112 3855 2351 3923 docen-

285 3950 467 4031 dum,
521 3955 722 4022 altera
765 3956 1042 4043 graviter
1087 3956 1318 4043 agendi
1363 3956 1447 4021 ad
1492 3952 1735 4020 animos
1780 3950 2170 4019 audientium
2203 3971 2349 4037 per-

282 4048 666 4130 movendos,
721 4050 1044 4137 multoque
1079 4050 1224 4138 plus
1267 4048 1561 4147 proficiat
1592 4048 1679 4127 is,
1724 4045 1833 4133 qui
1866 4046 2215 4133 inflammet
2246 4043 2347 4109 iu-
