2784 4575
375 1460 452 1502 139

491 265 618 330 174
1101 277 1177 332 Μ.
1217 279 1493 336 TULLII
1528 277 1929 337 CICERONIS

485 401 617 468 lute
657 400 900 488 patriae
945 400 1257 478 severius,
1312 411 1525 466 tamen
1565 400 1635 465 id
1674 393 1913 488 ipsum,
1968 403 2139 486 quod
2180 401 2287 468 ille
2320 413 2557 470 contra

485 495 810 584 popularis
855 494 1144 560 homines
1199 494 1437 561 diceret
1443 541 1463 573 ,
1516 497 1823 582 populare
1877 497 2168 564 omnibus
2214 508 2279 562 et
2319 496 2555 562 iucun-

489 592 641 657 dum
675 589 1022 667 videretur3
1059 589 1238 656 cuius
1271 591 1340 655 in
1371 590 1567 656 labris
1603 601 1849 656 veteres
1886 591 2129 670 comici,
2167 592 2359 656 etiam
2396 614 2557 656 cum

485 685 578 749 illi
611 684 776 749 male
813 683 1093 750 dicerent
1137 685 1336 768 (quod
1369 693 1505 748 tum
1538 682 1813 750 Athenis
1847 683 1985 750 fieri
2021 684 2251 752 licebat
2261 687 2310 769 ,)
2362 684 2557 772 lepo-

483 800 619 844 rem
664 777 988 844 habitasse
1032 777 1326 844 dixerunt
1377 789 1742 863 tantamque
1774 778 1843 843 in
1878 779 2102 844 eodem
2136 778 2267 844 vim
2316 778 2551 858 fuisse,

485 883 559 938 ut
589 871 657 935 in
691 893 910 937 eorum
943 871 1280 950 mentibus,
1317 871 1427 956 qui
1461 871 1805 949 audissent,
1842 871 2026 956 quasi
2060 872 2312 939 aculeos
2350 893 2553 957 quos-

486 964 637 1030 dam
695 963 1096 1049 relinqueret.
1203 976 1269 1030 at
1319 966 1490 1030 hunc
1540 987 1670 1030 non
1732 965 2115 1030 declamator
2178 965 2405 1050 aliquis
2460 967 2553 1031 ad

485 1057 888 1146 clepsydram
919 1059 1150 1123 latrare
1185 1059 1515 1136 docuerat,
1562 1058 1706 1137 sed,
1758 1070 1831 1124 ut
1865 1059 2253 1146 accepimus,
2309 1057 2551 1126 Clazo-

485 1150 734 1216 menius
776 1150 883 1216 ille
917 1153 1348 1238 Anaxagoras
1387 1151 1486 1216 vir
1538 1174 1823 1218 summus
1866 1152 1935 1217 in
1985 1153 2407 1218 maximarum
2438 1175 2547 1218 re·-

483 1265 626 1310 rum
681 1245 973 1310 scientia:
1033 1244 1246 1329 itaque
1297 1245 1404 1310 hic
1456 1246 1770 1325 doctrina,
1833 1247 2123 1325 consilio,
2180 1247 2547 1331 eloquentia

486 1338 802 1405 excellens
849 1340 1268 1426 quadraginta
1310 1339 1493 1404 annis
1542 1339 1818 1428 praefuit
1849 1341 2125 1406 Athenis
2172 1351 2238 1406 et
2278 1340 2540 1406 urbanis

487 1432 713 1498 eodem
772 1444 1055 1521 tempore
1107 1445 1172 1499 et
1221 1433 1466 1500 bellicis
1527 1434 1739 1500 rebus.
1844 1434 1998 1518 quid
2051 1432 2327 1500 Critias?
2386 1435 2543 1519 quid

484 1524 894 1592 Alcibiades?
944 1526 1302 1593 civitatibus
1350 1527 1605 1611 quidem
1650 1527 1784 1592 suis
1818 1551 1948 1594 non
1981 1529 2160 1608 boni,
2218 1529 2335 1595 sed
2369 1539 2540 1594 certe

486 1618 656 1686 docti
697 1631 890 1704 atque
931 1620 1300 1705 eloquentes
1314 1669 1333 1697 ,
1387 1643 1599 1687 nonne
1638 1618 1979 1688 Socraticis
2034 1632 2213 1687 erant
2255 1622 2541 1708 disputa-

486 1713 762 1780 tionibus
799 1713 1064 1780 eruditi?
1115 1713 1256 1799 quis
1290 1713 1573 1781 Dionem
1611 1711 2023 1800 Syracosium
2067 1715 2365 1781 doctrinis
2402 1737 2541 1780 om-

483 1808 670 1875 nibus
725 1807 1064 1896 expolivit?
1123 1831 1254 1874 non
1300 1808 1533 1875 Plato?
1593 1819 1781 1894 atque
1835 1831 1981 1874 eum
2030 1808 2201 1873 idem
2250 1808 2355 1874 ille
2406 1831 2539 1875 non

483 1901 739 1990 linguae
793 1902 1024 1980 solum,
1078 1923 1300 1969 verum
1344 1902 1537 1967 etiam
1591 1901 1785 1966 animi
1828 1923 1905 1968 ac
1943 1902 2190 1968 virtutis
2232 1901 2539 1988 magister

419 2011 424 2018 ·
486 1995 568 2060 ad
601 1995 990 2062 liberandam
1015 1987 1284 2081 patriam
1309 1995 1578 2082 impulit,
1614 1995 1929 2073 instruxit,
1968 1996 2247 2062 armavit.
2308 1994 2533 2060 aliisue

481 2088 676 2174 igitur
718 2089 956 2153 artibus
1001 2089 1171 2153 hunc
1203 2089 1487 2155 Dionem
1528 2089 1801 2155 instituit
1840 2091 2058 2169 Plato,
2114 2091 2251 2156 aliis
2284 2090 2537 2156 Isocra-

481 2194 578 2247 tes
632 2180 1049 2246 clarissimum
1101 2181 1307 2247 virum
1341 2181 1749 2248 Timotheum
1786 2182 2069 2252 Cononis
2125 2183 2537 2271 praestantis-

482 2273 626 2339 simi
682 2273 1077 2361 imperatoris
1139 2275 1369 2356 filium,
1442 2300 1759 2345 summum
1816 2276 2030 2367 ipsum
2090 2278 2533 2367 imperatorem

479 2367 923 2479 hominemque
963 2370 1437 2438 doctissimum?
1474 2383 1583 2438 aut
1618 2371 1755 2439 aliis
1790 2374 2221 2462 Pythagorius
2256 2373 2363 2439 ille
2396 2374 2533 2459 Ly-

482 2462 570 2527 sis
623 2462 1003 2529 Thebanum
1051 2465 1593 2552 Epaminondam,
1656 2467 1830 2533 haud
1880 2468 2011 2534 scio
2074 2492 2157 2533 an
2218 2490 2533 2533 summum

480 2556 686 2621 virum
718 2579 916 2622 unum
954 2560 1158 2625 omnis
1198 2557 1544 2626 Graeciae?
1580 2570 1688 2625 aut
1720 2560 2093 2648 Xenophon
2103 2562 2535 2672 Agesilaum?

480 2661 590 2715 aut
637 2650 967 2718 Philolaus
1020 2653 1376 2739 Archytam
1427 2653 1881 2721 Tarentinum?
1943 2667 2052 2721 aut
2101 2656 2239 2744 ipse
2291 2656 2535 2740 Pytha-

479 2766 669 2831 goras
706 2754 903 2812 totam
936 2746 1112 2811 illam
1146 2757 1425 2813 veterem
1458 2748 1683 2815 Italiae
1722 2747 2087 2827 Graeciam,
2133 2771 2296 2834 quae
2334 2772 2533 2857 quon·-

367 2837 446 2950 ᾗ
483 2838 631 2902 <lam
664 2862 900 2927 magna
930 2840 1205 2906 vocitata
1239 2842 1374 2933 est?
1410 2842 1703 2926 equidem
1736 2864 1865 2908 non
1901 2844 2195 2921 arbitror3
2236 2843 2329 2907 sic
2362 2841 2532 2907 enim

483 2929 668 2998 video
676 2978 695 3010 ,
748 2954 943 2999 unam
977 2934 1295 3017 quandam
1337 2936 1620 3000 omnium
1662 2958 1902 3015 rerum,
1958 2958 2120 3021 quae
2168 2946 2383 3002 essent
2415 2935 2533 3000 ho-

480 3024 650 3091 mine
701 3027 946 3093 erudito
998 3027 1228 3114 dignae
1281 3038 1473 3113 atque
1506 3052 1611 3109 eo,
1666 3030 1776 3115 qui
1808 3031 1877 3095 in
1908 3052 1979 3095 re
2029 3030 2289 3115 publica
2338 3030 2533 3095 vellet

480 3120 816 3199 excellere,
877 3121 1078 3187 fuisse
1131 3122 1483 3188 doctrinam
1491 3148 1511 3201 3
1576 3145 1768 3207 quam
1818 3124 1927 3207 qui
1988 3122 2409 3209 accepissent,
2476 3124 2531 3189 si

477 3212 684 3279 eidem
735 3215 991 3301 ingenio
1047 3212 1160 3301 [ad
1209 3216 1773 3304 pronuntiandum]
1820 3216 2169 3282 valuissent
2220 3227 2285 3281 et
2332 3239 2403 3282 se
2450 3218 2533 3281 ad

479 3307 815 3374 dicendum
849 3329 1098 3393 quoque
1133 3332 1262 3375 non
1294 3320 1689 3397 repugnante
1732 3321 1959 3376 natura
1994 3310 2347 3389 dedissent,
2401 3310 2533 3375 elo—

367 3438 443 3478 141
478 3401 736 3485 quentia
766 3401 1178 3488 praestitisse.
1264 3403 1481 3487 itaque
1522 3402 1661 3490 ipse
1696 3402 2079 3470 Aristoteles
2127 3425 2271 3469 cum
2305 3404 2531 3469 florere

477 3496 826 3563 Isocratem
883 3496 1209 3564 nobilitate
1269 3498 1723 3587 discipulorum
1784 3498 2056 3578 videret,
2132 3496 2332 3585 [quod
2390 3497 2531 3583 ipse

480 3610 628 3655 suas
689 3590 1146 3677 disputationes
1199 3616 1238 3657 a
1290 3592 1501 3658 causis
1560 3593 1919 3659 forensibus
1980 3604 2047 3659 et
2096 3592 2383 3657 civilibus
2447 3592 2531 3655 ad

478 3682 733 3749 inanem
785 3686 1092 3751 sermonis
1147 3686 1529 3773 elegantiam
1578 3684 2063 3773 transtulisset,]
2119 3684 2389 3751 mutavit
2428 3706 2529 3751 re·-

476 3788 667 3865 pente
712 3788 908 3845 totam
960 3779 1229 3844 formam
1280 3802 1478 3867 prope
1521 3780 1890 3867 disciplinae
1944 3802 2095 3847 suae
2149 3778 2527 3863 versumque

482 3872 799 3955 quendam
831 3874 1225 3940 Philoctetae
1275 3876 1469 3961 paulo
1514 3897 1699 3941 secus
1744 3877 1933 3942 dixit:
1992 3874 2097 3941 ille
2142 3874 2310 3939 enim
2345 3884 2525 3961 turpe

481 3963 600 4028 sibi
635 3965 725 4029 ait
757 3986 900 4031 esse
936 3977 1171 4045 tacere,
1227 3990 1371 4033 cum
1404 3967 1738 4049 barbaros,
1783 3969 1889 4035 hic
1922 3980 2159 4048 autem,
2207 3989 2353 4033 cum
2385 3968 2525 4033 Iso-

477 4066 713 4120 cratem
771 4070 1094 4143 pateretur
1153 4060 1359 4125 dicere
1369 4087 1388 4139 3
1458 4061 1673 4146 itaque
1742 4063 1989 4129 ornavit
2046 4072 2111 4129 et
2168 4060 2523 4128 inlustravit
