2784 4575
474 241 584 298 DE
618 237 929 298 PARTIT.
967 237 1369 298 ORATORIA
1403 241 1609 297 DIAL.
1643 243 1916 298 96-103.
2105 229 2237 296 365

193 360 297 448 [ac
344 361 771 452 publicarum]
832 385 1064 430 rerum
1095 361 1241 450 lege
1294 373 1406 430 aut
1451 385 1647 432 more,
1687 364 1994 451 positum3
2057 365 2238 434 cuius

193 457 453 526 scientia
485 458 779 546 neglecta
812 457 894 522 ab
928 455 1283 522 oratoribus
1335 456 1654 543 plerisque
1686 456 1872 522 nobis
1909 457 1992 523 ad
2027 457 2244 524 dicen-

192 553 343 620 dum
374 551 737 618 necessaria
769 549 1039 616 videtur.
1110 571 1235 634 qua
1264 572 1337 615 re
1375 551 1454 616 de
1491 551 1946 617 constituendis
1983 551 2245 618 actioni-

188 647 340 724 bus,
395 645 717 734 capiendis
763 643 1235 728 subeundisque
1269 643 1550 723 iudiciis,
1603 644 1684 710 de
1721 644 2093 731 excipienda
2123 645 2246 710 ini-

190 741 427 826 quitate
462 739 756 818 actionis,
814 739 895 806 de
932 739 1359 826 comparanda
1392 739 1738 824 aequitate,
1792 740 1964 824 quod
1997 763 2076 805 ea
2107 741 2243 806 fere

188 835 445 921 generis
506 834 644 900 eius
713 843 887 913 sunt,
948 843 1049 913 ut,
1111 855 1494 918 quamquam
1553 833 1622 897 in
1680 832 1892 920 ipsum
1941 833 2244 900 iudicium

188 951 382 1016 saepe
417 927 820 1005 delabantur,
856 936 1068 1012 tamen
1104 937 1251 992 ante
1284 926 1588 992 iudicium
1622 926 1953 992 tractanda
1984 929 2245 994 videan-
2357 972 2360 974 v

186 1033 319 1100 tur,
370 1021 633 1108 paulum
666 1043 745 1086 ea
780 1043 1005 1106 separo
1042 1044 1081 1086 a
1113 1020 1363 1100 iudiciis
1416 1031 1700 1108 tempore
1751 1021 1958 1106 magis
2013 1022 2246 1108 agendi

188 1137 380 1200 quam
422 1114 931 1184 dissimilitudine
976 1115 1256 1201 generis3
1308 1137 1460 1181 nam
1495 1115 1733 1196 omnia,
1788 1137 1950 1201 quae
1995 1116 2076 1181 de
2108 1114 2248 1182 iure

186 1208 358 1274 civili
392 1219 503 1276 aut
536 1209 616 1274 de
650 1229 853 1293 aequo
890 1219 955 1274 et
986 1210 1155 1276 bono
1211 1209 1670 1297 disceptantur,
1725 1210 2020 1275 cadunt’
1999 1234 2069 1275 ιιι
2103 1233 2246 1277 eam

185 1303 459 1369 formam
494 1324 845 1382 causarum,
892 1303 959 1367 in
994 1323 1119 1387 qua
1170 1303 1357 1387 quale
1413 1304 1566 1388 quid
1601 1305 1702 1370 sit
1743 1304 2108 1392 ambigitur,
2165 1305 2244 1370 de

184 1419 313 1482 qua
366 1396 593 1462 dicturi
645 1419 894 1475 sumne,
956 1418 1129 1480 quae
1170 1397 1240 1463 in
1299 1399 1619 1482 aequitate
1671 1408 1736 1463 et
1782 1399 1919 1465 iure
1967 1399 2244 1464 maxime

185 1491 497 1558 consistit.
584 1491 652 1555 in
688 1491 981 1557 omnibus
1016 1490 1211 1578 igitur
1246 1493 1456 1558 causis
1495 1503 1622 1558 tres
1659 1504 1808 1559 sunt
1841 1493 2128 1580 gradus,
2163 1517 2244 1559 ex
2273 1487 2352 1598 209

184 1584 417 1670 quibus
452 1607 617 1652 unus
673 1585 899 1670 aliquis
954 1586 1299 1672 capiendus
1336 1598 1464 1664 est,
1521 1587 1577 1652 si
1608 1587 1808 1673 pluris
1851 1611 1982 1652 ιιοιι
2025 1609 2241 1672 queas,

184 1679 269 1744 ad
312 1679 775 1746 resistendum·
828 1701 979 1744 nam
1030 1690 1140 1749 aut
1188 1681 1279 1746 ita
1330 1680 1805 1746 consistendum
1857 1690 1982 1758 est,
2035 1690 2108 1745 ut
2157 1681 2242 1758 id,

181 1773 361 1858 quod
411 1772 707 1852 obicitur,
770 1773 1011 1839 factum
1070 1797 1300 1860 neges,
1365 1788 1476 1840 aut
1533 1775 1721 1853 illud,
1786 1775 1958 1860 quod
2007 1775 2246 1838 factum

179 1869 458 1944 fateare,
516 1888 716 1953 neges
771 1889 914 1932 eam
974 1867 1105 1932 vim
1159 1869 1393 1934 habere
1467 1879 1654 1952 atque
1715 1867 1783 1932 id
1842 1891 2014 1946 esse,
2077 1869 2248 1952 quod

132 1993 135 1995 Α
178 1959 587 2026 adversarius
625 1960 1015 2038 criminetur,
1071 1971 1209 2040 aut,
1262 1961 1319 2026 si
1352 1984 1558 2046 neque
1595 1963 1676 2026 de
1712 1963 1878 2027 facto
1923 1982 2131 2046 neque
2165 1961 2248 2025 de

176 2054 339 2121 facti
389 2053 811 2142 appellatione
849 2055 1085 2141 ambigi
1128 2065 1370 2141 potest,
1423 2055 1519 2134 id,
1573 2057 1745 2139 quod
1797 2077 2091 2142 arguare,
2136 2077 2248 2120 ne·

176 2171 303 2236 ges
338 2149 465 2214 tale
500 2171 642 2214 esse
677 2149 865 2233 quale
898 2149 1005 2215 ille
1043 2150 1213 2215 dicat
1246 2161 1313 2216 et
1344 2151 1588 2216 rectum
1624 2173 1768 2216 esse
1814 2151 1986 2235 quod
2019 2150 2246 2216 feceris

182 2243 747 2309 concedendumve
783 2242 1111 2310 defendas.
1180 2244 1273 2310 ita
1304 2245 1548 2331 primus
1583 2245 1691 2311 ille
1729 2256 1931 2311 status
1966 2255 2034 2311 et
2065 2243 2249 2330 quasi
2276 2264 2356 2307 102

180 2334 503 2403 conflictio
547 2356 693 2399 cum
748 2337 1112 2403 adversario
1168 2340 1530 2404 coniectura
1571 2341 1875 2424 quadam,
1931 2338 2246 2405 secundus

181 2440 401 2496 autem
445 2427 807 2495 definitione
860 2441 1049 2514 atque
1105 2428 1558 2517 [descriptione
1609 2431 1750 2519 aut]
1804 2432 2247 2497 informatione

179 2521 387 2601 verbi,
423 2520 643 2587 tertius
682 2520 866 2606 aequi
899 2532 965 2587 et
998 2522 1133 2587 veri
1168 2533 1233 2588 et
1270 2520 1456 2609 [recti
1491 2521 1582 2611 et]
1621 2523 1882 2589 humani
1917 2524 2001 2587 ad
2031 2524 2254 2609 ignos-

180 2618 461 2684 cendum
485 2616 937 2703 disputatione
990 2616 1355 2683 tractandus
1419 2626 1536 2683 est.
1624 2627 1690 2681 et
1733 2616 2030 2701 quoniam
2085 2637 2252 2680 sem-

176 2734 303 2801 per
351 2710 439 2789 is,
492 2709 602 2794 qui
643 2708 955 2787 defendit,
1008 2732 1138 2776 non
1182 2709 1388 2776 solum
1438 2709 1698 2775 resistat
1746 2718 1996 2797 oportet
2039 2709 2252 2792 aliquo

180 2812 363 2871 certo
414 2812 585 2869 statu
636 2813 744 2869 aut
802 2799 1130 2869 infitiando
1183 2814 1293 2869 aut
1353 2802 1712 2869 definiendo
1773 2814 1884 2869 aut
1935 2803 2252 2887 aequitate

180 2896 589 3007 opponenda,
626 2894 743 2962 sed
770 2896 961 2963 etiam
984 2889 1296 2963 rationem
1326 2896 1598 2963 subiciat
1620 2897 2036 2963 recusationis
2073 2919 2247 2975 suae,

178 2990 430 3080 primus
482 2990 591 3056 ille
642 3000 845 3058 status
879 2990 1190 3056 rationem
1243 2990 1490 3056 habet
1469 2989 1670 3075 miqui
1713 2990 1992 3055 criminis
2042 2990 2250 3077 ipsam

178 3085 594 3172 negationem
646 3084 1209 3170 infitiationemque
1261 3086 1442 3164 facti3
1499 3084 1843 3165 secundus,
1899 3084 2073 3169 quod
2120 3105 2250 3149 non

184 3178 276 3244 sit
306 3178 375 3243 in
407 3201 507 3257 re,
562 3179 735 3263 quod
770 3181 852 3245 ab
906 3179 1267 3246 adversario
1304 3190 1591 3265 ponatur
1623 3178 1693 3243 in
1725 3178 1952 3257 verb03
2007 3177 2248 3255 tertius,

182 3270 365 3355 quod
395 3270 465 3334 id
494 3281 689 3335 recte‘
718 3272 960 3338 factum
996 3296 1139 3339 esse
1185 3272 1515 3351 defendat,
1569 3273 1742 3357 quod
1785 3270 1922 3337 sine
1953 3270 2106 3336 ‘ulla
2136 3293 2254 3337 no-

184 3361 385 3429 minis
440 3365 872 3429 controversia
920 3367 1162 3431 factum
1212 3368 1515 3433 fateatur:
1579 3366 1807 3431 deinde
1856 3364 1971 3429 uni
2023 3364 2248 3447 cuique

179 3455 421 3522 rationi
470 3455 918 3543 opponendum
970 3468 1071 3523 est
1123 3460 1205 3525 ab
1257 3470 1625 3527 accusatore
1667 3459 1763 3537 id,
1818 3458 1989 3543 quod
2031 3458 2089 3523 si
2122 3480 2252 3525 non

183 3559 369 3614 esset
399 3548 469 3613 in
504 3549 935 3629 accusatione,
972 3572 1167 3617 causa
1199 3552 1455 3618 omnino
1488 3574 1634 3618 esse
1667 3573 1797 3617 non
1829 3561 2080 3639 posset:
2133 3550 2254 3617 ita-

184 3661 319 3725 que
356 3665 453 3721 ea,
490 3664 652 3727 quae
689 3642 783 3709 sic
814 3644 1190 3724 referuntur,
1228 3645 1616 3712 continentia
1649 3666 1984 3711 causarum
2019 3665 2254 3712 vocan-

182 3746 329 3813 tur,
379 3758 761 3822 quamquam
792 3760 925 3803 non
960 3760 1038 3803 ea
1068 3740 1303 3850 magis,
1356 3758 1522 3823 quae
1557 3749 1776 3804 contra
1824 3740 2104 3805 rationes
2141 3738 2254 3801 de-

181 3828 501 3895 fensionis
562 3831 959 3909 adferuntur,
1026 3854 1221 3917 quam
1278 3832 1458 3920 ipsae
1519 3832 1906 3899 defensionis
1973 3832 2254 3897 rationes

2285 3388 2368 3429 103

183 3921 521 3988 continent
572 3945 829 4005 causas3
884 3926 999 3992 sed
1050 3926 1483 4013 distinguendi
1533 3927 1740 4015 gratia
1786 3926 2098 3993 rationem
2141 3948 2254 4011 ap-
2308 3971 2312 3974 -
2353 3972 2355 3974 .

178 4014 504 4101 pellemus
538 4040 708 4097 eam,
762 4040 925 4103 quae
959 4020 1241 4085 adfertur
1276 4021 1357 4086 ab
1397 4043 1508 4086 reo
1553 4022 1638 4087 ad
1683 4020 2107 4086 recusandum
2141 4017 2252 4085 de-
2358 4043 2366 4047 ·
