2784 4575
355 1702 421 1755 31

359 1774 413 1814 42

349 4040 420 4093 32

357 4112 410 4151 43

457 353 542 418 82
951 365 1368 422 CORNIFICII
1402 363 2023 421 RHETORICORUM

455 491 786 556 Romanus
837 511 941 554 me
1003 537 1019 553 .
1059 538 1074 554 .
1113 537 1130 553 .
1190 488 1338 554 nolo
1393 487 1630 565 dicere,
1672 510 1773 553 ne
1828 487 1930 552 cui
1980 487 2143 554 forte
2192 487 2511 612 adrogans

457 586 703 649 videar.
741 595 803 648 te
840 594 1052 649 autem
1089 605 1280 669 saepe
1313 581 1663 668 ignominia
1694 562 1960 669 dignum
1993 583 2277 668 putavit?
2330 582 2512 648 item.

460 685 560 742 ‘tu
593 677 719 743 ista
752 699 921 741 nunc
957 677 1154 742 audes
1193 676 1432 753 dicere,
1478 676 1589 760 qui
1622 698 1824 762 nuper
1860 677 2101 741 alienae
2145 677 2399 743 domil.
2440 727 2456 742 .
2496 727 2513 741 .

455 793 585 838 non
637 771 844 836 ausim
896 770 1133 848 dicere,
1187 793 1298 847 ne,
1355 791 1501 834 cum
1553 779 1616 835 te
1670 770 1864 856 digna
1916 770 2210 849 dixerim,
2264 794 2367 836 me
2419 771 2515 838 in-

457 863 719 952 dignum
781 865 1106 952 quippiam
1165 862 1405 928 dixisse
1468 863 1723 927 videar?
1828 863 1933 928 hic
1995 865 2263 930 atrocior
2325 865 2516 931 tacita

457 961 722 1047 suspitio
760 982 952 1044 quam
987 960 1224 1024 diserta
1258 958 1617 1045 explanatio
1654 959 1806 1024 facti
1842 970 1957 1024 est.

579 1052 925 1119 Conclusio
962 1063 1080 1130 est,
1119 1071 1280 1136 quae
1307 1053 1489 1117 brevi
1516 1052 2059 1139 argumentatione
2087 1075 2168 1118 ex
2202 1053 2315 1132 eis,
2353 1076 2513 1138 quae

456 1159 602 1212 ante
640 1147 809 1211 dicta
844 1157 993 1212 sunt
1035 1157 1144 1210 aut
1188 1146 1386 1224 facta,
1442 1147 1721 1224 conficit,
1778 1146 1929 1230 quid
1970 1148 2331 1213 necessario
2365 1169 2525 1214 con-.

458 1250 784 1324 sequatur,
839 1240 962 1305 hoc
1013 1239 1232 1304 modo:
1291 1240 1493 1324 ‘quod
1537 1240 1592 1304 si
1632 1239 1879 1306 Danais
1927 1241 2145 1305 datum
2190 1251 2325 1307 erat
2375 1265 2515 1308 ora-

457 1332 698 1410 culum,
752 1355 882 1399 non
931 1356 1124 1419 posse
1179 1335 1319 1419 capi
1370 1334 1632 1398 Troiam
1686 1334 1822 1400 sine
1872 1333 2267 1402 Philoctetae
2320 1337 2515 1423 sagit-

457 1427 568 1503 tis,
624 1427 782 1491 haec
832 1427 990 1491 nihil
1043 1426 1216 1491 aliud
1269 1438 1482 1492 autem
1532 1429 1847 1506 fecerunt,
1900 1429 2026 1493 nisi
2076 1429 2516 1495 Alexandrum

455 1521 859 1605 perculerunt
875 1570 893 1599 ,
965 1521 1135 1586 hunc
1197 1521 1603 1608 exstinguere
1621 1571 1639 1601 ,
1701 1522 1771 1587 id
1828 1522 2125 1586 nimirum
2194 1523 2334 1610 capi
2396 1523 2517 1588 fuit

457 1613 759 1680 Troiam.'

575 1708 852 1774 Restant
903 1709 1094 1774 etiam
1146 1710 1368 1775 decem
1431 1710 1875 1776 exornationes
1929 1712 2292 1789 verborum,
2355 1733 2513 1794 quas

454 1801 688 1869 idcirco
727 1826 857 1869 non
891 1825 1056 1890 vage
1093 1803 1530 1891 dispersimus,
1570 1805 1686 1870 sed
1721 1827 1761 1869 a
1796 1805 2223 1891 superioribus
2262 1828 2516 1894 separa-

454 1897 689 1976 vimus,
753 1898 926 2007 quod
977 1920 1197 1963 omnes
1251 1898 1320 1962 in
1369 1921 1499 1964 uno
1553 1919 1786 1985 genere
1838 1909 1987 1964 sunt
2038 1900 2312 1986 positae3
2367 1923 2516 1964 nam

455 2014 673 2056 earum
716 1991 998 2056 omnium
1049 1991 1174 2055 hoc
1223 1992 1551 2077 proprium
1595 2004 1721 2070 est,
1775 2002 1848 2056 ut
1890 1994 1971 2057 ab
2014 1994 2248 2058 usitata
2290 1995 2515 2058 verbo-

451 2107 596 2148 rum
646 2094 960 2170 potestate
1012 2083 1346 2150 recedatur
1401 2095 1590 2169 atque
1643 2086 1711 2150 in
1762 2085 1951 2151 aliam
2010 2088 2318 2152 rationem
2368 2109 2517 2152 cum

456 2177 731 2261 quadam
774 2188 1106 2243 venustate
1161 2179 1361 2245 oratio
1408 2181 1795 2246 conferatur:
1851 2181 1930 2246 de
1976 2182 2203 2265 quibus
2249 2205 2517 2247 exorna-

455 2271 732 2337 tionibus
760 2270 1106 2339 nominatio
1135 2282 1235 2339 est
1256 2273 1482 2361 prima,
1521 2297 1682 2359 quae
1710 2298 1827 2342 nos
1857 2276 2171 2355 admonet,
2207 2287 2297 2355 ut,
2334 2276 2513 2341 cuius

455 2365 548 2430 rei
582 2387 815 2431 nomen
858 2376 969 2432 aut
1000 2390 1130 2432 non
1175 2368 1258 2433 sit
1305 2379 1417 2434 aut
1470 2370 1623 2435 satis
1677 2370 1976 2436 idoneum
2028 2394 2156 2436 non
2210 2371 2316 2448 sit,
2373 2393 2517 2436 eam

454 2470 707 2525 nosmet
728 2458 957 2526 idoneo
984 2463 1180 2527 verbo
1206 2463 1605 2529 nominemus
1636 2474 1745 2528 aut
1777 2463 2140 2529 imitationis
2179 2474 2288 2528 aut
2319 2464 2517 2550 signi-

453 2552 762 2619 ficationi·
801 2576 1021 2620 causa:
1057 2556 1426 2622 imitationis
1462 2558 1585 2623 hoc
1618 2560 1837 2636 modo,
1874 2569 1947 2622 ut
1980 2558 2250 2623 maiores
2284 2559 2514 2623 rudere

454 2659 517 2713 et
558 2648 805 2735 mugire
859 2661 924 2715 et
975 2673 1367 2717 murmurare
1422 2664 1488 2717 et
1530 2653 1785 2718 sibilare
1839 2652 2261 2739 appellarunt3
2319 2652 2515 2739 signi-

452 2742 738 2808 ficandae
771 2742 866 2808 rei
902 2764 1122 2823 causa,
1172 2744 1293 2810 sic:
1350 2750 1718 2832 ‘postquam
1761 2746 1882 2811 iste
1916 2747 1985 2810 in
2018 2769 2154 2811 rem
2194 2745 2518 2832 publicam

453 2836 604 2901 fecit
636 2837 962 2923 impetum,
1001 2838 1216 2926 fragor
1251 2838 1525 2905 civitatis
1560 2840 1847 2927 inprimis
1886 2850 1985 2905 est
2020 2839 2312 2904 auditus?
2392 2840 2518 2907 hoc

453 2952 687 3015 genere
720 2954 864 2996 raro
901 2942 1002 2997 est
1033 2934 1360 3011 utendum,
1399 2956 1480 2999 ne
1515 2935 1667 3000 novi
1701 2934 1879 2999 verbi
1915 2933 2260 2998 adsiduitas
2298 2934 2517 2998 odium

452 3022 686 3107 pariat3
742 3024 859 3087 sed
902 3023 958 3089 si
1001 3027 1331 3092 commode
1377 3027 1518 3110 quis
1567 3050 1644 3093 eo
1688 3036 1929 3105 utatur,
1982 3049 2111 3092 non
2152 3025 2341 3092 modo
2384 3050 2515 3093 non

456 3113 740 3180 offendet
772 3116 1085 3195 novitate,
1125 3121 1240 3184 sed
1275 3121 1469 3186 etiam
1503 3120 1837 3187 exornabit
1870 3120 2235 3186 orationem.

573 3208 1053 3276 Pronominatio
1090 3222 1214 3291 est,
1263 3237 1425 3297 quae
1462 3215 1647 3279 sicuti
1682 3214 2056 3301 cognomine
2093 3212 2367 3297 quodam
2402 3236 2515 3277 ex-

455 3312 674 3365 traneo
718 3299 1110 3370 demonstrat
1143 3306 1238 3384 id,
1295 3308 1468 3390 quod
1512 3330 1627 3373 suo
1680 3307 1934 3373 nomine
1976 3329 2107 3372 non
2156 3306 2365 3393 placet
2401 3329 2515 3393 ap-

452 3394 702 3479 pellari;
756 3405 830 3460 ut
882 3395 938 3459 si
991 3398 1160 3480 quis,
1215 3420 1361 3464 cum
1414 3402 1705 3484 loquatur
1758 3402 1836 3465 de
1884 3399 2191 3466 Gracchis
2248 3404 2341 3463 ‘at
2383 3422 2515 3465 non

451 3486 745 3553 Africani
788 3491 1082 3575 nepotes’
1130 3492 1374 3576 inquiat
1418 3493 1631 3558 ‘istius
1667 3494 1840 3558 modi
1884 3492 2179 3557 fuerunt!
2266 3491 2420 3557 item
2456 3492 2515 3557 si

453 3582 594 3665 quis
634 3582 713 3647 de
750 3581 1112 3651 adversario
1149 3608 1294 3651 cum
1329 3587 1500 3651 dicat
1536 3587 1775 3652 ‘videte
1808 3584 2004 3651 nunc'
2042 3586 2287 3669 inquiat
2322 3584 2515 3650 ‘iudi-

453 3696 579 3753 ces,
619 3698 808 3759 quem
844 3676 927 3741 ad
959 3678 1220 3743 modum
1245 3702 1346 3744 me
1374 3679 1813 3765 Plagioxypus
1848 3678 1969 3743 iste
1998 3676 2317 3743 tractarit?
2387 3678 2513 3743 hoc

450 3779 638 3854 pacto
682 3792 812 3834 non
854 3768 1140 3836 inornate
1182 3773 1529 3857 poterimus
1579 3782 1645 3837 et
1683 3773 1752 3836 in
1794 3773 2110 3837 laudando
2164 3783 2228 3837 et
2269 3772 2337 3835 in
2378 3770 2512 3837 lae-

454 3861 660 3927 dendo
699 3873 808 3927 aut
852 3884 1114 3949 corpore
1150 3876 1259 3929 aut
1303 3866 1513 3931 animo
1559 3876 1670 3931 aut
1719 3865 2033 3931 extraneis
2069 3866 2259 3930 rebus
2298 3865 2509 3931 dicere

455 3952 672 4038 [sicuti
707 3978 1088 4044 cognomen,
1129 3960 1299 4042 quod
1330 3983 1447 4046 pro
1483 3970 1653 4025 certo
1689 3959 1944 4025 nomine
1980 3956 2435 4044 conlocemus}

571 4046 1026 4115 Denominatio
1074 4061 1199 4128 est,
1256 4073 1417 4134 quae
1455 4053 1535 4117 ab
1578 4053 1769 4117 rebus
1813 4051 2183 4138 propinquis
2220 4063 2284 4116 et
2318 4051 2505 4117 finiti-

457 4137 577 4201 mis
616 4140 806 4204 trahit
846 4141 1220 4221 orationem,
1274 4166 1402 4228 qua
1433 4146 1639 4231 possit
1680 4144 1961 4229 intellegi
1992 4166 2125 4222 res,
2182 4166 2342 4229 quae
2376 4167 2513 4210 non

2730 1077 2764 2220 ᾗ
