2784 4575
695 318 802 375 AD
843 317 901 373 C.
937 319 1406 377 HERENNIUM
1440 321 1578 376 1111.
1619 321 1855 378 10-12,
2218 309 2303 374 63
2393 330 2400 337 ’

2 404 9 535 l
245 444 336 511 sis
351 491 366 519 ‚
438 463 585 506 cum
655 441 806 508 artis
877 441 1304 508 inventionem
1371 441 1762 510 Graecorum
1828 446 2301 530 probassemus,

2 538 8 583 θ
245 537 679 622 exemplorum
711 536 1020 604 rationem
1057 537 1257 604 secuti
1290 560 1423 602 non
1460 559 1699 604 sumus.

367 631 552 698 Nunc
607 641 859 716 tempus
908 630 1218 716 postulat,
1277 642 1350 696 ut
1400 627 1483 696 αὖ
1534 631 1907 699 elocutionis
1965 646 2305 719 praecepta

245 736 664 792 transeamus.
751 723 1048 809 bipertita
1089 725 1282 810 igit-ur
1326 725 1449 790 erit
1488 725 1671 790 nobis
1718 724 2086 794 elocutionis
2120 749 2305 813 prae-

245 819 482 904 ceptio:
526 817 802 906 primum
846 819 1158 896 dicemus,
1207 820 1437 903 quibus
1481 819 1549 883 in
1592 820 1932 905 generibus
1970 821 2305 888 verborum

247 934 498 998 semper
532 913 738 980 omnis
775 912 1052 978 oratoria
1071 911 1341 979 elocutio
1369 913 1600 980 debeat
1624 936 1789 992 esse,
1828 914 2055 980 deinde
2092 924 2307 980 osten-

245 1005 501 1082 demus,
547 1028 704 1088 quas
739 1029 844 1072 res
881 1027 1134 1094 semper
1168 1007 1403 1073 habere
1440 1008 1687 1074 debeat.
1780 1017 1929 1075 sunt
1958 1007 2153 1094 igitur
2187 1009 2307 1072 tria
2332 1006 2383 1118 ᾗ

247 1121 513 1184 genera,
568 1120 732 1181 quae
765 1122 1002 1186 genera
1051 1122 1170 1166 nos
1215 1101 1453 1188 figuras
1500 1101 1919 1188 appellamus,
1974 1101 2041 1166 in
2078 1103 2305 1186 quibus

247 1191 456 1258 omnis
493 1193 692 1258 oratio
728 1217 858 1260 non
891 1194 1123 1260 vitiosa
1159 1195 1576 1264 consumiturz
1612 1219 1807 1263 unam
1835 1219 2114 1281 gravem,
2154 1197 2307 1264 alte-

247 1311 388 1352 ram
439 1289 852 1368 mediocrem,
909 1291 1160 1354 tertiam
1211 1300 1617 1376 extenuatam
1670 1311 1993 1359 vocamus.
2092 1291 2305 1378 gravis

249 1391 376 1458 est,
432 1403 594 1464 quae
638 1393 889 1449 constat
940 1407 1023 1450 ex
1074 1384 1412 1448 verborum
1463 1384 1751 1468 gravium
1803 1385 1929 1450 levi
1982 1395 2046 1452 et
2088 1395 2309 1450 ornata

251 1476 744 1554 constructione3
799 1476 1137 1543 mediocris
1183 1488 1308 1552 est,
1363 1499 1526 1559 quae
1572 1487 1821 1544 constat
1854 1501 1935 1544 ex
1978 1479 2308 1546 humiliore

251 1587 459 1650 neque
488 1579 701 1636 tamen
727 1593 808 1634 ex
834 1569 1052 1634 infima
1079 1579 1145 1633 et
1168 1569 1723 1655 pervolgatissima
1750 1572 2087 1638 verborum
2104 1572 2311 1658 digni-

251 1670 412 1740 tate3
450 1672 778 1729 attenuata
811 1672 936 1740 est,
975 1684 1136 1746 quae
1172 1661 1453 1728 demissa
1486 1673 1585 1726 est
1618 1685 1819 1745 usque
1857 1665 1941 1728 ad
1973 1665 2310 1730 usitatissi-

250 1776 424 1821 mam
457 1756 600 1842 puri
639 1756 1160 1822 consuetudinem
1195 1756 1530 1841 sermonis,

369 1851 450 1914 In
494 1851 676 1936 gravi
729 1862 1134 1916 consumetur
1167 1850 1366 1916 oratio
1418 1850 1651 1936 figura,
1708 1849 1763 1914 si
1808 1871 1969 1933 quae
2006 1849 2314 1934 cuiusque

249 1945 343 2010 rei
375 1933 678 2030 poterunt
721 1945 1124 2010 ornatissima
1164 1946 1363 2010 verba
1400 1944 1663 2030 reperiri
1708 1944 1843 2009 sive
1876 1943 2133 2030 propria
2174 1944 2311 2011 sive

249 2049 554 2105 extranea
607 2039 690 2103 ad
729 2061 925 2106 unam
969 2059 1284 2122 quamque
1336 2061 1473 2104 rem
1518 2039 2191 2116 adcommodabuntur‚
2246 2049 2314 2104 et

253 2133 309 2196 si
343 2155 574 2218 graves
612 2133 990 2210 sententiae,
1039 2155 1200 2216 quae
1234 2132 1302 2198 in
1337 2131 1823 2218 amplificatione
1868 2143 1933 2198 et
1979 2132 2312 2200 commise-

250 2226 493 2291 ratione
543 2237 918 2305 tractantur,
973 2227 1314 2313 eligentur,
1369 2237 1437 2293 et
1471 2226 1526 2299 si
1570 2226 2011 2293 exornationes
2058 2237 2313 2293 senten-

253 2320 483 2385 tiarum
517 2333 625 2387 aut
658 2324 1024 2398 verborum,
1063 2343 1226 2404 quae
1262 2322 1643 2409 gravitatem
1677 2321 2020 2399 habebunt,
2057 2322 2137 2386 de
2174 2322 2313 2405 qui-

0 2498 4 2505 ,
255 2414 378 2477 bus
411 2425 557 2499 pont
593 2415 900 2493 dicemus,
949 2416 1431 2482 adhibebuntur.
1518 2415 1586 2481 in
1630 2415 1753 2481 hoc
1795 2438 2029 2501 genere
2070 2415 2313 2501 figurae
2340 2438 2389 2475 12

0 2514 7 2583 ἶ
255 2507 376 2572 erit
409 2506 532 2573 hoc
567 2511 956 2597 exemplum:
1012 2516 1190 2577 ‘nam
1223 2510 1363 2593 quis
1402 2520 1503 2577 est
1536 2520 1845 2587 vestrum,
1881 2510 2151 2587 iudices,
2206 2510 2314 2591 qui

2 2591 7 2668 ἓ
257 2602 412 2667 satis
446 2601 740 2669 idoneam
775 2603 982 2689 possit
1013 2603 1080 2667 in
1107 2626 1252 2669 eum
1279 2626 1553 2688 poenam
1578 2602 1876 2689 cogitare,
1913 2602 2021 2686 qui
2043 2602 2313 2687 prodere

0 2690 3 2732 '³
255 2694 544 2761 hostibus
596 2697 866 2780 patriam
917 2696 1246 2782 cogitarit?
1317 2696 1489 2780 quod
1546 2696 1925 2761 maleficium
1986 2716 2130 2759 cum
2190 2692 2313 2761 hoc

259 2788 495 2853 scelere
550 2790 926 2874 comparari,
983 2790 1157 2873 quod
1205 2790 1353 2855 huic
1404 2788 1715 2854 maleficio
1768 2788 2031 2873 dignum
2075 2786 2313 2873 suppli-

255 2881 426 2945 cium
457 2892 670 2967 potest
701 2883 1006 2949 inveniri?
1047 2884 1113 2949 in
1157 2884 1279 2961 eis,
1327 2884 1435 2967 qui
1478 2884 1823 2968 ingenuum
1866 2893 1975 2947 aut
2016 2892 2314 2948 matrem-

257 2977 530 3043 familias
569 2990 1116 3066 constuprassent,
1138 2979 1505 3046 'violassent
1540 2978 1813 3062 aliquem
1848 2988 1958 3043 aut
1988 2987 2311 3064 postremo

254 3084 622 3150 necassent,
693 3074 974 3140 maxima
1036 3073 1346 3161 supplicia
1415 3073 1687 3140 maiores
1756 3083 2315 3159 consumpseruntz

231 3166 404 3231 'huic
447 3167 984 3233 truculentissimo
1029 3191 1106 3234 ac
1146 3168 1390 3237 nefario
1442 3166 1709 3233 facinori
1742 3166 2129 3255 singularem
2159 3189 2317 3254 poe-

255 3283 406 3325 nam
439 3261 854 3346 reliquerunt=
910 3262 1085 3346 atqui
1117 3263 1186 3327 in
1220 3262 1358 3327 aliis
1404 3261 1730 3327 maleficiis
1768 3262 1850 3325 ad
1886 3261 2169 3349 singulos
2208 3270 2316 3325 aut

256 3354 342 3417 ad
373 3377 612 3440 paucos
649 3378 732 3421 ex
767 3356 972 3421 alieno
1001 3353 1264 3443 'peccato
1289 3355 1519 3420 iniuria
1549 3355 1865 3442 pervenitz
1902 3354 2088 3421 huius
2117 3353 2317 3419 scele-

255 3448 344 3511 ris
383 3449 492 3532 qui
527 3460 676 3514 sunt
711 3450 984 3528 adfines,
1029 3472 1158 3517 uno
1195 3449 1457 3515 consilio
1502 3448 1813 3514 universis
1859 3448 2103 3515 civibus
2149 3458 2317 3513 atro-

256 3540 546 3607 cissimas
611 3543 1002 3609 calamitates
1057 3543 1522 3610 machinantur.
1624 3565 1663 3607 o
1716 3542 1885 3608 feros
1940 3540 2212 3607 animosl
2274 3562 2315 3605 o

0 3647 9 3722 ξ
257 3636 530 3701 crudelis
583 3636 1029 3722 cogitationes!
1085 3661 1122 3703 o
1169 3634 1502 3701 derelictos
1554 3635 1841 3700 homines
1895 3635 1975 3698 ab
2027 3630 2317 3698 humani-

257 3729 414 3795 tatel
479 3730 588 3813 qui
622 3730 692 3794 id
727 3753 918 3817 agere
955 3732 1093 3797 ausi
1130 3741 1279 3797 sunt
1311 3742 1423 3798 aut
1456 3728 1735 3816 cogitare
1768 3737 2133 3815 potuerunt,
2186 3747 2313 3809 quo

213 3908 219 3915 .
253 3834 443 3908 pacto
477 3824 697 3890 hostes
731 3825 1002 3891 revolsis
1039 3825 1347 3891 maiorum
1379 3823 1717 3911 sepulcris,
1769 3820 2030 3891 deiectis
2074 3818 2316 3885 moeni·-

254 3918 405 3995 bus,
471 3930 738 3985 ovantes
791 3920 1116 3986 inruerent
1166 3920 1233 3983 in
1285 3920 1631 3995 civitatem3
1696 3938 1820 4000 quo
1882 3914 2071 3979 modo
2124 3912 2315 3979 deum

253 4011 508 4096 templis
547 4012 866 4099 spoliatis,
907 4014 1315 4101 optimatibus
1351 4011 1679 4079 tmcidatis
1693 4058 1711 4088 ‚
1759 4008 1897 4075 aliis
1934 4007 2213 4095 abreptis
2248 4005 2315 4071 111

255 4106 654 4187 servitutem,
713 4108 1298 4177 matribusfamilias
1358 4119 1424 4173 et
1483 4104 1775 4193 ingenuis
1838 4105 1957 4170 sub
2018 4101 2316 4170 hostilem
