2784 4575
417 171 544 244 10'4
1060 183 1138 236 M.
1179 179 1453 238 TULLII
1488 177 1891 236 emenonis

415 313 725 388 strabant3
779 307 1059 374 nondum
1102 305 1352 370 divinae
1397 303 1751 390 religionis,
1804 325 1935 368 non
1977 302 2241 368 humani
2286 303 2487 372 officii

411 409 572 473 ratio
601 405 941 480 colebatur,
967 423 1156 466 nemo
1185 399 1439 486 nuptias
1468 399 1713 462 viderat
1730 397 2077 484 legitimas3
2114 419 2245 463 non
2273 410 2487 466 certos

413 502 746 586 quisquam
782 505 1117 584 aspexerat
1139 495 1403 571 liberos3
1440 513 1590 571 non,
1626 492 1725 556 ius
1764 492 2093 575 aequabile
2130 492 2289 577 quid
2314 494 2489 560 utili-

411 596 558 660 tatis
613 595 901 670 haberet,
958 598 1315 676 acceperat3
1369 588 1463 654 ita
1510 598 1768 673 propter
1821 609 2099 653 errorem
2150 598 2341 672 atque
2384 589 2488 654 in-

415 688 743 754 scientiam
795 706 988 751 caeca
1031 705 1106 748 ac
1139 680 1477 746 temeraria
1513 680 1895 744 dominatrix
1939 679 2133 746 animi
2168 681 2485 768 cupiditas

413 782 496 847 ad
531 804 602 846 se
638 780 1017 868 explendam
1053 777 1292 842 viribus
1341 774 1623 860 corporis
1661 774 2035 839 abutebatur
2077 775 2486 860 perniciosis-

415 875 588 940 simis
629 873 1033 940 satellitibus:
1079 892 1204 954 quo
1241 878 1526 955 tempore
1572 868 1829 952 quidam
1872 892 2143 956 magnus
2188 870 2485 935 videlicet

412 970 509 1033 vir
544 980 609 1034 et
644 968 899 1056 sapiens
937 963 1264 1050 cognovit,
1314 984 1477 1046 quae
1512 962 1777 1026 materia
1820 972 1994 1028 esset
2028 974 2093 1027 et
2129 974 2365 1046 quanta
2398 964 2484 1028 ad

411 1062 723 1128 maximas
760 1082 864 1124 res
918 1055 1356 1144 opportunitas
1392 1055 1461 1120 in
1506 1055 1731 1120 animis
1782 1053 2077 1144 [inesset]
2135 1057 2481 1135 hominum,

303 1155 308 1158 ’
416 1157 470 1220 si
508 1155 646 1239 quis
686 1176 828 1218 eam
859 1163 1083 1238 posset
1128 1150 1354 1216 elicere
1392 1160 1457 1214 et
1489 1149 1936 1236 praecipiendo
1980 1151 2307 1216 meliorem
2339 1151 2485 1218 red-

414 1251 564 1314 dere
573 1273 592 1328 3
631 1247 741 1332 qui
775 1246 1098 1334 dispersos
1127 1245 1417 1310 homines
1455 1245 1523 1308 in
1559 1243 1729 1330 agris
1766 1255 1832 1310 et
1863 1243 1932 1309 in
1968 1245 2149 1311 tectis
2180 1245 2485 1311 silvestri-

413 1345 534 1408 bus
579 1341 828 1420 abditos
871 1341 1116 1407 ratione
1160 1341 1435 1424 quadam
1480 1339 1783 1427 compulit
1824 1362 2022 1406 unum
2040 1347 2045 1352 '
2062 1341 2131 1405 in
2174 1341 2386 1407 locum
2420 1353 2487 1408 et

414 1435 830 1524 congregavit
863 1448 928 1502 et
963 1459 1072 1502 eos
1110 1435 1178 1499 in
1207 1458 1401 1500 unam
1426 1456 1743 1520 quamque
1767 1456 1906 1500 rem
1930 1435 2237 1501 inducens
2265 1435 2485 1501 utilem

416 1543 604 1615 atque
655 1531 991 1597 honestam
1041 1530 1246 1618 primo
1291 1540 1551 1617 propter
1602 1530 2006 1596 insolentiam
2056 1530 2485 1611 reclamantis,

416 1626 644 1691 deinde
685 1637 945 1714 propter
989 1624 1299 1690 rationem
1345 1635 1534 1708 atque
1588 1623 1937 1691 orationem
1982 1625 2327 1692 studiosius
2374 1648 2487 1690 au-

416 1721 643 1786 dientis
682 1744 764 1786 ex
798 1719 950 1786 feris
990 1730 1054 1784 et
1085 1719 1467 1784 immanibus
1495 1717 1667 1782 mitis
1702 1718 1977 1784 reddidit
2003 1730 2067 1784 et
2091 1732 2485 1786 mansuetos·

419 1839 492 1880 ac
525 1817 683 1880 mihi
719 1815 978 1898 quidem
1014 1813 1262 1878 videtur
1296 1813 1421 1877 hoc
1464 1833 1583 1877 nec
1629 1812 1822 1878 tacita
1854 1835 1975 1878 nec
2008 1813 2193 1901 inops
2233 1814 2486 1880 dicendi

415 1908 728 1996 sapientia
777 1908 1083 1993 perficere
1122 1906 1440 1992 potuisse,
1494 1917 1568 1970 ut
1607 1906 1897 1975 homines
1944 1931 1983 1973 a
2026 1909 2485 1974 consuetudine

416 2003 627 2067 subito
681 2010 1078 2066 converteret
1132 2010 1196 2064 et
1249 1999 1332 2064 ad
1375 2000 1661 2066 diversas
1714 2002 1992 2067 rationes
2048 2003 2217 2068 vitae
2271 2005 2487 2069 tradu-

415 2106 606 2162 ceret.
696 2118 816 2182 age
869 2117 1020 2161 vero
1072 2093 1338 2160 urbibus
1385 2096 1773 2175 constitutis,
1828 2109 1899 2161 ut
1940 2097 2135 2162 fidem
2180 2098 2385 2165 colere
2422 2111 2488 2165 et

415 2189 720 2255 iustitiam
763 2188 1035 2254 retinere
1085 2188 1404 2254 discerent
1448 2200 1512 2254 et
1556 2190 1695 2256 aliis
1739 2214 1962 2276 parere
2010 2215 2127 2258 sua
2160 2192 2486 2260 voluntate

415 2294 907 2350 consuescerent
943 2306 1018 2349 ac
1052 2306 1182 2350 non
1216 2283 1408 2350 modo
1462 2284 1713 2351 labores
1760 2285 2166 2373 excipiendos
2205 2309 2488 2355 commu-

414 2381 514 2445 nis
551 2379 867 2446 commodi
903 2401 1126 2457 causa,
1183 2379 1300 2444 sed
1335 2380 1526 2445 etiam
1572 2380 1768 2445 vitam
1814 2381 2225 2447 amittendam
2268 2382 2488 2447 existi-

413 2486 687 2554 marent,
742 2475 853 2560 qui
900 2475 1158 2539 tandem
1198 2474 1338 2539 fieri
1378 2475 1615 2562 potuit,
1668 2475 1793 2541 nisi
1836 2475 2127 2543 homines
2163 2500 2267 2555 ea,
2324 2500 2487 2563 quae

411 2570 654 2637 ratione
714 2570 1138 2647 invenissent,
1211 2568 1571 2653 eloquentia
1637 2573 2024 2657 persuadere
2092 2573 2488 2659 potuissent?

412 2666 697 2751 profecto
751 2688 939 2732 nemo
1001 2664 1129 2729 nisi
1181 2664 1362 2750 gravi
1417 2676 1483 2729 et
1534 2665 1717 2730 suavi
1776 2677 2129 2733 commotus
2182 2668 2487 2747 oratione,

415 2782 563 2825 cum
604 2761 843 2826 viribus
894 2760 1238 2847 plurimum
1291 2772 1540 2846 posset,
1598 2761 1680 2825 ad
1729 2761 1833 2827 ius
1887 2761 2197 2827 voluisset
2240 2763 2375 2828 sine
2422 2764 2490 2829 vi

416 2854 830 2930 descendere,
884 2863 956 2916 ut
997 2853 1162 2919 inter
1205 2876 1366 2937 quos
1419 2865 1642 2941 posset
1694 2855 2031 2932 excellere,
2088 2878 2235 2922 cum
2278 2856 2370 2921 eis
2418 2880 2487 2922 se

413 2956 736 3033 pateretur
791 2946 1049 3031 aequari
1102 2956 1168 3013 et
1213 2970 1331 3013 sua
1373 2947 1701 3013 voluntate
1748 2972 1787 3013 a
1829 2948 2287 3016 iucundissima
2337 2972 2488 3016 con-

417 3040 752 3105 suetudine
801 3040 1159 3120 recederet,
1214 3063 1378 3126 quae
1432 3042 1807 3128 praesertim
1858 3043 1989 3107 iam
2039 3056 2302 3110 naturae
2355 3044 2489 3109 vim

417 3133 730 3199 obtineret
778 3144 1037 3221 propter
1090 3146 1492 3201 vetustatem.
1583 3158 1657 3201 ac
1708 3137 1914 3223 primo
1968 3138 2226 3221 quidem
2278 3139 2371 3203 sic
2424 3151 2490 3204 et

415 3238 566 3292 nata
625 3239 690 3294 et
748 3252 1092 3317 progressa
1153 3230 1411 3318 longius
1474 3231 1837 3315 eloquentia
1897 3233 2147 3299 videtur
2210 3245 2277 3300 et
2332 3234 2490 3300 item

412 3332 640 3407 postea
681 3324 974 3391 maximis
1019 3324 1088 3390 in
1129 3326 1324 3391 rebus
1369 3324 1547 3411 pacis
1586 3336 1651 3391 et
1682 3326 1834 3391 belli
1880 3349 2025 3393 cum
2072 3328 2335 3394 summis
2372 3328 2491 3393 ho-

413 3416 658 3483 minum
691 3419 1066 3485 utilitatibus
1103 3441 1248 3485 esse
1293 3430 1576 3498 versata;
1621 3432 1962 3506 postquam
2006 3445 2159 3489 vero
2207 3444 2489 3488 commo-

416 3512 578 3577 ditas
617 3516 930 3597 quaedam
963 3536 1166 3600 prava
1199 3513 1451 3579 virtutis
1496 3514 1802 3580 imitatrix
1838 3516 1976 3582 sine
2010 3516 2255 3583 ratione
2294 3517 2491 3583 officii

416 3607 666 3673 dicendi
701 3610 949 3697 copiam
983 3616 1328 3673 consecuta
1375 3617 1502 3685 est,
1558 3618 1695 3673 tum
1737 3609 1994 3696 ingenio
2040 3612 2205 3677 freta
2247 3610 2491 3677 malitia

345 3713 382 3767 3
413 3713 774 3787 pervertere
826 3702 1001 3766 urbis
1057 3712 1122 3765 et
1173 3699 1337 3763 vitas
1383 3700 1711 3767 hominum
1753 3703 2137 3769 labefactare
2174 3704 2486 3797 adsuevit.

298 3862 302 3866 ,
416 3807 602 3879 atque
638 3797 824 3862 huius
872 3816 1121 3880 quoque
1159 3792 1488 3858 exordium
1529 3796 1708 3874 mali,
1765 3798 2065 3880 quoniam
2108 3798 2489 3884 principium
2594 3836 2601 3849 ·

313 3958 316 3960 Α
414 3889 566 3955 boni
603 3890 905 3967 diximus,
944 3887 1352 3973 explicemus.

533 3984 691 4051 Veri
727 3974 1116 4048 simillimum
1150 3978 1305 4045 mihi
1341 3979 1590 4049 videtur
1636 3986 1911 4070 quodam
1957 3996 2241 4073 tempore
2278 4009 2493 4070 neque
