2784 4575
765 308 876 363 DE
908 306 1394 365 INVENTIONE
1432 306 1508 362 11.
1547 308 1787 367 76—81.
2186 295 2307 361 177

247 454 329 499 ea
379 441 482 497 est
529 430 716 496 huius
768 430 969 496 modi:
1021 429 1331 498 Horatius
1377 430 1603 497 occisis
1648 430 1850 497 tribus
1898 428 2198 514 Curiatiis
2245 443 2310 498 et

250 526 500 593 duobus
555 526 817 591 „amissis
879 526 1178 591 fratribus
1234 526 1495 592 domum
1548 547 1619 593 se
1670 526 1872 595 victor
1922 527 2163 612 recepit
2169 552 2197 605 3,
2249 526 2306 591 is

250 620 694 687 animadvertit
743 641 1026 686 sororem
1061 642 1243 685 suam
1279 620 1360 685 de
1402 620 1671 687 fratmm
1714 630 1917 687 morte
1959 642 2091 685 non
2132 619 2309 687 labo·—

245 724 520 792 rantem,
558 713 778 802 sponsi
811 724 1030 779 autem·
1056 736 1290 780 nomen
1335 714 1761 802 appellantem
1793 714 2146 781 identidem
2178 711 2311 781 Cu·-

245 808 416 874 riatii
447 830 594 873 cum
627 808 870 896 gemitu
903 818 968 874 et
1008 808 1487 876 lamentatione:
1540 808 1800 896 indigne
1849 830 2081 895 passus
2117 806 2311 895 virgi-

245 924 401 968 nem
447 903 706 982 occidit3
759 912 1114 970 accusatur.
1218 902 1485 969 intentio
1538 914 1665 969 est:
1721 902 1977 969 ‘iniuria
2028 924 2309 969 soi-orem
2350 932 2401 971 79

247 996 573 1063 occidisti!
630 996 921 1083 depulsio
947 1008 1078 1062 est:
1116 997 1280 1063 ‘iure
1313 997 1559 1063 occidi?
1614 997 1900 1081 quaestio
1928 1006 2055 1062 este
2090 996 2309 1063 iurene

247 1089 570 1155 occiderit.-
653 1089 816 1155 ratio
853 1100 980 1157 est:
1037 1090 1174 1155 ‘illa
1207 1090 1378 1157 enim
1412 1090 1692 1157 hostium
1725 1100 1995 1173 mortem
2027 1090 2307 1177 lugebat,

246 1182 516 1249 fratrum
541 1184 923 1271 neglegebat
930 1210 950 1263 3
978 1207 1082 1251 me
1107 1194 1172 1251 et
1195 1186 1506 1272 populum
1520 1186 1885 1252 Romanum
1912 1184 2145 1249 vicisse
2172 1206 2309 1255 mo-

243 1275 410 1343 leste
461 1276 749 1345 ferebat!
821 1278 1174 1347 infirmatio
1208 1288 1337 1345 est:
1396 1285 1637 1345 ‘tamen
1672 1303 1713 1347 a
1744 1280 1939 1346 fiatre
1978 1278 2309 1346 indemna-

245 1380 379 1435 tam
411 1370 628 1437 necari
661 1394 794 1437 non
825 1371 1180 1459 oportebit?
1252 1395 1334 1438 ex
1367 1394 1497 1457 qua
1528 1373 1826 1439 iudicatio
1859 1373 1959 1439 fit:
1996 1394 2143 1439 cum
2166 1374 2309 1438 Ho-

245 1463 412 1529 ratia
442 1464 710 1529 fratrum
743 1477 1013 1531 mortem
1047 1466 1435 1553 neglegeret,
1470 1468 1751 1535 hostium
1782 1468 2057 1555 lugeret,
2094 1468 2306 1533 fratris

247 1567 315 1622 et
363 1558 583 1643 populi
633 1558 914 1623 Romani
968 1559 1232 1625 victoria
1291 1582 1423 1626 non
1484 1561 1821 1651 gauderet,
1882 1562 2308 1650 oportueritne

247 1672 391 1715 eam
427 1673 470 1714 a
499 1651 694 1717 fiatre
745 1652 1179 1717 indemnatam
1213 1653 1463 1719 necari?
1523 1655 1646 1721 hoc
1678 1654 1749 1723 in
1788 1677 2023 1741 genere
2076 1677 2307 1723 causae
2342 1660 2409 1715 27

242 1743 541 1831 primum,
579 1744 635 1809 si
671 1744 824 1829 quid
857 1768 940 1811 ex
975 1745 1200 1811 ceteris
1237 1746 1490 1816 dabitur
1526 1748 2105 1827 constitutionibus,
2144 1748 2311 1815 sumi

247 1838 592 1947 oportebit,
629 1838 817 1905 sicuti
849 1839 918 1905 in
953 1839 1423 1926 comparatione
1455 1853 1867 1929 praeceptum
1900 1852 2027 1921 est3
2061 1852 2307 1929 postea,

247 1932 306 1997 si
341 1954 466 2017 qua
499 1934 770 2001 facultas
807 1933 952 2013 erit,
988 1957 1106 2022 per
1139 1935 1417 2019 aliquam
1450 1937 1965 2005 constitutionem
1996 1936 2205 2013 illum,
2242 1935 2309 1999 in

219 2048 438 2110 -quem
472 2028 712 2095 crimen
745 2030 1185 2107 tii-ansferetun
1221 2030 1593 2110 defendere3
1632 2031 1887 2110 deinde,
1920 2031 2128 2097 levius
2164 2052 2307 2097 esse
2351 2050 2403 2091 so

244 2118 431 2199 illud,
486 2121 712 2206 quod
691 2146 761 2187 in
810 2122 1082 2192 alterum
1123 2135 1457 2211 peccatum
1507 2148 1654 2191 reus
1700 2126 2071 2203 transferat,
2116 2146 2308 2210 quam

247 2215 424 2295 quod
470 2216 611 2302 ipse
665 2218 1016 2305 susceperit
1024 2244 1044 2297 3
1104 2229 1333 2306 postea
1382 2220 1813 2287 translationis
1872 2220 2159 2308 partibus
2213 2218 2309 2285 uti

247 2318 314 2372 et
347 2311 700 2388 ostendere,
739 2335 778 2376 a
811 2334 939 2396 quo
973 2323 1039 2378 et
1070 2336 1186 2401 per
1219 2336 1380 2398 quos
1418 2326 1484 2380 et
1514 2337 1643 2399 quo
1670 2316 1861 2382 modo
1898 2325 1965 2382 et
1998 2335 2125 2400 quo
2149 2325 2309 2381 tem-

246 2423 404 2488 pore
439 2413 548 2468 aut
581 2403 691 2490 agi
723 2415 834 2473 aut
865 2405 1132 2472 iudicari
1183 2419 1295 2474 aut
1343 2409 1539 2475 statui
1575 2409 1655 2473 de
1690 2431 1767 2474 ea
1798 2431 1869 2474 re
1914 2409 2279 2475 convenerit
2286 2434 2305 2486 3

247 2515 326 2560 ac
359 2493 547 2560 simul
583 2498 915 2567 ostendere
940 2522 1071 2565 non
1105 2500 1463 2586 oportuisse
1500 2511 1645 2566 ante
1679 2501 2081 2587 supplicium,
2116 2523 2309 2583 quam

245 2587 582 2668 iudicium,
631 2589 1063 2676 interponere3
1123 2590 1287 2676 [tum
1319 2593 1501 2678 leges
1546 2615 1799 2678 quoque
1835 2605 1899 2658 et
1931 2593 2165 2658 iudicia
2199 2593 2309 2657 de-

244 2683 660 2748 monstranda
705 2694 880 2762 sunt,
932 2707 1049 2771 per
1091 2706 1254 2768 quae
1296 2687 1576 2771 potuerit
1615 2687 1685 2752 id
1724 2698 2085 2772 peccatum,
2139 2687 2308 2770 quod

247 2785 478 2863 sponte
513 2798 633 2842 sua
665 2799 813 2842 reus
847 2778 1108 2864 punitus
1136 2779 1240 2856 sit,
1275 2779 1557 2846 moribus
1594 2791 1659 2844 et
1690 2779 1923 2845 iudicio
1950 2775 2305 2866 vindicari]

247 2869 476 2938 deinde
511 2891 748 2958 negare
785 2870 990 2938 audiri
1031 2881 1322 2982 oportere
1366 2873 1462 2951 id,
1517 2873 1749 2956 quod
1729 2896 1797 2939 m
1840 2895 1987 2941 eum
2032 2872 2307 2941 criminis

247 2965 635 3044 conferatur,
688 2965 772 3030 de
816 2987 944 3050 quo
977 2966 1034 3032 is
1075 2967 1248 3053 ipse,
1303 2967 1413 3051 qui
1466 2968 1776 3045 conferat,
1830 2965 2131 3032 iudicium
2170 2966 2309 3032 fieri

244 3060 543 3140 noluerit,
599 3071 664 3126 et
695 3060 791 3139 id,
849 3061 1024 3147 quod
1055 3061 1403 3128 iudicatum
1436 3083 1567 3129 non
1600 3062 1711 3140 sit,
1764 3084 1881 3148 pro
1924 3061 2159 3134 infecto
2194 3061 2307 3126 ha·
2385 3067 2395 3074 ’

243 3155 382 3222 beri
433 3165 754 3242 oportere3
806 3165 1034 3243 postea
1073 3155 1537 3244 impudentiam
1579 3157 2011 3225 demonstrare
2064 3177 2301 3235 eorum,
2347 3181 2400 3222 si

245 3250 354 3333 qui
388 3272 536 3318 eum
569 3272 740 3327 nunc
783 3251 955 3338 apud
994 3250 1240 3318 iudices
1285 3261 1617 3329 accusent,
1671 3271 1863 3336 quem
1906 3251 2041 3316 sine
2083 3250 2307 3316 iudici·-

245 3344 368 3408 bus
403 3344 530 3430 ipsi
563 3344 1068 3424 condemnarint,
1105 3355 1172 3412 et
1205 3346 1286 3412 de
1319 3369 1398 3412 eo
1432 3345 1737 3412 iudicium
1771 3345 2027 3424 faciant,
2062 3346 2143 3412 de
2178 3368 2305 3430 quo

245 3437 376 3502 iam
407 3437 535 3522 ipsi
567 3438 946 3526 supplicium
981 3440 1394 3526 sumpserint:
1452 3437 1731 3528 [postea]
1769 3440 2307 3526 perturbationem

245 3529 463 3598 iudicii
497 3531 778 3596 futuram
813 3529 1156 3622 [dicemus]
1197 3544 1260 3598 et
1293 3533 1535 3600 iudices
1570 3533 1853 3621 longius,
1900 3556 2095 3618 quam
2125 3543 2307 3619 pote-

245 3636 480 3693 statem
521 3624 827 3704 habeant,
878 3649 1364 3714 progressuros,
1419 3627 1475 3694 si
1519 3629 1709 3695 simul
1744 3639 1809 3697 et
1850 3628 1931 3694 de
1980 3649 2090 3692 reo
2128 3636 2191 3700 et
2226 3627 2306 3698 de

245 3743 354 3800 eo,
409 3743 602 3806 quem
649 3741 800 3786 reus
843 3732 1107 3808 arguat,
1161 3721 1527 3800 iudicarint3
1582 3722 1839 3800 deinde,
1894 3721 1951 3785 si
1991 3719 2113 3786 hoc
2158 3741 2307 3784 con·-

247 3815 538 3882 stitutum
581 3815 692 3892 sit,
736 3829 811 3880 ut
849 3825 1114 3903 peccata
1155 3815 1443 3882 homines
1486 3815 1765 3903 peccatis
1808 3825 1875 3880 et
1914 3813 2175 3878 iniurias
2209 3812 2307 3877 in·-

245 3908 425 3975 iuriis
457 3909 870 3988 ulciscantur,
919 3920 1226 3996 quantum
1267 3910 1810 3980 incommodorum
1854 3917 2303 3991 consequamr3

247 4023 326 4068 ac
361 4003 417 4068 si
449 4003 620 4070 idem
663 4005 875 4072 facere
909 4005 1048 4092 ipse
1060 4053 1080 4084 ,
1135 4003 1244 4090 qui
1285 4027 1457 4072 nunc
1500 4013 1783 4081 accuset,
1836 4001 2169 4080 voluisset,
2222 4023 2303 4068 ne

241 4097 368 4164 hoc
411 4097 666 4191 quidem
709 4099 853 4187 ipso
905 4099 1243 4186 quicquam
1287 4123 1451 4188 opus
1494 4097 1695 4166 fuisse
1744 4096 2005 4177 iudici03
2060 4097 2116 4164 si
2149 4118 2301 4164 vero

355 4198 578 4247 Ciceronis
594 4200 679 4244 vol.
700 4197 736 4244 1.
1895 4204 1957 4252 12
