2784 4575
440 254 566 319 136
1053 265 1129 320 M.
1167 265 1438 322 runnu
1476 264 1875 353 o1csRoN1s

439 411 478 453 a
527 386 881 474 praeceptis
945 387 1179 454 nostris
1244 409 1640 454 secreveram
1732 385 1905 476 [sed]
1971 400 2035 454 et
2086 389 2235 474 quia
2292 389 2492 456 multa

438 492 654 548 essent
704 481 1055 560 orationum
1107 503 1344 570 genera
1388 493 1454 548 et
1494 481 1790 570 graviora
1834 495 1898 548 et
1939 483 2191 551 maioris
2248 484 2495 572 copiae,

438 574 517 641 de
553 574 782 659 quibus
818 597 1007 641 nemo
1041 575 1176 640 fere
1208 577 1620 663 praeciperet,
1658 588 1722 643 et
1756 577 1927 662 quod
1959 599 2076 643 nos
2112 578 2493 660 laudationi-

433 670 555 736 bus
589 692 720 737 non
768 669 860 736 ita
907 669 1177 737 multum
1227 671 1320 735 uti
1379 671 1723 737 soleremus
1780 667 2011 758 [totum
2053 670 2221 738 hunc
2274 694 2497 760 segre-

435 764 667 850 gabam
694 761 964 852 locum];
993 763 1118 851 ipsi
1145 765 1314 828 enim
1341 763 1574 830 Graeci
1601 765 1805 851 magis
1833 765 2086 852 legendi
2122 777 2187 832 et
2213 766 2499 832 delecta·

434 857 622 924 tionis
661 861 771 922 aut
803 855 1076 922 hominis
1131 857 1393 924 alicuius
1450 858 1713 924 ornandi
1751 879 1941 944 quam
1974 859 2259 926 utilitatis
2294 859 2485 926 huius

433 951 705 1019 forensis
743 972 937 1016 causa
983 950 1379 1018 laudationes
1435 952 1970 1040 scriptitaverunt,
2026 975 2293 1038 quorum
2340 966 2488 1020 sunt·

431 1045 606 1126 libri,
663 1043 905 1130 quibus
928 1043 1422 1122 ThemistocleS,
1475 1046 1827 1124 Aristides,
1880 1047 2257 1133 Agesilaus,
2310 1047 2485 1134 Epa-

431 1139 786 1214 minondae,
813 1136 1170 1225 Philippus,
1190 1139 1561 1204 Alexander
1589 1139 1817 1225 aliique
1841 1139 2201 1220 laudantur3
2227 1151 2489 1206 nostrae

429 1231 856 1310 laudationes,
910 1231 1139 1316 quibus
1175 1231 1244 1296 in
1277 1231 1416 1298 foro
1468 1232 1730 1312 utimur,
1786 1244 1895 1298 aut
1946 1234 2288 1300 testimonii
2341 1235 2491 1300 bre-

431 1327 690 1392 vitatem
741 1325 978 1391 habent
1027 1327 1264 1391 nudam
1316 1337 1504 1412 atque
1562 1327 1917 1392 inornatam
1967 1338 2077 1393 aut
2128 1327 2489 1393 scribuntur

433 1419 516 1505 ad
567 1417 899 1484 funebrem
953 1419 1337 1499 contionem,
1393 1442 1556 1503 quae
1603 1421 1684 1485 ad
1736 1420 2035 1488 orationis
2077 1420 2331 1486 laudem
2366 1421 2487 1484 mi-

430 1512 600 1578 nime
637 1513 1118 1578 adcommodata
1153 1525 1280 1580 estz
1327 1514 1444 1579 sed
1478 1525 1711 1602 tamen,
1749 1514 2045 1598 quoniam
2080 1525 2145 1580 et
2176 1514 2485 1580 utendum

431 1604 798 1692 aliquando,
858 1631 989 1673 non
1038 1630 1384 1692 numquam
1436 1609 1627 1674 etiam
1678 1608 2107 1686 scribendum,
2169 1609 2344 1674 velut
2396 1607 2484 1692 Q.

429 1701 753 1768 Tuberoni
778 1702 1156 1767 Africanum
1191 1702 1572 1767 avunculum
1605 1702 1888 1771 laudanti
1924 1702 2175 1789 scripsit
2202 1701 2280 1768 C.
2307 1703 2486 1768 Lae-

428 1794 583 1873 lius,
636 1796 812 1862 velut
844 1808 1096 1862 nosmet
1125 1796 1252 1882 ipsi
1303 1797 1571 1862 ornandi
1621 1817 1815 1862 causa
1851 1793 2239 1862 Graecorum
2280 1818 2485 1874 more,

431 1888 488 1952 si
523 1910 680 1974 quos
727 1888 1025 1967 velimus,
1077 1888 1336 1954 laudare
1372 1911 1744 1974 possumuS,
1800 1889 1882 1954 sit
1916 1913 1955 1954 a
1988 1889 2174 1955 nobis
2226 1911 2483 1974 quoque

317 2007 395 2049 842
431 1991 734 2048 tractatus
788 1980 894 2046 hic
945 1981 1142 2047 locus.
1229 1981 1634 2068 perspicuum
1678 1992 1778 2048 est
1824 1982 2018 2069 igitur
2062 1982 2185 2048 alia
2232 2003 2370 2048 esse
2404 1981 2476 2046 in

426 2075 678 2141 homine
707 2072 1001 2160 optanda,
1031 2073 1155 2138 alia
1178 2072 1525 2139 laudanda.
1562 2098 1785 2161 genus,
1823 2075 2047 2154 forma,
2084 2077 2269 2155 vires,
2295 2097 2477 2162 opes,

429 2166 684 2232 divitiae
729 2177 1093 2250 ceteraque,
1143 2189 1306 2250 quae
1342 2168 1598 2233 fortuna
1633 2169 1743 2233 dat
1786 2178 1895 2233 aut
1943 2169 2330 2234 extrinsecus
2367 2181 2477 2233 aut

425 2258 704 2345 corpori,
726 2282 855 2325 non
888 2258 1124 2327 habent
1149 2260 1215 2325 in
1252 2284 1320 2327 se
1357 2283 1573 2327 veram
1600 2262 1873 2342 laudem,
1912 2285 2075 2348 quae
2102 2262 2319 2330 deberi
2351 2261 2481 2329 vir-

425 2353 542 2418 tuti
569 2352 678 2417 uni
701 2364 981 2440 putatur3
1024 2355 1137 2421 sed
1171 2366 1403 2433 tamen,
1442 2358 1612 2440 quod
1644 2357 1786 2444 ipsa
1814 2356 2011 2423 virtus
2040 2357 2108 2422 in
2133 2380 2351 2423 earum
2375 2379 2480 2422 re-

421 2470 566 2511 rum
614 2468 739 2511 usu
774 2468 848 2512 ac
880 2447 1311 2515 moderatione
1365 2449 1639 2515 maxime
1693 2450 1994 2529 cernitur,
2048 2452 2375 2517 tractanda
2406 2451 2477 2515 in

422 2540 890 2607 laudationibus
937 2541 1128 2607 etiam
1172 2541 1332 2607 haec
1369 2554 1516 2607 sunt
1566 2555 1828 2609 naturae
1864 2555 1929 2610 et
1962 2546 2251 2611 fortunae
2283 2546 2479 2623 bona,

421 2634 489 2699 in
525 2634 754 2719 quibus
807 2644 909 2700 est
951 2658 1198 2701 summa
1230 2634 1372 2701 laus
1408 2659 1536 2701 non
1588 2636 1889 2706 extulisse
1927 2660 1996 2703 se
2031 2638 2099 2703 in
2139 2650 2475 2726 potestate,

420 2750 551 2793 non
585 2728 783 2793 fuisse
818 2728 1196 2795 insolentem
1228 2728 1294 2795 in
1329 2730 1619 2819 pecunia,
1654 2754 1784 2797 non
1820 2754 1888 2797 se
1921 2732 2298 2819 praetulisse
2334 2730 2473 2797 aliis

418 2831 678 2908 propter
730 2823 1181 2888 abundantiam
1240 2824 1563 2904 fortunae,
1626 2838 1697 2889 ut
1749 2849 1903 2912 opes
1958 2837 2021 2891 et
2073 2827 2292 2914 copiae
2344 2849 2475 2891 non

421 2915 752 3001 superbiae
804 2917 1138 2981 videantur
1173 2937 1247 2981 ac
1281 2917 1555 2997 libidini,
1610 2918 1725 2984 sed
1757 2918 2023 2985 bonitati
2058 2942 2133 2984 ac
2184 2921 2477 2987 modera-

305 3034 383 3074 843
419 3006 572 3073 tioni
607 3008 971 3084 facultatem
1006 3021 1072 3075 et
1103 3010 1434 3076 materiam
1470 3012 1721 3077 dedisse
1730 3037 1749 3089 3
1795 3012 1994 3077 virtus
2032 3021 2270 3090 autem,
2309 3036 2473 3097 quae

418 3112 518 3167 est
547 3124 664 3188 per
699 3125 770 3167 se
803 3103 945 3189 ipsa
976 3100 1310 3169 laudabilis
1348 3115 1415 3170 et
1448 3104 1582 3169 sine
1620 3127 1746 3188 qua
1770 3104 1926 3169 nihil
1958 3104 2203 3169 laudari
2235 3117 2476 3191 potest,

416 3205 628 3261 tamen
662 3195 852 3261 habet
903 3197 1100 3283 pluris
1153 3198 1379 3283 partis,
1436 3220 1700 3281 quarum
1751 3197 1875 3261 alia
1908 3208 2006 3263 est
2041 3196 2164 3262 alia
2218 3198 2299 3262 ad
2332 3197 2475 3264 lau-

418 3287 737 3355 dationem
771 3288 976 3377 aptior
982 3315 1004 3368 3
1059 3303 1206 3356 sunt
1240 3292 1410 3357 enim
1444 3290 1603 3363 aliae
1638 3290 1932 3369 virtuteS,
1978 3312 2141 3375 quae
2177 3291 2477 3359 videntur

412 3380 482 3447 in
515 3382 796 3447 moribus
832 3382 1157 3450 hominum
1192 3396 1257 3451 et
1289 3384 1562 3469 quadam
1615 3384 1908 3451 comitate
1944 3406 2019 3450 ac
2052 3384 2470 3453 beneficentia

411 3475 687 3561 positae3
741 3475 928 3557 aliae,
977 3500 1138 3563 quae
1172 3479 1240 3543 in
1271 3477 1511 3565 ingenii
1547 3478 1757 3563 aliqua
1791 3479 2089 3547 facultate
2128 3489 2238 3548 aut
2270 3478 2465 3545 animi

413 3570 846 3655 magnitudine
883 3592 956 3637 ac
989 3574 1215 3639 robore
1225 3598 1244 3651 3
1289 3596 1439 3638 nam
1474 3572 1833 3651 clementia,
1869 3573 2133 3651 iustitia,
2178 3572 2467 3659 benigni-

413 3674 543 3741 tas,
579 3662 768 3743 fides,
813 3664 1116 3732 fortitudo
1151 3668 1216 3729 in
1253 3669 1548 3753 periculis
1585 3668 2022 3734 communibus
2058 3668 2333 3733 iucunda
2368 3678 2465 3733 est

298 3784 378 3828 ³44
415 3757 633 3822 auditu
683 3758 751 3822 in
802 3757 1270 3825 laudationibus
1279 3786 1298 3839 3
1354 3783 1573 3827 omnes
1628 3762 1797 3827 enim
1848 3762 1968 3827 hae
2021 3763 2283 3829 virtutes
2336 3785 2468 3827 non

411 3862 542 3916 tam
576 3851 755 3939 ipsis,
793 3852 900 3935 qui
936 3874 1044 3918 eas
1081 3851 1336 3931 habent,
1375 3876 1563 3937 quam
1588 3856 1807 3941 generi
1834 3854 2159 3921 hominum
2185 3856 2465 3921 fructuo-

413 3966 522 4009 sae
573 3956 900 4029 putantur3
965 3946 1272 4033 sapientia
1325 3958 1388 4015 et
1440 3950 1810 4034 magnitudo
1873 3948 2090 4028 animi,
2151 3970 2278 4033 qua
2328 3972 2463 4016 om-

407 4057 526 4099 nes
569 4058 673 4101 res
727 4038 1040 4105 humanae
1095 4049 1316 4107 tenues
1371 4064 1447 4109 ac
1494 4066 1613 4129 pro
1656 4044 1852 4109 nihilo
1901 4054 2229 4128 putantur,
2282 4052 2346 4111 et
2394 4042 2465 4115 in
