2784 4575
735 290 840 344 DE
875 289 1362 348 INVENTIONE
1399 291 1445 344 Ι.
1479 289 1719 346 36-40,
2127 276 2255 344 125

192 424 363 480 stum
397 412 722 498 negotium
757 421 1247 496 consequuntur.
1333 412 1721 481 continentia
1755 434 1900 480 cum
1950 413 2092 500 ipso
2135 436 2251 480 ne-

189 508 366 595 gotio
403 518 552 574 sunt
585 529 688 584 ea,
743 528 908 591 quae
943 527 1194 593 semper
1245 507 1457 572 adfixa
1490 530 1634 572 esse
1669 507 1963 574 videntur
1998 509 2081 573 ad
2112 531 2252 574 rem

188 623 398 686 neque
442 602 524 666 ab
567 623 644 666 ea
683 611 958 710 possunt
1001 600 1300 710 seperari.
1389 624 1471 667 ex
1505 601 1604 666 his
1648 601 1854 688 prima
1896 611 1997 670 est
2036 601 2250 670 brevis

191 695 546 782 complexio
601 694 793 763 totius
845 695 1115 781 negotii,
1171 717 1333 780 quae
1379 716 1695 762 summam
1746 696 2028 762 continet
2077 695 2253 772 facti,

189 791 314 858 hoc
338 791 557 857 modo:
593 789 878 876 parentis
903 788 1157 868 occisio,
1191 789 1436 876 patriae
1462 790 1737 877 proditio
1744 815 1765 870 ς
1800 789 2029 858 deinde
2059 811 2255 856 causa

191 885 330 950 eius
375 905 690 962 summae,
741 906 858 970 per
909 904 1124 968 quam·
1145 894 1211 948 et
1251 905 1445 968 quam
1496 884 1581 950 ob
1630 905 1769 951 rem
1812 895 1879 950 et
1930 883 2111 950 cuius
2158 881 2255 950 rei

193 999 388 1044 causa
413 979 656 1044 factum
684 977 785 1057 sit,
821 978 1168 1062 quaeritur3
1207 977 1437 1044 deinde
1464 989 1611 1047 ante
1637 989 1887 1064 gestam
1918 1001 2057 1047 rem
2090 1001 2255 1062 quae
2350 1006 2354 1008 ·

193 1073 368 1138 facta
403 1073 530 1138 sint
564 1073 956 1142 continenter
997 1095 1200 1157 usque
1236 1073 1320 1137 ad
1360 1073 1574 1160 ipsum
1616 1073 1971 1160 negotium3
2026 1073 2256 1140 deinde

191 1167 262 1230 in
309 1166 454 1253 ipso
495 1168 786 1254 ‚gerendo
839 1167 1096 1254 negotio
1147 1167 1304 1250 quid
1364 1176 1576 1232 actum
1637 1167 1721 1232 sit
1728 1191 1747 1244 ;
1811 1167 2043 1235 deinde
2102 1167 2255 1252 quid

192 1271 424 1348 postea
455 1260 698 1326 factum
731 1260 834 1326 sit.

312 1355 395 1418 In
427 1355 718 1440 gestione
753 1365 968 1419 autem
1001 1354 1260 1440 negotii,
1299 1352 1409 1438 qui
1438 1353 1619 1418 locus
1648 1355 1963 1419 secundus
2000 1365 2137 1420 erat
2170 1354 2249 1420 de
2292 1380 2347 1420 ss

192 1447 308 1523 eis,
345 1467 508 1530 quae
533 1447 808 1533 negotiis
846 1447 1148 1513 attributa
1181 1457 1346 1524 sunt,
1385 1457 1721 1530 quaeretur
1744 1446 1943 1526 locus,
1981 1459 2253 1535 tempus,

189 1541 454 1618 modus,
490 1541 763 1617 occasio,
799 1541 1094 1606 facultas.
1183 1540 1362 1608 locus
1399 1541 1853 1620 consideratur,
1888 1542 1955 1606 in
1990 1565 2115 1628 quo
2148 1565 2253 1607 res

190 1645 378 1720 gesta
413 1634 524 1712 sit,
579 1657 660 1699 ex
705 1632 1202 1721 opportunitate,
1257 1655 1450 1718 quam
1502 1635 1791 1700 videatur
1834 1636 2136 1703 habuisse
2172 1637 2256 1700 ad

189 1727 520 1814 negotium
555 1727 1140 1795 administrandum.
1228 1751 1306 1794 ea
1341 1738 1555 1794 autem
1588 1729 2024 1815 opporumitas
2060 1751 2255 1812 quae-

188 1823 349 1888 ritui·
393 1845 476 1890 ex
516 1822 982 1909 magnitudine,
1035 1820 1399 1900 intervallo,
1452 1821 1942 1910 longinquitate,
1994 1823 2255 1910 propin-

191 1917 460 2002 quitate,
516 1916 882 1994 solitudine,
937 1915 1330 1996 celebritate,
1373 1927 1604 1984 natura
1644 1917 1848 2004 ipsius
1892 1917 2017 1982 loci
2061 1927 2127 1983 et
2160 1917 2255 1982 vi-

191 2010 450 2076 cinitate
515 2011 708 2078 totius
769 2010 1079 2098 regionis3
1151 2033 1233 2077 ex
1293 2010 1392 2076 his
1457 2010 1651 2077 etiam
1712 2011 2251 2078 attributionibus:

193 2127 370 2172 sacer
397 2129 480 2170 an
507 2106 832 2192 profanus,
867 2105 1161 2192 publicus
1190 2129 1277 2172 an
1295 2105 1605 2192 privatus,
1642 2105 1887 2172 alienus
1914 2129 1997 2171 sn
2029 2106 2251 2194 ipsius,

191 2199 272 2262 de
316 2220 442 2282 quo
473 2199 724 2285 agitur,
775 2199 956 2267 locus
1003 2200 1088 2266 sit
1129 2210 1240 2266 aut
1289 2200 1501 2266 fuerit.
1588 2210 1840 2286 tempus
1898 2211 2113 2266 autem
2154 2210 2255 2268 est
2294 2221 2348 2264 ss

139 2289 144 2296 ’
189 2330 280 2341 --
321 2294 390 2359 id
436 2316 559 2378 quo
601 2317 772 2361 nunc
813 2296 1076 2374 utimur,
1129 2320 1281 2361 nam
1321 2296 1537 2383 ipsum
1580 2296 1837 2381 quidem
1877 2296 2258 2383 generaliter

191 2388 454 2455 definire
509 2388 766 2458 difficile
817 2401 918 2457 est
957 2427 1048 2439 --
1095 2414 1246 2477 pars
1299 2392 1612 2475 quaedam
1668 2391 2055 2457 aeternitatis
2110 2412 2255 2457 cum

193 2480 458 2549 alicuius
505 2484 728 2562 annui,
781 2484 1117 2561 menstrui,
1173 2483 1383 2549 dim-ni
1423 2484 1795 2552 nocturnive
1842 2483 2033 2571 spatii
2084 2494 2257 2549 certa

193 2576 672 2663 significatione.
759 2576 828 2640 in
861 2575 984 2641 hoc
1027 2587 1093 2642 et
1135 2599 1298 2661 quae
1339 2578 1805 2661 praeterierint,
1850 2576 2257 2643 consideran-

191 2679 322 2746 tur3
369 2678 434 2733 et
455 2691 686 2735 eorum
719 2669 1030 2755 ipsorum,
1078 2690 1242 2753 quae
1279 2680 1388 2734 aut
1422 2680 1682 2756 propter
1725 2680 2106 2735 vetustatem
2140 2670 2256 2734 ob-

193 2760 564 2839 soleverint,
600 2772 711 2826 aut
743 2761 1135 2829 incredibilia
1167 2762 1503 2827 videantur
1533 2772 1600 2827 >et
1632 2762 1765 2829 iam
1794 2763 1862 2827 in
1896 2762 2257 2827 fabularum

191 2876 528 2921 numerum
559 2865 947 2941 reponantur
989 2867 1056 2920 et
1100 2877 1266 2941 quae
1298 2856 1429 2920 iam
1472 2856 1581 2921 diu
1624 2866 1811 2941 gesta
1844 2865 1910 2921 et
1944 2879 1983 2920 a
2014 2878 2255 2921 memo-

189 2950 290 3016 ria
321 2958 541 3016 nostra
567 2960 844 3027 remota,
892 2960 1105 3017 tamen
1137 2948 1378 3018 faciant
1410 2948 1605 3017 fidem
1638 2972 1789 3017 vere
1824 2950 2057 3016 tradita
2088 2972 2253 3029 esse,

191 3043 366 3129 quod
400 3064 620 3109 eorum
652 3053 1064 3109 monumenta
1097 3054 1272 3111 certa
1303 3043 1371 3109 in
1404 3044 1631 3111 litteris
1666 3053 1944 3123 exstent3
1992 3055 2057 3110 et
2093 3067 2253 3156 quae

191 3160 394 3225 nuper
445 3149 631 3227 gesta
683 3138 836 3216 sint,
891 3160 1056 3222 quae
1107 3138 1270 3205 scire
1320 3137 1625 3248 plerique
1657 3138 1935 3225 possint,
1988 3149 2054 3205 et
2100 3139 2256 3205 item

193 3254 354 3316 quae
387 3233 630 3300 instent
659 3231 730 3297 in
745 3232 1132 3342 ‘praesentia
1165 3242 1230 3299 et
1266 3251 1413 3297 cum
1455 3232 1733 3299 maxime
1783 3234 1940 3299 fiant
1982 3244 2047 3299 et
2091 3256 2253 3319 quae

193 3338 688 3409 consequantur,
742 3327 811 3391 in
853 3327 1084 3411 quibus
1136 3337 1351 3414 potest
1402 3326 1818 3407 considerari,
1872 3328 2027 3413 quid
2076 3328 2252 3395 ocius

195 3430 261 3489 et
295 3419 448 3503 quid
491 3420 693 3485 serius
735 3421 1021 3487 futurum
1066 3422 1176 3499 sit3
1231 3432 1296 3487 et
1338 3422 1494 3489 item
1536 3422 1953 3491 communiter
1983 3422 2051 3487 in
2096 3434 2255 3488 tem-

193 3536 350 3601 pore
406 3513 848 3599 perspiciendo
909 3515 1340 3601 longinquitas
1402 3517 1539 3583 eius
1604 3527 1705 3583 cst
1766 3514 2225 3583 consideranda
2232 3540 2253 3593 3

193 3630 346 3674 nam
365 3602 370 3606 ’
389 3630 582 3695 saepe
627 3618 874 3693 oportet
917 3609 1268 3675 commetiri
1320 3627 1467 3677 cum
1511 3621 1796 3697 tempore
1828 3608 2157 3695 negotium
2190 3620 2257 3673 et

195 3702 438 3781 videre,
491 3702 852 3790 potueritne
892 3714 1004 3769 aut
1043 3703 1416 3791 magnitudo
1466 3704 1707 3791 nego-tii
1759 3714 1869 3769 aut
1918 3702 2255 3768 multitudo

195 3818 408 3863 rerum
439 3796 514 3863 in
543 3818 622 3861 eo
656 3796 923 3885 transigi
967 3808 1270 3885 tempore.
1361 3798 1795 3867 consideratur
1838 3807 2051 3863 autem
2094 3805 2253 3861 tem-

197 3910 333 3997 pus·
355 3900 420 3955 et
455 3890 604 3957 anni
637 3902 706 3957 et
736 3890 975 3959 mensis
1003 3904 1070 3958 et
1102 3893 1228 3959 diei
1261 3904 1328 3959 et
1351 3892 1556 3959 noctis
1591 3903 1658 3957 et
1691 3890 1945 3999 vig-iliae
1970 3899 2038 3955 et
2060 3888 2255 3955 horae

200 3992 265 4047 et
315 3982 384 4047 in
433 3984 648 4068 aliqua
696 3997 876 4072 parte
931 3986 1195 4062 alicuius
1249 3986 1497 4053 horum.
1584 3984 1835 4053 occasio
1888 3994 2102 4049 autem
2154 3993 2254 4048 est
2284 3978 2355 4033 2⁷

193 4100 346 4165 pars
384 4081 684 4167 temporis
721 4080 1019 4149 habens
999 4105 1068 4147 m
1103 4104 1174 4151 se
1209 4082 1473 4151 alieuius
1512 4080 1605 4147 rei
1647 4078 1942 4147 idoneam
1976 4050 2348 4145 faciendi⁴⁰
