<?xml version="1.0" encoding="UTF-8"?>
<!DOCTYPE html PUBLIC "-//W3C//DTD XHTML 1.0 Transitional//EN"
    "http://www.w3.org/TR/xhtml1/DTD/xhtml1-transitional.dtd">
<html xmlns="http://www.w3.org/1999/xhtml" xml:lang="en" lang="en">
 <head>
  <title>
</title>
<meta http-equiv="Content-Type" content="text/html;charset=utf-8" />
  <meta name='ocr-system' content='tesseract 3.04.00' />
  <meta name='ocr-capabilities' content='ocr_page ocr_carea ocr_par ocr_line ocrx_word'/>
</head>
<body>
  <div class='ocr_page' id='page_1' title='image "./mtulliiciceroni11unkngoog_0390.png"; bbox 0 0 2784 4575; ppageno 0'>
   <div class='ocr_carea' id='block_1_1' title="bbox 466 256 1903 323">
    <p class='ocr_par' dir='ltr' id='par_1_1' title="bbox 466 256 1903 323">
     <span class='ocr_line' id='line_1_1' title="bbox 466 256 1903 323; baseline -0.004 0"><span class='ocrx_word' id='word_1_1' title='bbox 466 256 591 323; x_wconf 85' lang='lat'><strong>102</strong></span> <span class='ocrx_word' id='word_1_2' title='bbox 1078 266 1156 321; x_wconf 81' lang='lat' dir='ltr'><strong>M.</strong></span> <span class='ocrx_word' id='word_1_3' title='bbox 1193 264 1466 323; x_wconf 84' lang='lat' dir='ltr'>TULLII</span> <span class='ocrx_word' id='word_1_4' title='bbox 1502 260 1903 319; x_wconf 80' lang='lat' dir='ltr'>CICERONIS</span> 
     </span>
    </p>
   </div>
   <div class='ocr_carea' id='block_1_2' title="bbox 341 383 2544 4132">
    <p class='ocr_par' dir='ltr' id='par_1_2' title="bbox 341 383 2544 4132">
     <span class='ocr_line' id='line_1_2' title="bbox 550 383 2544 479; baseline -0.003 -22"><span class='ocrx_word' id='word_1_5' title='bbox 550 412 889 479; x_wconf 84' lang='lat' dir='ltr'><strong>segregare</strong></span> <span class='ocrx_word' id='word_1_6' title='bbox 928 389 1042 455; x_wconf 86' lang='lat' dir='ltr'><strong>abs</strong></span> <span class='ocrx_word' id='word_1_7' title='bbox 1078 399 1143 455; x_wconf 91' lang='lat' dir='ltr'><strong>te</strong></span> <span class='ocrx_word' id='word_1_8' title='bbox 1178 388 1393 454; x_wconf 88' lang='lat' dir='ltr'><strong>ausu’s</strong></span> <span class='ocrx_word' id='word_1_9' title='bbox 1433 397 1543 453; x_wconf 86' lang='lat' dir='ltr'><strong>aut</strong></span> <span class='ocrx_word' id='word_1_10' title='bbox 1577 387 1713 452; x_wconf 90' lang='lat' dir='ltr'><strong>sine</strong></span> <span class='ocrx_word' id='word_1_11' title='bbox 1737 385 1847 451; x_wconf 87' lang='lat' dir='ltr'><strong>illo</strong></span> <span class='ocrx_word' id='word_1_12' title='bbox 1879 383 2205 451; x_wconf 83' lang='lat' dir='ltr'><strong>Salamina</strong></span> <span class='ocrx_word' id='word_1_13' title='bbox 2239 384 2544 473; x_wconf 81' lang='lat' dir='ltr'>ingredi?</span> 
     </span>
     <span class='ocr_line' id='line_1_3' title="bbox 547 479 1910 571; baseline -0.004 -21"><span class='ocrx_word' id='word_1_14' title='bbox 547 505 755 569; x_wconf 87' lang='lat' dir='ltr'><strong>neque</strong></span> <span class='ocrx_word' id='word_1_15' title='bbox 787 493 1125 571; x_wconf 80' lang='lat' dir='ltr'><strong>paternum</strong></span> <span class='ocrx_word' id='word_1_16' title='bbox 1160 490 1490 569; x_wconf 84' lang='lat' dir='ltr'><strong>aspectum</strong></span> <span class='ocrx_word' id='word_1_17' title='bbox 1525 502 1595 545; x_wconf 89' lang='lat' dir='ltr'><strong>es</strong></span> <span class='ocrx_word' id='word_1_18' title='bbox 1632 479 1910 545; x_wconf 82' lang='lat' dir='ltr'><strong>veritus?</strong></span> 
     </span>
     <span class='ocr_line' id='line_1_4' title="bbox 460 572 2542 663; baseline -0.004 -18"><span class='ocrx_word' id='word_1_19' title='bbox 460 600 810 662; x_wconf 83' lang='lat' dir='ltr'><strong>numquam</strong></span> <span class='ocrx_word' id='word_1_20' title='bbox 840 577 1021 642; x_wconf 90' lang='lat' dir='ltr'><strong>illum</strong></span> <span class='ocrx_word' id='word_1_21' title='bbox 1056 587 1385 663; x_wconf 82' lang='lat' dir='ltr'><strong>aspectum</strong></span> <span class='ocrx_word' id='word_1_22' title='bbox 1420 574 1690 651; x_wconf 85' lang='lat' dir='ltr'><strong>dicebat,</strong></span> <span class='ocrx_word' id='word_1_23' title='bbox 1725 574 1880 657; x_wconf 90' lang='lat' dir='ltr'><strong>quin</strong></span> <span class='ocrx_word' id='word_1_24' title='bbox 1913 573 2071 638; x_wconf 89' lang='lat' dir='ltr'><strong>mihi</strong></span> <span class='ocrx_word' id='word_1_25' title='bbox 2097 572 2365 639; x_wconf 83' lang='lat' dir='ltr'><strong>Telamo</strong></span> <span class='ocrx_word' id='word_1_26' title='bbox 2403 573 2542 637; x_wconf 81' lang='lat' dir='ltr'><strong>ira-</strong></span> 
     </span>
     <span class='ocr_line' id='line_1_5' title="bbox 460 668 2540 747; baseline -0.002 -8"><span class='ocrx_word' id='word_1_27' title='bbox 460 687 564 739; x_wconf 87' lang='lat' dir='ltr'><strong>tus</strong></span> <span class='ocrx_word' id='word_1_28' title='bbox 601 674 809 739; x_wconf 86' lang='lat' dir='ltr'><strong>furere</strong></span> <span class='ocrx_word' id='word_1_29' title='bbox 842 672 1021 737; x_wconf 80' lang='lat' dir='ltr'><strong>luctu</strong></span> <span class='ocrx_word' id='word_1_30' title='bbox 1053 671 1167 735; x_wconf 84' lang='lat' dir='ltr'><strong>filii</strong></span> <span class='ocrx_word' id='word_1_31' title='bbox 1192 671 1514 736; x_wconf 82' lang='lat' dir='ltr'><strong>videretur</strong></span> <span class='ocrx_word' id='word_1_32' title='bbox 1521 694 1541 747; x_wconf 91' lang='lat'>;</span> <span class='ocrx_word' id='word_1_33' title='bbox 1579 679 1646 734; x_wconf 80' lang='lat' dir='ltr'><strong>at</strong></span> <span class='ocrx_word' id='word_1_34' title='bbox 1677 668 1849 733; x_wconf 89' lang='lat' dir='ltr'><strong>idem</strong></span> <span class='ocrx_word' id='word_1_35' title='bbox 1873 668 2110 735; x_wconf 87' lang='lat' dir='ltr'><strong>inflexa</strong></span> <span class='ocrx_word' id='word_1_36' title='bbox 2144 669 2226 733; x_wconf 89' lang='lat' dir='ltr'><strong>ad</strong></span> <span class='ocrx_word' id='word_1_37' title='bbox 2259 668 2540 735; x_wconf 83' lang='lat' dir='ltr'><strong>misera-</strong></span> 
     </span>
     <span class='ocr_line' id='line_1_6' title="bbox 458 769 1133 842; baseline -0.004 -9"><span class='ocrx_word' id='word_1_38' title='bbox 458 769 655 833; x_wconf 88' lang='lat' dir='ltr'><strong>bilem</strong></span> <span class='ocrx_word' id='word_1_39' title='bbox 691 788 921 832; x_wconf 89' lang='lat' dir='ltr'><strong>sonum</strong></span> <span class='ocrx_word' id='word_1_40' title='bbox 955 786 1133 842; x_wconf 85' lang='lat' dir='ltr'><strong>voce,</strong></span> 
     </span>
     <span class='ocr_line' id='line_1_7' title="bbox 976 856 1940 943; baseline -0.002 -20"><span class='ocrx_word' id='word_1_41' title='bbox 976 880 1122 924; x_wconf 88' lang='lat' dir='ltr'><strong>cum</strong></span> <span class='ocrx_word' id='word_1_42' title='bbox 1158 869 1363 924; x_wconf 84' lang='lat' dir='ltr'><strong>aetate</strong></span> <span class='ocrx_word' id='word_1_43' title='bbox 1399 867 1626 923; x_wconf 80' lang='lat' dir='ltr'><strong>exacta</strong></span> <span class='ocrx_word' id='word_1_44' title='bbox 1657 856 1940 943; x_wconf 84' lang='lat' dir='ltr'><strong>indigem</strong></span> 
     </span>
     <span class='ocr_line' id='line_1_8' title="bbox 545 948 2530 1036; baseline -0.004 -15"><span class='ocrx_word' id='word_1_45' title='bbox 545 955 815 1021; x_wconf 89' lang='lat' dir='ltr'><strong>liberum</strong></span> <span class='ocrx_word' id='word_1_46' title='bbox 839 952 1151 1031; x_wconf 77' lang='lat' dir='ltr'><strong>lacerasti,</strong></span> <span class='ocrx_word' id='word_1_47' title='bbox 1188 953 1448 1031; x_wconf 89' lang='lat' dir='ltr'><strong>orbasti,</strong></span> <span class='ocrx_word' id='word_1_48' title='bbox 1485 952 1790 1017; x_wconf 84' lang='lat' dir='ltr'><strong>exstinxti</strong></span> <span class='ocrx_word' id='word_1_49' title='bbox 1797 978 1816 1029; x_wconf 86' lang='lat'><em>3</em></span> <span class='ocrx_word' id='word_1_50' title='bbox 1851 972 2060 1036; x_wconf 89' lang='lat' dir='ltr'><strong>neque</strong></span> <span class='ocrx_word' id='word_1_51' title='bbox 2085 948 2298 1017; x_wconf 82' lang='lat' dir='ltr'><strong>fratris</strong></span> <span class='ocrx_word' id='word_1_52' title='bbox 2323 948 2530 1027; x_wconf 84' lang='lat' dir='ltr'><strong>neeis,</strong></span> 
     </span>
     <span class='ocr_line' id='line_1_9' title="bbox 544 1045 2527 1133; baseline -0.003 -20"><span class='ocrx_word' id='word_1_53' title='bbox 544 1070 752 1133; x_wconf 87' lang='lat' dir='ltr'><strong>neque</strong></span> <span class='ocrx_word' id='word_1_54' title='bbox 772 1048 909 1113; x_wconf 89' lang='lat' dir='ltr'><strong>eius</strong></span> <span class='ocrx_word' id='word_1_55' title='bbox 934 1047 1112 1133; x_wconf 85' lang='lat' dir='ltr'><strong>gnati</strong></span> <span class='ocrx_word' id='word_1_56' title='bbox 1127 1046 1329 1133; x_wconf 87' lang='lat' dir='ltr'><strong>parvi,</strong></span> <span class='ocrx_word' id='word_1_57' title='bbox 1387 1048 1497 1132; x_wconf 88' lang='lat' dir='ltr'><strong>qui</strong></span> <span class='ocrx_word' id='word_1_58' title='bbox 1539 1048 1654 1113; x_wconf 83' lang='lat' dir='ltr'><strong>tibi</strong></span> <span class='ocrx_word' id='word_1_59' title='bbox 1686 1048 1754 1113; x_wconf 86' lang='lat' dir='ltr'><strong>in</strong></span> <span class='ocrx_word' id='word_1_60' title='bbox 1795 1047 2061 1111; x_wconf 84' lang='lat' dir='ltr'><strong>tutelam</strong></span> <span class='ocrx_word' id='word_1_61' title='bbox 2096 1057 2196 1113; x_wconf 84' lang='lat' dir='ltr'><strong>est</strong></span> <span class='ocrx_word' id='word_1_62' title='bbox 2229 1045 2527 1124; x_wconf 78' lang='lat' dir='ltr'><strong>traditus,</strong></span> 
     </span>
     <span class='ocr_line' id='line_1_10' title="bbox 460 1138 2528 1228; baseline -0.002 -19"><span class='ocrx_word' id='word_1_63' title='bbox 460 1145 621 1210; x_wconf 87' lang='lat' dir='ltr'><strong>flens</strong></span> <span class='ocrx_word' id='word_1_64' title='bbox 686 1162 763 1207; x_wconf 87' lang='lat' dir='ltr'><strong>ac</strong></span> <span class='ocrx_word' id='word_1_65' title='bbox 822 1142 1052 1228; x_wconf 87' lang='lat' dir='ltr'><strong>lugens</strong></span> <span class='ocrx_word' id='word_1_66' title='bbox 1100 1141 1311 1207; x_wconf 80' lang='lat' dir='ltr'><strong>dicere</strong></span> <span class='ocrx_word' id='word_1_67' title='bbox 1373 1140 1706 1207; x_wconf 84' lang='lat' dir='ltr'><strong>videbatur</strong></span> <span class='ocrx_word' id='word_1_68' title='bbox 1713 1166 1732 1219; x_wconf 84' lang='lat'><em>3</em></span> <span class='ocrx_word' id='word_1_69' title='bbox 1795 1161 1958 1225; x_wconf 89' lang='lat' dir='ltr'><strong>quae</strong></span> <span class='ocrx_word' id='word_1_70' title='bbox 2021 1140 2078 1205; x_wconf 92' lang='lat' dir='ltr'><strong>si</strong></span> <span class='ocrx_word' id='word_1_71' title='bbox 2125 1138 2233 1205; x_wconf 87' lang='lat' dir='ltr'><strong>ille</strong></span> <span class='ocrx_word' id='word_1_72' title='bbox 2277 1139 2528 1217; x_wconf 86' lang='lat' dir='ltr'><strong>histrio,</strong></span> 
     </span>
     <span class='ocr_line' id='line_1_11' title="bbox 462 1231 2530 1321; baseline -0.002 -18"><span class='ocrx_word' id='word_1_73' title='bbox 462 1236 695 1303; x_wconf 76' lang='lat' dir='ltr'><strong>cotidie</strong></span> <span class='ocrx_word' id='word_1_74' title='bbox 756 1257 903 1300; x_wconf 90' lang='lat' dir='ltr'><strong>cum</strong></span> <span class='ocrx_word' id='word_1_75' title='bbox 964 1244 1210 1321; x_wconf 86' lang='lat' dir='ltr'><strong>ageret,</strong></span> <span class='ocrx_word' id='word_1_76' title='bbox 1283 1246 1498 1299; x_wconf 89' lang='lat' dir='ltr'><strong>tamen</strong></span> <span class='ocrx_word' id='word_1_77' title='bbox 1567 1231 1794 1321; x_wconf 86' lang='lat' dir='ltr'><strong>[recte]</strong></span> <span class='ocrx_word' id='word_1_78' title='bbox 1851 1256 2042 1321; x_wconf 88' lang='lat' dir='ltr'><strong>agere</strong></span> <span class='ocrx_word' id='word_1_79' title='bbox 2106 1233 2241 1299; x_wconf 89' lang='lat' dir='ltr'><strong>sine</strong></span> <span class='ocrx_word' id='word_1_80' title='bbox 2303 1231 2530 1299; x_wconf 90' lang='lat' dir='ltr'><strong>dolore</strong></span> 
     </span>
     <span class='ocr_line' id='line_1_12' title="bbox 460 1325 2529 1415; baseline -0.002 -20"><span class='ocrx_word' id='word_1_81' title='bbox 460 1354 590 1396; x_wconf 89' lang='lat' dir='ltr'><strong>non</strong></span> <span class='ocrx_word' id='word_1_82' title='bbox 640 1339 915 1415; x_wconf 86' lang='lat' dir='ltr'><strong>poterat,</strong></span> <span class='ocrx_word' id='word_1_83' title='bbox 968 1328 1123 1413; x_wconf 89' lang='lat' dir='ltr'><strong>quid</strong></span> <span class='ocrx_word' id='word_1_84' title='bbox 1172 1327 1528 1393; x_wconf 87' lang='lat' dir='ltr'><strong>Pacuvium</strong></span> <span class='ocrx_word' id='word_1_85' title='bbox 1577 1328 1814 1415; x_wconf 85' lang='lat' dir='ltr'><strong>putatis</strong></span> <span class='ocrx_word' id='word_1_86' title='bbox 1865 1327 1934 1391; x_wconf 90' lang='lat' dir='ltr'><strong>in</strong></span> <span class='ocrx_word' id='word_1_87' title='bbox 1996 1325 2330 1393; x_wconf 86' lang='lat' dir='ltr'><strong>scribendo</strong></span> <span class='ocrx_word' id='word_1_88' title='bbox 2393 1327 2529 1392; x_wconf 90' lang='lat' dir='ltr'><strong>leni</strong></span> 
     </span>
     <span class='ocr_line' id='line_1_13' title="bbox 350 1420 2528 1507; baseline -0.004 -15"><span class='ocrx_word' id='word_1_89' title='bbox 350 1452 429 1492; x_wconf 83' lang='lat'><strong>194</strong></span> <span class='ocrx_word' id='word_1_90' title='bbox 462 1422 673 1488; x_wconf 86' lang='lat' dir='ltr'><strong>animo</strong></span> <span class='ocrx_word' id='word_1_91' title='bbox 710 1442 787 1487; x_wconf 92' lang='lat' dir='ltr'><strong>ac</strong></span> <span class='ocrx_word' id='word_1_92' title='bbox 818 1421 1087 1489; x_wconf 87' lang='lat' dir='ltr'><strong>remisso</strong></span> <span class='ocrx_word' id='word_1_93' title='bbox 1122 1422 1361 1487; x_wconf 84' lang='lat' dir='ltr'><strong>fuisse?</strong></span> <span class='ocrx_word' id='word_1_94' title='bbox 1403 1420 1542 1487; x_wconf 90' lang='lat' dir='ltr'><strong>fieri</strong></span> <span class='ocrx_word' id='word_1_95' title='bbox 1575 1421 1750 1487; x_wconf 87' lang='lat' dir='ltr'><strong>nullo</strong></span> <span class='ocrx_word' id='word_1_96' title='bbox 1789 1421 1982 1487; x_wconf 89' lang='lat' dir='ltr'><strong>modo</strong></span> <span class='ocrx_word' id='word_1_97' title='bbox 2015 1420 2239 1507; x_wconf 83' lang='lat' dir='ltr'><strong>potuit.</strong></span> <span class='ocrx_word' id='word_1_98' title='bbox 2329 1442 2528 1505; x_wconf 80' lang='lat' dir='ltr'><strong>saepe</strong></span> 
     </span>
     <span class='ocr_line' id='line_1_14' title="bbox 462 1514 2530 1602; baseline -0.002 -19"><span class='ocrx_word' id='word_1_99' title='bbox 462 1516 633 1583; x_wconf 90' lang='lat' dir='ltr'><strong>enim</strong></span> <span class='ocrx_word' id='word_1_100' title='bbox 677 1516 891 1581; x_wconf 85' lang='lat' dir='ltr'><strong>audivi</strong></span> <span class='ocrx_word' id='word_1_101' title='bbox 932 1522 1190 1602; x_wconf 70' lang='lat' dir='ltr'><strong>poetam</strong></span> <span class='ocrx_word' id='word_1_102' title='bbox 1238 1516 1482 1581; x_wconf 87' lang='lat' dir='ltr'><strong>bonum</strong></span> <span class='ocrx_word' id='word_1_103' title='bbox 1523 1514 1844 1581; x_wconf 89' lang='lat' dir='ltr'><strong>neminem</strong></span> <span class='ocrx_word' id='word_1_104' title='bbox 1873 1548 1966 1562; x_wconf 91' lang='lat'><strong>—·</strong></span> <span class='ocrx_word' id='word_1_105' title='bbox 1995 1514 2064 1578; x_wconf 89' lang='lat' dir='ltr'><strong>id</strong></span> <span class='ocrx_word' id='word_1_106' title='bbox 2107 1514 2280 1597; x_wconf 88' lang='lat' dir='ltr'><strong>quod</strong></span> <span class='ocrx_word' id='word_1_107' title='bbox 2313 1536 2354 1577; x_wconf 88' lang='lat' dir='ltr'><strong>a</strong></span> <span class='ocrx_word' id='word_1_108' title='bbox 2385 1514 2530 1579; x_wconf 90' lang='lat' dir='ltr'><strong>De·-</strong></span> 
     </span>
     <span class='ocr_line' id='line_1_15' title="bbox 458 1607 2529 1694; baseline -0.002 -19"><span class='ocrx_word' id='word_1_109' title='bbox 458 1610 724 1677; x_wconf 88' lang='lat' dir='ltr'><strong>mocrito</strong></span> <span class='ocrx_word' id='word_1_110' title='bbox 778 1621 842 1675; x_wconf 87' lang='lat' dir='ltr'><strong>et</strong></span> <span class='ocrx_word' id='word_1_111' title='bbox 889 1610 1161 1676; x_wconf 82' lang='lat' dir='ltr'><strong>Platone</strong></span> <span class='ocrx_word' id='word_1_112' title='bbox 1213 1609 1281 1673; x_wconf 92' lang='lat' dir='ltr'><strong>in</strong></span> <span class='ocrx_word' id='word_1_113' title='bbox 1334 1608 1584 1694; x_wconf 81' lang='lat' dir='ltr'><strong>scriptis</strong></span> <span class='ocrx_word' id='word_1_114' title='bbox 1637 1607 1926 1673; x_wconf 86' lang='lat' dir='ltr'><strong>relictum</strong></span> <span class='ocrx_word' id='word_1_115' title='bbox 1977 1628 2124 1673; x_wconf 89' lang='lat' dir='ltr'><strong>esse</strong></span> <span class='ocrx_word' id='word_1_116' title='bbox 2177 1607 2396 1672; x_wconf 87' lang='lat' dir='ltr'><strong>dicunt</strong></span> <span class='ocrx_word' id='word_1_117' title='bbox 2435 1642 2529 1655; x_wconf 83' lang='lat'><strong>——</strong></span> 
     </span>
     <span class='ocr_line' id='line_1_16' title="bbox 462 1702 2527 1789; baseline -0.001 -19"><span class='ocrx_word' id='word_1_118' title='bbox 462 1706 599 1771; x_wconf 90' lang='lat' dir='ltr'><strong>sine</strong></span> <span class='ocrx_word' id='word_1_119' title='bbox 660 1704 1155 1770; x_wconf 86' lang='lat' dir='ltr'><strong>inflammatione</strong></span> <span class='ocrx_word' id='word_1_120' title='bbox 1220 1703 1574 1769; x_wconf 85' lang='lat' dir='ltr'><strong>animorum</strong></span> <span class='ocrx_word' id='word_1_121' title='bbox 1633 1702 1940 1769; x_wconf 75' lang='lat' dir='ltr'><strong>exsistere</strong></span> <span class='ocrx_word' id='word_1_122' title='bbox 2001 1725 2196 1789; x_wconf 86' lang='lat' dir='ltr'><strong>posse</strong></span> <span class='ocrx_word' id='word_1_123' title='bbox 2259 1712 2324 1767; x_wconf 86' lang='lat' dir='ltr'><strong>et</strong></span> <span class='ocrx_word' id='word_1_124' title='bbox 2386 1703 2527 1768; x_wconf 86' lang='lat' dir='ltr'><strong>sine</strong></span> 
     </span>
     <span class='ocr_line' id='line_1_17' title="bbox 354 1796 2526 1883; baseline -0.002 -16"><span class='ocrx_word' id='word_1_125' title='bbox 354 1813 425 1869; x_wconf 81' lang='lat'><strong>47</strong></span> <span class='ocrx_word' id='word_1_126' title='bbox 462 1800 739 1883; x_wconf 89' lang='lat' dir='ltr'><strong>quodam</strong></span> <span class='ocrx_word' id='word_1_127' title='bbox 775 1800 1013 1865; x_wconf 84' lang='lat' dir='ltr'><strong>adflatu</strong></span> <span class='ocrx_word' id='word_1_128' title='bbox 1058 1797 1241 1881; x_wconf 80' lang='lat' dir='ltr'><strong>quasi</strong></span> <span class='ocrx_word' id='word_1_129' title='bbox 1292 1797 1546 1863; x_wconf 87' lang='lat' dir='ltr'><strong>furoris.</strong></span> <span class='ocrx_word' id='word_1_130' title='bbox 1635 1818 1764 1880; x_wconf 87' lang='lat' dir='ltr'><strong>qua</strong></span> <span class='ocrx_word' id='word_1_131' title='bbox 1794 1819 1865 1863; x_wconf 89' lang='lat' dir='ltr'><strong>re</strong></span> <span class='ocrx_word' id='word_1_132' title='bbox 1906 1797 2105 1862; x_wconf 88' lang='lat' dir='ltr'><strong>nolite</strong></span> <span class='ocrx_word' id='word_1_133' title='bbox 2160 1796 2526 1863; x_wconf 83' lang='lat' dir='ltr'><strong>existimare</strong></span> 
     </span>
     <span class='ocr_line' id='line_1_18' title="bbox 458 1890 2525 1980; baseline -0.001 -22"><span class='ocrx_word' id='word_1_134' title='bbox 458 1916 562 1958; x_wconf 89' lang='lat' dir='ltr'><strong>me</strong></span> <span class='ocrx_word' id='word_1_135' title='bbox 596 1894 827 1980; x_wconf 90' lang='lat' dir='ltr'><strong>ipsum,</strong></span> <span class='ocrx_word' id='word_1_136' title='bbox 865 1892 975 1975; x_wconf 90' lang='lat' dir='ltr'><strong>qui</strong></span> <span class='ocrx_word' id='word_1_137' title='bbox 1008 1914 1139 1956; x_wconf 86' lang='lat' dir='ltr'><strong>non</strong></span> <span class='ocrx_word' id='word_1_138' title='bbox 1172 1891 1439 1957; x_wconf 89' lang='lat' dir='ltr'><strong>heroum</strong></span> <span class='ocrx_word' id='word_1_139' title='bbox 1464 1900 1710 1956; x_wconf 86' lang='lat' dir='ltr'><strong>veteres</strong></span> <span class='ocrx_word' id='word_1_140' title='bbox 1748 1912 1936 1955; x_wconf 88' lang='lat' dir='ltr'><strong>casus</strong></span> <span class='ocrx_word' id='word_1_141' title='bbox 1971 1890 2283 1975; x_wconf 77' lang='lat' dir='ltr'><strong>fictosque</strong></span> <span class='ocrx_word' id='word_1_142' title='bbox 2311 1891 2525 1956; x_wconf 88' lang='lat' dir='ltr'><strong>luctus</strong></span> 
     </span>
     <span class='ocr_line' id='line_1_19' title="bbox 458 1984 2530 2069; baseline -0.001 -17"><span class='ocrx_word' id='word_1_143' title='bbox 458 1988 652 2054; x_wconf 87' lang='lat' dir='ltr'><strong>velim</strong></span> <span class='ocrx_word' id='word_1_144' title='bbox 684 1985 919 2051; x_wconf 90' lang='lat' dir='ltr'><strong>imitari</strong></span> <span class='ocrx_word' id='word_1_145' title='bbox 953 1994 1143 2068; x_wconf 76' lang='lat' dir='ltr'><strong>atque</strong></span> <span class='ocrx_word' id='word_1_146' title='bbox 1186 1985 1564 2051; x_wconf 82' lang='lat' dir='ltr'><strong>adumbrare</strong></span> <span class='ocrx_word' id='word_1_147' title='bbox 1609 1984 1876 2051; x_wconf 89' lang='lat' dir='ltr'><strong>dicendo</strong></span> <span class='ocrx_word' id='word_1_148' title='bbox 1927 2004 2137 2069; x_wconf 90' lang='lat' dir='ltr'><strong>neque</strong></span> <span class='ocrx_word' id='word_1_149' title='bbox 2183 1994 2356 2050; x_wconf 80' lang='lat' dir='ltr'><strong>actor</strong></span> <span class='ocrx_word' id='word_1_150' title='bbox 2401 1985 2530 2049; x_wconf 88' lang='lat' dir='ltr'><strong>sim</strong></span> 
     </span>
     <span class='ocr_line' id='line_1_20' title="bbox 462 2078 2528 2187; baseline -0.001 -42"><span class='ocrx_word' id='word_1_151' title='bbox 462 2081 705 2145; x_wconf 81' lang='lat' dir='ltr'><strong>alienae</strong></span> <span class='ocrx_word' id='word_1_152' title='bbox 740 2100 1082 2187; x_wconf 82' lang='lat' dir='ltr'><strong>personae,</strong></span> <span class='ocrx_word' id='word_1_153' title='bbox 1121 2078 1236 2143; x_wconf 90' lang='lat' dir='ltr'><strong>sed</strong></span> <span class='ocrx_word' id='word_1_154' title='bbox 1272 2089 1492 2145; x_wconf 79' lang='lat' dir='ltr'><strong>auctor</strong></span> <span class='ocrx_word' id='word_1_155' title='bbox 1523 2100 1738 2155; x_wconf 89' lang='lat' dir='ltr'><strong>meae,</strong></span> <span class='ocrx_word' id='word_1_156' title='bbox 1793 2099 1937 2142; x_wconf 91' lang='lat' dir='ltr'><strong>cum</strong></span> <span class='ocrx_word' id='word_1_157' title='bbox 1968 2078 2128 2141; x_wconf 86' lang='lat' dir='ltr'><strong>mihi</strong></span> <span class='ocrx_word' id='word_1_158' title='bbox 2159 2078 2279 2143; x_wconf 92' lang='grc' dir='ltr'><strong>Μ’.</strong></span> <span class='ocrx_word' id='word_1_159' title='bbox 2315 2079 2528 2161; x_wconf 88' lang='lat' dir='ltr'><strong>Aqui-</strong></span> 
     </span>
     <span class='ocr_line' id='line_1_21' title="bbox 460 2172 2526 2259; baseline 0 -23"><span class='ocrx_word' id='word_1_160' title='bbox 460 2173 637 2237; x_wconf 89' lang='lat' dir='ltr'><strong>lius</strong></span> <span class='ocrx_word' id='word_1_161' title='bbox 619 2196 688 2235; x_wconf 88' lang='lat' dir='ltr'><strong>m</strong></span> <span class='ocrx_word' id='word_1_162' title='bbox 722 2172 977 2237; x_wconf 86' lang='lat' dir='ltr'><strong>civitate</strong></span> <span class='ocrx_word' id='word_1_163' title='bbox 1010 2172 1381 2237; x_wconf 85' lang='lat' dir='ltr'><strong>retinendus</strong></span> <span class='ocrx_word' id='word_1_164' title='bbox 1417 2183 1617 2250; x_wconf 86' lang='lat' dir='ltr'><strong>esset,</strong></span> <span class='ocrx_word' id='word_1_165' title='bbox 1661 2193 1826 2255; x_wconf 87' lang='lat' dir='ltr'><strong>quae</strong></span> <span class='ocrx_word' id='word_1_166' title='bbox 1859 2172 1928 2235; x_wconf 89' lang='lat' dir='ltr'><strong>in</strong></span> <span class='ocrx_word' id='word_1_167' title='bbox 1961 2172 2074 2237; x_wconf 85' lang='lat' dir='ltr'><strong>illa</strong></span> <span class='ocrx_word' id='word_1_168' title='bbox 2107 2192 2304 2237; x_wconf 86' lang='lat' dir='ltr'><strong>causa</strong></span> <span class='ocrx_word' id='word_1_169' title='bbox 2333 2196 2526 2259; x_wconf 88' lang='lat' dir='ltr'><strong>pero-</strong></span> 
     </span>
     <span class='ocr_line' id='line_1_22' title="bbox 348 2264 2524 2354; baseline -0.003 -18"><span class='ocrx_word' id='word_1_170' title='bbox 348 2295 427 2336; x_wconf 80' lang='lat'><strong>195</strong></span> <span class='ocrx_word' id='word_1_171' title='bbox 460 2266 662 2332; x_wconf 86' lang='lat' dir='ltr'><strong>randa</strong></span> <span class='ocrx_word' id='word_1_172' title='bbox 713 2266 1001 2344; x_wconf 85' lang='lat' dir='ltr'><strong>fecerim,</strong></span> <span class='ocrx_word' id='word_1_173' title='bbox 1058 2265 1195 2334; x_wconf 89' lang='lat' dir='ltr'><strong>sine</strong></span> <span class='ocrx_word' id='word_1_174' title='bbox 1237 2290 1475 2354; x_wconf 85' lang='lat' dir='ltr'><strong>magno</strong></span> <span class='ocrx_word' id='word_1_175' title='bbox 1528 2264 1746 2332; x_wconf 87' lang='lat' dir='ltr'><strong>dolore</strong></span> <span class='ocrx_word' id='word_1_176' title='bbox 1790 2265 2052 2332; x_wconf 84' lang='lat' dir='ltr'><strong>fecisse.</strong></span> <span class='ocrx_word' id='word_1_177' title='bbox 2107 2286 2297 2350; x_wconf 89' lang='lat' dir='ltr'><strong>quem</strong></span> <span class='ocrx_word' id='word_1_178' title='bbox 2349 2266 2524 2332; x_wconf 90' lang='lat' dir='ltr'><strong>enim</strong></span> 
     </span>
     <span class='ocr_line' id='line_1_23' title="bbox 460 2361 2522 2448; baseline -0.001 -22"><span class='ocrx_word' id='word_1_179' title='bbox 460 2383 583 2448; x_wconf 85' lang='lat' dir='ltr'><strong>ego</strong></span> <span class='ocrx_word' id='word_1_180' title='bbox 640 2361 969 2427; x_wconf 88' lang='lat' dir='ltr'><strong>consulem</strong></span> <span class='ocrx_word' id='word_1_181' title='bbox 1028 2362 1257 2438; x_wconf 87' lang='lat' dir='ltr'><strong>fuisse,</strong></span> <span class='ocrx_word' id='word_1_182' title='bbox 1320 2361 1768 2448; x_wconf 85' lang='lat' dir='ltr'><strong>imperatorem</strong></span> <span class='ocrx_word' id='word_1_183' title='bbox 1828 2370 2120 2426; x_wconf 83' lang='lat' dir='ltr'><strong>ornatum</strong></span> <span class='ocrx_word' id='word_1_184' title='bbox 2173 2385 2213 2426; x_wconf 87' lang='lat' dir='ltr'><strong>a</strong></span> <span class='ocrx_word' id='word_1_185' title='bbox 2273 2371 2522 2438; x_wconf 79' lang='lat' dir='ltr'><strong>senatu,</strong></span> 
     </span>
     <span class='ocr_line' id='line_1_24' title="bbox 460 2452 2526 2542; baseline -0.001 -21"><span class='ocrx_word' id='word_1_186' title='bbox 460 2466 756 2521; x_wconf 84' lang='lat' dir='ltr'><strong>ovantem</strong></span> <span class='ocrx_word' id='word_1_187' title='bbox 816 2455 885 2519; x_wconf 90' lang='lat' dir='ltr'><strong>in</strong></span> <span class='ocrx_word' id='word_1_188' title='bbox 946 2452 1335 2542; x_wconf 86' lang='lat' dir='ltr'><strong>Capitolium</strong></span> <span class='ocrx_word' id='word_1_189' title='bbox 1399 2454 1764 2520; x_wconf 84' lang='lat' dir='ltr'><strong>ascendisse</strong></span> <span class='ocrx_word' id='word_1_190' title='bbox 1825 2453 2286 2531; x_wconf 84' lang='lat' dir='ltr'><strong>meminissem,</strong></span> <span class='ocrx_word' id='word_1_191' title='bbox 2347 2453 2526 2518; x_wconf 85' lang='lat' dir='ltr'><strong>hunc</strong></span> 
     </span>
     <span class='ocr_line' id='line_1_25' title="bbox 460 2545 2523 2627; baseline -0.002 -13"><span class='ocrx_word' id='word_1_192' title='bbox 460 2571 607 2614; x_wconf 91' lang='lat' dir='ltr'><strong>cum</strong></span> <span class='ocrx_word' id='word_1_193' title='bbox 642 2549 992 2627; x_wconf 87' lang='lat' dir='ltr'><strong>adflictum,</strong></span> <span class='ocrx_word' id='word_1_194' title='bbox 1031 2549 1446 2627; x_wconf 81' lang='lat' dir='ltr'><strong>debilitatum,</strong></span> <span class='ocrx_word' id='word_1_195' title='bbox 1480 2559 1896 2626; x_wconf 86' lang='lat' dir='ltr'><strong>maerentem,</strong></span> <span class='ocrx_word' id='word_1_196' title='bbox 1933 2548 2002 2612; x_wconf 89' lang='lat' dir='ltr'><strong>in</strong></span> <span class='ocrx_word' id='word_1_197' title='bbox 2037 2568 2350 2613; x_wconf 87' lang='lat' dir='ltr'><strong>summum</strong></span> <span class='ocrx_word' id='word_1_198' title='bbox 2381 2545 2523 2610; x_wconf 89' lang='lat' dir='ltr'><strong>dis-</strong></span> 
     </span>
     <span class='ocr_line' id='line_1_26' title="bbox 458 2639 2524 2729; baseline -0.001 -21"><span class='ocrx_word' id='word_1_199' title='bbox 458 2643 698 2709; x_wconf 88' lang='lat' dir='ltr'><strong>crimen</strong></span> <span class='ocrx_word' id='word_1_200' title='bbox 734 2644 1077 2710; x_wconf 87' lang='lat' dir='ltr'><strong>adductum</strong></span> <span class='ocrx_word' id='word_1_201' title='bbox 1101 2639 1426 2720; x_wconf 45' lang='lat' dir='ltr'><strong>riderem,</strong></span> <span class='ocrx_word' id='word_1_202' title='bbox 1471 2665 1600 2707; x_wconf 87' lang='lat' dir='ltr'><strong>non</strong></span> <span class='ocrx_word' id='word_1_203' title='bbox 1633 2643 1810 2729; x_wconf 91' lang='lat' dir='ltr'><strong>prius</strong></span> <span class='ocrx_word' id='word_1_204' title='bbox 1849 2665 1992 2708; x_wconf 90' lang='lat' dir='ltr'><strong>sum</strong></span> <span class='ocrx_word' id='word_1_205' title='bbox 2027 2653 2288 2708; x_wconf 88' lang='lat' dir='ltr'><strong>conatus</strong></span> <span class='ocrx_word' id='word_1_206' title='bbox 2321 2639 2524 2706; x_wconf 85' lang='lat' dir='ltr'><strong>mise—</strong></span> 
     </span>
     <span class='ocr_line' id='line_1_27' title="bbox 454 2733 2520 2822; baseline -0.002 -20"><span class='ocrx_word' id='word_1_207' title='bbox 454 2737 793 2804; x_wconf 84' lang='lat' dir='ltr'><strong>ricordiam</strong></span> <span class='ocrx_word' id='word_1_208' title='bbox 828 2737 965 2802; x_wconf 87' lang='lat' dir='ltr'><strong>aliis</strong></span> <span class='ocrx_word' id='word_1_209' title='bbox 1004 2759 1433 2814; x_wconf 88' lang='lat' dir='ltr'><strong>commovere,</strong></span> <span class='ocrx_word' id='word_1_210' title='bbox 1479 2757 1675 2820; x_wconf 91' lang='lat' dir='ltr'><strong>quam</strong></span> <span class='ocrx_word' id='word_1_211' title='bbox 1717 2735 2155 2802; x_wconf 86' lang='lat' dir='ltr'><strong>misericordia</strong></span> <span class='ocrx_word' id='word_1_212' title='bbox 2199 2757 2344 2800; x_wconf 89' lang='lat' dir='ltr'><strong>sum</strong></span> <span class='ocrx_word' id='word_1_213' title='bbox 2377 2733 2520 2822; x_wconf 89' lang='lat' dir='ltr'><strong>ipse</strong></span> 
     </span>
     <span class='ocr_line' id='line_1_28' title="bbox 341 2828 2516 2916; baseline -0.001 -20"><span class='ocrx_word' id='word_1_214' title='bbox 341 2893 346 2896; x_wconf 88' lang='lat'>.</span> <span class='ocrx_word' id='word_1_215' title='bbox 458 2843 710 2916; x_wconf 84' lang='lat' dir='ltr'><strong>captus:</strong></span> <span class='ocrx_word' id='word_1_216' title='bbox 760 2832 936 2897; x_wconf 90' lang='lat' dir='ltr'><strong>sensi</strong></span> <span class='ocrx_word' id='word_1_217' title='bbox 969 2831 1265 2915; x_wconf 88' lang='lat' dir='ltr'><strong>equidem</strong></span> <span class='ocrx_word' id='word_1_218' title='bbox 1300 2841 1436 2896; x_wconf 85' lang='lat' dir='ltr'><strong>tum</strong></span> <span class='ocrx_word' id='word_1_219' title='bbox 1469 2853 1705 2916; x_wconf 88' lang='lat' dir='ltr'><strong>magno</strong></span> <span class='ocrx_word' id='word_1_220' title='bbox 1751 2853 1942 2916; x_wconf 87' lang='lat' dir='ltr'><strong>opere</strong></span> <span class='ocrx_word' id='word_1_221' title='bbox 1977 2829 2220 2896; x_wconf 78' lang='lat' dir='ltr'><strong>moveri</strong></span> <span class='ocrx_word' id='word_1_222' title='bbox 2253 2828 2516 2906; x_wconf 87' lang='lat' dir='ltr'><strong>iudices,</strong></span> 
     </span>
     <span class='ocr_line' id='line_1_29' title="bbox 460 2922 2519 2990; baseline -0 -3"><span class='ocrx_word' id='word_1_223' title='bbox 460 2945 606 2987; x_wconf 88' lang='lat' dir='ltr'><strong>cum</strong></span> <span class='ocrx_word' id='word_1_224' title='bbox 642 2925 917 2990; x_wconf 82' lang='lat' dir='ltr'><strong>excitavi</strong></span> <span class='ocrx_word' id='word_1_225' title='bbox 959 2936 1275 2989; x_wconf 88' lang='lat' dir='ltr'><strong>maestum</strong></span> <span class='ocrx_word' id='word_1_226' title='bbox 1311 2946 1386 2988; x_wconf 87' lang='lat' dir='ltr'><strong>ac</strong></span> <span class='ocrx_word' id='word_1_227' title='bbox 1423 2923 1817 2989; x_wconf 85' lang='lat' dir='ltr'><strong>sordidatum</strong></span> <span class='ocrx_word' id='word_1_228' title='bbox 1863 2945 2083 2989; x_wconf 88' lang='lat' dir='ltr'><strong>senem</strong></span> <span class='ocrx_word' id='word_1_229' title='bbox 2117 2932 2184 2988; x_wconf 87' lang='lat' dir='ltr'><strong>et</strong></span> <span class='ocrx_word' id='word_1_230' title='bbox 2215 2943 2364 2987; x_wconf 90' lang='lat' dir='ltr'><strong>cum</strong></span> <span class='ocrx_word' id='word_1_231' title='bbox 2394 2922 2519 2988; x_wconf 86' lang='lat' dir='ltr'><strong>ista</strong></span> 
     </span>
     <span class='ocr_line' id='line_1_30' title="bbox 457 3015 2520 3102; baseline -0.001 -20"><span class='ocrx_word' id='word_1_232' title='bbox 457 3017 581 3083; x_wconf 86' lang='lat' dir='ltr'><strong>feci</strong></span> <span class='ocrx_word' id='word_1_233' title='bbox 593 3066 612 3095; x_wconf 92' lang='lat'><strong>,</strong></span> <span class='ocrx_word' id='word_1_234' title='bbox 668 3041 830 3102; x_wconf 89' lang='lat' dir='ltr'><strong>quae</strong></span> <span class='ocrx_word' id='word_1_235' title='bbox 884 3029 981 3096; x_wconf 84' lang='lat' dir='ltr'><strong>tn,</strong></span> <span class='ocrx_word' id='word_1_236' title='bbox 1040 3015 1309 3096; x_wconf 82' lang='lat' dir='ltr'><strong>Crasse,</strong></span> <span class='ocrx_word' id='word_1_237' title='bbox 1362 3017 1616 3094; x_wconf 87' lang='lat' dir='ltr'><strong>laudas,</strong></span> <span class='ocrx_word' id='word_1_238' title='bbox 1667 3040 1799 3082; x_wconf 89' lang='lat' dir='ltr'><strong>non</strong></span> <span class='ocrx_word' id='word_1_239' title='bbox 1851 3027 2013 3096; x_wconf 88' lang='lat' dir='ltr'><strong>arte,</strong></span> <span class='ocrx_word' id='word_1_240' title='bbox 2070 3016 2150 3082; x_wconf 92' lang='lat' dir='ltr'><strong>de</strong></span> <span class='ocrx_word' id='word_1_241' title='bbox 2193 3037 2323 3101; x_wconf 87' lang='lat' dir='ltr'><strong>qua</strong></span> <span class='ocrx_word' id='word_1_242' title='bbox 2365 3015 2520 3099; x_wconf 85' lang='lat' dir='ltr'><strong>quid</strong></span> 
     </span>
     <span class='ocr_line' id='line_1_31' title="bbox 456 3111 2517 3198; baseline -0.001 -23"><span class='ocrx_word' id='word_1_243' title='bbox 456 3111 680 3194; x_wconf 90' lang='lat' dir='ltr'><strong>loquar</strong></span> <span class='ocrx_word' id='word_1_244' title='bbox 738 3112 986 3189; x_wconf 90' lang='lat' dir='ltr'><strong>nesci0,</strong></span> <span class='ocrx_word' id='word_1_245' title='bbox 1052 3112 1167 3176; x_wconf 91' lang='lat' dir='ltr'><strong>sed</strong></span> <span class='ocrx_word' id='word_1_246' title='bbox 1226 3122 1408 3178; x_wconf 87' lang='lat' dir='ltr'><strong>motu</strong></span> <span class='ocrx_word' id='word_1_247' title='bbox 1467 3134 1701 3198; x_wconf 84' lang='lat' dir='ltr'><strong>magno</strong></span> <span class='ocrx_word' id='word_1_248' title='bbox 1765 3111 1959 3176; x_wconf 87' lang='lat' dir='ltr'><strong>animi</strong></span> <span class='ocrx_word' id='word_1_249' title='bbox 2011 3132 2087 3176; x_wconf 88' lang='lat' dir='ltr'><strong>ac</strong></span> <span class='ocrx_word' id='word_1_250' title='bbox 2141 3111 2379 3187; x_wconf 90' lang='lat' dir='ltr'><strong>dolore,</strong></span> <span class='ocrx_word' id='word_1_251' title='bbox 2439 3120 2517 3174; x_wconf 85' lang='lat' dir='ltr'><strong>ut</strong></span> 
     </span>
     <span class='ocr_line' id='line_1_32' title="bbox 346 3201 2511 3284; baseline -0.002 -12"><span class='ocrx_word' id='word_1_252' title='bbox 346 3231 423 3272; x_wconf 81' lang='lat'><strong>196</strong></span> <span class='ocrx_word' id='word_1_253' title='bbox 459 3204 881 3271; x_wconf 87' lang='lat' dir='ltr'><strong>discinderem</strong></span> <span class='ocrx_word' id='word_1_254' title='bbox 916 3205 1222 3284; x_wconf 87' lang='lat' dir='ltr'><strong>tunicam,</strong></span> <span class='ocrx_word' id='word_1_255' title='bbox 1268 3217 1348 3270; x_wconf 82' lang='lat' dir='ltr'><strong>ut</strong></span> <span class='ocrx_word' id='word_1_256' title='bbox 1381 3204 1709 3270; x_wconf 84' lang='lat' dir='ltr'><strong>cicatrices</strong></span> <span class='ocrx_word' id='word_1_257' title='bbox 1745 3205 2165 3271; x_wconf 87' lang='lat' dir='ltr'><strong>ostenderem.</strong></span> <span class='ocrx_word' id='word_1_258' title='bbox 2249 3225 2391 3270; x_wconf 90' lang='lat' dir='ltr'><strong>cum</strong></span> <span class='ocrx_word' id='word_1_259' title='bbox 2425 3201 2511 3269; x_wconf 84' lang='lat' dir='ltr'><strong>O.</strong></span> 
     </span>
     <span class='ocr_line' id='line_1_33' title="bbox 454 3298 2515 3386; baseline 0 -22"><span class='ocrx_word' id='word_1_260' title='bbox 454 3298 706 3364; x_wconf 90' lang='lat' dir='ltr'><strong>Marius</strong></span> <span class='ocrx_word' id='word_1_261' title='bbox 760 3322 1111 3367; x_wconf 86' lang='lat' dir='ltr'><strong>maerorem</strong></span> <span class='ocrx_word' id='word_1_262' title='bbox 1171 3300 1475 3367; x_wconf 88' lang='lat' dir='ltr'><strong>orationis</strong></span> <span class='ocrx_word' id='word_1_263' title='bbox 1535 3323 1716 3365; x_wconf 89' lang='lat' dir='ltr'><strong>meae</strong></span> <span class='ocrx_word' id='word_1_264' title='bbox 1776 3322 2082 3386; x_wconf 87' lang='lat' dir='ltr'><strong>praesens</strong></span> <span class='ocrx_word' id='word_1_265' title='bbox 2147 3323 2224 3365; x_wconf 90' lang='lat' dir='ltr'><strong>ac</strong></span> <span class='ocrx_word' id='word_1_266' title='bbox 2285 3298 2515 3365; x_wconf 84' lang='lat' dir='ltr'><strong>sedens</strong></span> 
     </span>
     <span class='ocr_line' id='line_1_34' title="bbox 452 3392 2519 3480; baseline 0 -22"><span class='ocrx_word' id='word_1_267' title='bbox 452 3393 725 3458; x_wconf 83' lang='lat' dir='ltr'><strong>multum</strong></span> <span class='ocrx_word' id='word_1_268' title='bbox 758 3395 1034 3460; x_wconf 89' lang='lat' dir='ltr'><strong>lacrimis</strong></span> <span class='ocrx_word' id='word_1_269' title='bbox 1074 3395 1206 3460; x_wconf 90' lang='lat' dir='ltr'><strong>suis</strong></span> <span class='ocrx_word' id='word_1_270' title='bbox 1244 3395 1576 3458; x_wconf 87' lang='lat' dir='ltr'><strong>adiuvaret</strong></span> <span class='ocrx_word' id='word_1_271' title='bbox 1611 3415 1882 3477; x_wconf 89' lang='lat' dir='ltr'><strong>cumque</strong></span> <span class='ocrx_word' id='word_1_272' title='bbox 1919 3417 2042 3480; x_wconf 91' lang='lat' dir='ltr'><strong>ego</strong></span> <span class='ocrx_word' id='word_1_273' title='bbox 2075 3394 2260 3458; x_wconf 88' lang='lat' dir='ltr'><strong>illum</strong></span> <span class='ocrx_word' id='word_1_274' title='bbox 2295 3392 2519 3459; x_wconf 89' lang='lat' dir='ltr'><strong>crebro</strong></span> 
     </span>
     <span class='ocr_line' id='line_1_35' title="bbox 456 3487 2522 3576; baseline -0 -23"><span class='ocrx_word' id='word_1_275' title='bbox 456 3489 784 3576; x_wconf 86' lang='lat' dir='ltr'><strong>appellans</strong></span> <span class='ocrx_word' id='word_1_276' title='bbox 822 3489 1154 3574; x_wconf 83' lang='lat' dir='ltr'><strong>conlegam</strong></span> <span class='ocrx_word' id='word_1_277' title='bbox 1189 3489 1251 3553; x_wconf 85' lang='lat' dir='ltr'><strong>ei</strong></span> <span class='ocrx_word' id='word_1_278' title='bbox 1284 3510 1474 3552; x_wconf 87' lang='lat' dir='ltr'><strong>suum</strong></span> <span class='ocrx_word' id='word_1_279' title='bbox 1523 3488 2033 3554; x_wconf 82' lang='lat' dir='ltr'><strong>commendarem</strong></span> <span class='ocrx_word' id='word_1_280' title='bbox 2079 3499 2272 3570; x_wconf 84' lang='lat' dir='ltr'><strong>atque</strong></span> <span class='ocrx_word' id='word_1_281' title='bbox 2305 3487 2522 3572; x_wconf 88' lang='lat' dir='ltr'><strong>ipsum</strong></span> 
     </span>
     <span class='ocr_line' id='line_1_36' title="bbox 456 3581 2520 3667; baseline 0 -22"><span class='ocrx_word' id='word_1_282' title='bbox 456 3581 837 3647; x_wconf 86' lang='lat' dir='ltr'><strong>advocatum</strong></span> <span class='ocrx_word' id='word_1_283' title='bbox 871 3583 953 3646; x_wconf 90' lang='lat' dir='ltr'><strong>ad</strong></span> <span class='ocrx_word' id='word_1_284' title='bbox 986 3604 1389 3646; x_wconf 89' lang='lat' dir='ltr'><strong>communem</strong></span> <span class='ocrx_word' id='word_1_285' title='bbox 1439 3581 1895 3667; x_wconf 83' lang='lat' dir='ltr'><strong>imperatorum</strong></span> <span class='ocrx_word' id='word_1_286' title='bbox 1937 3582 2260 3647; x_wconf 79' lang='lat' dir='ltr'><strong>fortunam</strong></span> <span class='ocrx_word' id='word_1_287' title='bbox 2293 3581 2520 3646; x_wconf 86' lang='lat' dir='ltr'><strong>defen-</strong></span> 
     </span>
     <span class='ocr_line' id='line_1_37' title="bbox 456 3673 2517 3754; baseline 0 -15"><span class='ocrx_word' id='word_1_288' title='bbox 456 3674 732 3740; x_wconf 86' lang='lat' dir='ltr'><strong>dendam</strong></span> <span class='ocrx_word' id='word_1_289' title='bbox 780 3675 1173 3754; x_wconf 86' lang='lat' dir='ltr'><strong>invocarem,</strong></span> <span class='ocrx_word' id='word_1_290' title='bbox 1234 3699 1366 3741; x_wconf 86' lang='lat' dir='ltr'><strong>non</strong></span> <span class='ocrx_word' id='word_1_291' title='bbox 1417 3675 1540 3741; x_wconf 81' lang='lat' dir='ltr'><strong>fuit</strong></span> <span class='ocrx_word' id='word_1_292' title='bbox 1587 3676 1747 3741; x_wconf 90' lang='lat' dir='ltr'><strong>haec</strong></span> <span class='ocrx_word' id='word_1_293' title='bbox 1803 3676 1940 3742; x_wconf 90' lang='lat' dir='ltr'><strong>sine</strong></span> <span class='ocrx_word' id='word_1_294' title='bbox 1993 3675 2152 3742; x_wconf 88' lang='lat' dir='ltr'><strong>meis</strong></span> <span class='ocrx_word' id='word_1_295' title='bbox 2215 3673 2517 3752; x_wconf 85' lang='lat' dir='ltr'><strong>lacrimis,</strong></span> 
     </span>
     <span class='ocr_line' id='line_1_38' title="bbox 454 3767 2521 3858; baseline -0.001 -23"><span class='ocrx_word' id='word_1_296' title='bbox 454 3793 587 3836; x_wconf 88' lang='lat' dir='ltr'><strong>non</strong></span> <span class='ocrx_word' id='word_1_297' title='bbox 640 3771 776 3836; x_wconf 90' lang='lat' dir='ltr'><strong>sine</strong></span> <span class='ocrx_word' id='word_1_298' title='bbox 829 3769 1046 3836; x_wconf 90' lang='lat' dir='ltr'><strong>dolore</strong></span> <span class='ocrx_word' id='word_1_299' title='bbox 1086 3767 1378 3858; x_wconf 87' lang='lat' dir='ltr'><strong>[magno]</strong></span> <span class='ocrx_word' id='word_1_300' title='bbox 1418 3771 1742 3837; x_wconf 86' lang='lat' dir='ltr'><strong>miseratio</strong></span> <span class='ocrx_word' id='word_1_301' title='bbox 1797 3769 2205 3854; x_wconf 84' lang='lat' dir='ltr'><strong>omniumque</strong></span> <span class='ocrx_word' id='word_1_302' title='bbox 2248 3769 2521 3834; x_wconf 87' lang='lat' dir='ltr'><strong>deorum</strong></span> 
     </span>
     <span class='ocr_line' id='line_1_39' title="bbox 456 3863 2517 3952; baseline -0.001 -24"><span class='ocrx_word' id='word_1_303' title='bbox 456 3873 522 3928; x_wconf 88' lang='lat' dir='ltr'><strong>et</strong></span> <span class='ocrx_word' id='word_1_304' title='bbox 570 3864 899 3930; x_wconf 88' lang='lat' dir='ltr'><strong>hominum</strong></span> <span class='ocrx_word' id='word_1_305' title='bbox 951 3875 1016 3930; x_wconf 89' lang='lat' dir='ltr'><strong>et</strong></span> <span class='ocrx_word' id='word_1_306' title='bbox 1068 3863 1301 3930; x_wconf 89' lang='lat' dir='ltr'><strong>civium</strong></span> <span class='ocrx_word' id='word_1_307' title='bbox 1348 3876 1418 3930; x_wconf 86' lang='lat' dir='ltr'><strong>et</strong></span> <span class='ocrx_word' id='word_1_308' title='bbox 1468 3864 1784 3931; x_wconf 88' lang='lat' dir='ltr'><strong>sociorum</strong></span> <span class='ocrx_word' id='word_1_309' title='bbox 1834 3863 2219 3952; x_wconf 84' lang='lat' dir='ltr'><strong>imploratio;</strong></span> <span class='ocrx_word' id='word_1_310' title='bbox 2281 3863 2517 3947; x_wconf 89' lang='lat' dir='ltr'><strong>quibus</strong></span> 
     </span>
     <span class='ocr_line' id='line_1_40' title="bbox 456 3955 2519 4044; baseline -0.001 -22"><span class='ocrx_word' id='word_1_311' title='bbox 456 3958 751 4024; x_wconf 88' lang='lat' dir='ltr'><strong>omnibus</strong></span> <span class='ocrx_word' id='word_1_312' title='bbox 804 3959 1045 4039; x_wconf 87' lang='lat' dir='ltr'><strong>verbis,</strong></span> <span class='ocrx_word' id='word_1_313' title='bbox 1101 3981 1264 4044; x_wconf 90' lang='lat' dir='ltr'><strong>quae</strong></span> <span class='ocrx_word' id='word_1_314' title='bbox 1312 3983 1351 4024; x_wconf 91' lang='lat' dir='ltr'><strong>a</strong></span> <span class='ocrx_word' id='word_1_315' title='bbox 1393 3982 1499 4024; x_wconf 91' lang='lat' dir='ltr'><strong>me</strong></span> <span class='ocrx_word' id='word_1_316' title='bbox 1543 3969 1679 4025; x_wconf 80' lang='lat' dir='ltr'><strong>tum</strong></span> <span class='ocrx_word' id='word_1_317' title='bbox 1713 3968 1880 4025; x_wconf 82' lang='lat' dir='ltr'><strong>&#39;sunt</strong></span> <span class='ocrx_word' id='word_1_318' title='bbox 1933 3959 2176 4036; x_wconf 78' lang='lat' dir='ltr'><strong>habita,</strong></span> <span class='ocrx_word' id='word_1_319' title='bbox 2233 3957 2292 4022; x_wconf 89' lang='lat' dir='ltr'><strong>si</strong></span> <span class='ocrx_word' id='word_1_320' title='bbox 2333 3955 2519 4021; x_wconf 93' lang='lat' dir='ltr'><strong>dolor</strong></span> 
     </span>
     <span class='ocr_line' id='line_1_41' title="bbox 459 4049 2519 4132; baseline 0.002 -21"><span class='ocrx_word' id='word_1_321' title='bbox 459 4049 723 4114; x_wconf 87' lang='lat' dir='ltr'><strong>afuisset</strong></span> <span class='ocrx_word' id='word_1_322' title='bbox 772 4075 981 4132; x_wconf 88' lang='lat' dir='ltr'><strong>meus,</strong></span> <span class='ocrx_word' id='word_1_323' title='bbox 1044 4077 1175 4120; x_wconf 85' lang='lat' dir='ltr'><strong>non</strong></span> <span class='ocrx_word' id='word_1_324' title='bbox 1233 4054 1424 4120; x_wconf 90' lang='lat' dir='ltr'><strong>modo</strong></span> <span class='ocrx_word' id='word_1_325' title='bbox 1477 4077 1606 4119; x_wconf 88' lang='lat' dir='ltr'><strong>non</strong></span> <span class='ocrx_word' id='word_1_326' title='bbox 1665 4053 2042 4120; x_wconf 88' lang='lat' dir='ltr'><strong>miserabilis</strong></span> <span class='ocrx_word' id='word_1_327' title='bbox 2053 4085 2076 4131; x_wconf 86' lang='grc'><strong>,-</strong></span> <span class='ocrx_word' id='word_1_328' title='bbox 2137 4052 2256 4118; x_wconf 88' lang='lat' dir='ltr'><strong>sed</strong></span> <span class='ocrx_word' id='word_1_329' title='bbox 2319 4050 2519 4116; x_wconf 82' lang='lat' dir='ltr'><strong>etiam</strong></span> 
     </span>
    </p>
   </div>
   <div class='ocr_carea' id='block_1_3' title="bbox 2723 3677 2730 4452">
    <p class='ocr_par' dir='ltr' id='par_1_3' title="bbox 2723 3677 2730 4452">
     <span class='ocr_line' id='line_1_42' title="bbox 2723 3677 2730 4452; baseline 0 0"><span class='ocrx_word' id='word_1_330' title='bbox 2723 3677 2730 4452; x_wconf 95' lang='lat' dir='ltr'><strong> </strong></span> 
     </span>
    </p>
   </div>
  </div>
 </body>
</html>
