2784 4575
537 273 670 342 364
1150 285 1231 340 M.
1268 282 1542 341 TULLII
1577 279 1980 342 CICERONIS

538 421 635 476 tes
672 406 1059 486 efferendas,
1112 428 1319 492 neque
1356 405 1496 472 aliis
1532 428 1614 472 ex
1646 403 2032 493 praeceptis,
2086 403 2202 470 sed
2235 402 2498 470 eisdem
2533 427 2620 472 ex

316 501 323 508 '
442 522 497 564 ee
538 501 851 569 suasionis
921 499 1100 566 locis.
1220 510 1486 584 uterque
1553 521 1708 564 vero
1779 498 1863 563 ad
1931 498 2292 585 augendum
2363 497 2616 564 habeat

538 596 969 683 exemplorum
1014 603 1125 660 aut
1164 593 1543 670 recentium,
1598 613 1726 675 quo
1766 590 2016 658 notiora
2069 590 2220 670 sint,
2275 601 2388 657 aut
2427 602 2616 658 vete-

534 712 705 768 rum,
760 711 886 773 quo
918 687 1063 774 plus
1101 685 1490 753 auctoritatis
1525 685 1834 764 habeant,
1869 685 2146 774 copiam3
2191 684 2613 772 maximeque

536 781 623 848 sit
652 781 723 847 in
755 783 878 848 hoc
910 803 1145 868 genere
1196 779 1568 858 meditatae,
1619 790 1696 844 ut
1741 779 1948 865 possit
1999 779 2104 845 vel
2156 779 2339 845 utilia
2370 801 2460 844 >ac
2497 803 2612 846 ne-

536 874 813 944 cessaria
846 897 1039 963 saepe
1073 874 1359 942 honestis
1396 874 1498 939 vel
1533 873 1692 940 haec
1725 871 1852 940 illis
1889 874 2224 940 anteferre.
2303 873 2392 941 ad
2429 895 2612 940 com-

534 971 885 1039 movendos
922 979 1135 1036 autem
1188 969 1434 1038 animos
1468 968 1744 1036 maxime
1785 968 2143 1055 proficient,
2199 965 2256 1032 si
2287 967 2609 1034 incitandi

536 1075 749 1143 erunt,
806 1063 941 1130 eius
974 1063 1149 1130 modi
1202 1061 1582 1142 sententiae,
1637 1085 1800 1148 qua-e
1835 1072 1946 1128 aut
1981 1062 2064 1127 ad
2097 1061 2459 1150 explendas
2499 1085 2610 1128 cu-

534 1157 832 1246 piditates
886 1167 995 1224 aut
1046 1157 1131 1222 ad
1190 1157 1409 1224 odium
1471 1156 1832 1222 satiandum
1891 1165 2004 1220 aut
2053 1155 2137 1220 ad
2195 1153 2606 1222 ulciscendas

534 1251 795 1318 iniurias
844 1250 1275 1337 pertinebunt3
1342 1250 1444 1316 sin
1495 1261 1706 1316 autem
1755 1247 2180 1338 reprimendi,
2221 1248 2300 1314 de
2353 1248 2605 1315 incerto

537 1355 709 1410 statu
738 1345 1030 1410 fortunae
1082 1344 1418 1429 dubiisque
1465 1344 1709 1410 eventis
1760 1365 1973 1408 rerum
2015 1343 2373 1410 futurarum
2417 1355 2494 1408 et
2527 1343 2606 1408 de

532 1437 877 1504 retinendis
934 1438 1065 1504 suis
1119 1438 1422 1516 fortunis,
1485 1437 1540 1502 si
1592 1447 1778 1504 erunt
1829 1437 2146 1502 secundae
2153 1462 2174 1515 3
2229 1437 2332 1502 sin
2385 1447 2606 1503 autem

538 1531 862 1609 adversae,
892 1532 971 1597 de
1004 1531 1285 1618 periculo
1322 1531 1782 1597 commonendi.
1829 1541 2018 1616 atque
2051 1529 2120 1596 hi
2153 1530 2414 1614 quidem
2453 1543 2607 1597 sunt

440 1647 495 1688 9⁷
536 1627 951 1714 perorationis
1002 1626 1145 1692 loci.
1232 1626 1543 1713 principia
1577 1636 1790 1691 autem
1819 1625 1890 1690 in
1925 1625 2254 1692 sententiis
2307 1625 2604 1692 dicendis

537 1720 759 1787 brevia
790 1743 931 1786 esse
986 1721 1307 1786 debebunt
1314 1745 1333 1799 3
1388 1743 1519 1786 non
1561 1719 1732 1785 enim
1785 1719 2054 1807 supplex
2095 1731 2168 1784 ut
2203 1719 2286 1784 ad
2317 1719 2604 1786 iudicem

540 1814 717 1880 venit
766 1825 1008 1892 orator,
1064 1813 1180 1881 sed
1230 1813 1514 1887 hortator
1550 1823 1738 1898 atque
1793 1823 2044 1891 auctor3
2096 1835 2228 1898 qua
2256 1835 2326 1878 re
2360 1836 2603 1901 propo-
2726 1821 2727 1848 ¹

536 1931 688 1974 nere
724 1929 849 1993 qua
880 1919 1093 1974 mente
1126 1907 1323 1986 dicat,
1368 1907 1526 1992 quid
1559 1907 1739 1986 velit,
1779 1907 2009 1992 quibus
2046 1908 2128 1973 de
2160 1908 2349 1974 rebus
2389 1907 2600 1972 dietu-

534 2025 645 2068 rus
682 2001 766 2068 sit
800 2003 991 2068 debet
1026 2001 1387 2086 hortarique
1427 2003 1510 2066 ad
1545 2024 1614 2067 se
1650 2001 1927 2066 breviter
1979 2001 2286 2068 dicentem
2320 2001 2604 2066 audien-

538 2096 709 2161 dum.
797 2106 931 2187 tota
964 2106 1175 2163 autem
1226 2096 1428 2161 oratio
1483 2096 1754 2182 simplex
1789 2105 1853 2162 et
1893 2096 2108 2183 gravis
2141 2107 2202 2162 et
2247 2095 2598 2161 sententiis

540 2188 729 2252 debet
762 2186 1041 2254 ornatior
1075 2211 1218 2255 esse
1254 2211 1446 2272 quam
1481 2190 1713 2256 verbis.

432 2270 505 2381 ἓξ
660 2279 741 2349 C.
788 2281 869 2348 F.
926 2279 1225 2368 Cognovi
1274 2283 1403 2349 iam
1464 2283 1846 2351 laudationis
1899 2294 1964 2350 et
2013 2282 2326 2351 suasionis
2377 2282 2593 2362 locos3

536 2396 707 2441 nunc
756 2396 919 2460 quae
952 2376 1199 2445 iudiciis
1253 2377 1736 2445 adcommodata
1799 2379 1957 2457 sint,
2011 2390 2338 2465 exspect03
2399 2377 2594 2463 idque

535 2468 721 2537 nobis
756 2491 961 2557 genus
1001 2481 1243 2537 restare
1295 2494 1494 2537 unum
1526 2484 1702 2560 puto.
1794 2471 1872 2539 O.
1907 2472 1986 2538 P.
2021 2482 2194 2537 recte
2244 2471 2595 2559 intellegis3

538 2574 724 2648 atque
760 2563 896 2630 eius
951 2564 1207 2649 quidem
1258 2568 1510 2654 generis
1563 2566 1708 2635 finis
1746 2577 1846 2631 est
1897 2566 2178 2651 aequitas
2190 2592 2210 2645 ;
2263 2588 2428 2650 quae
2465 2588 2600 2631 non

537 2657 907 2745 simpliciter·
968 2669 1315 2745 spectatur,
1382 2660 1498 2727 sed
1559 2683 1642 2727 ex
1703 2661 2170 2747 comparatione
2227 2682 2360 2726 non
2409 2683 2600 2727 num-

420 2832 428 2839 ·
534 2773 757 2835 quam,
809 2762 881 2816 ut
888 2798 909 2829 ‚
947 2772 1091 2817 cum
1126 2753 1206 2819 de
1243 2754 1578 2821 verissimo
1615 2765 1982 2821 accusatore
2017 2754 2434 2841 disceptatur,
2489 2764 2600 2819 aut

536 2864 683 2909 cum
740 2843 1107 2911 hereditatis
1170 2847 1307 2913 sine
1357 2847 1504 2935 lege
1559 2859 1668 2913 aut
1699 2848 1858 2915 ‚sine
1887 2910 1892 2915 .
1917 2858 2297 2915 testamento
2357 2848 2599 2935 petitur

534 2936 887 3023 possessio:
939 2938 1007 3003 in
1042 2940 1269 3023 quibus
1306 2940 1516 3008 causis
1553 2942 1708 3026 quid
1741 2942 2005 3027 aequius
2057 2941 2598 3027 aequissimumve

536 3030 619 3099 sit
653 3030 997 3114 quaeritur3
1052 3055 1209 3117 quas
1254 3034 1338 3101 ad
1380 3054 1607 3103 causas
1661 3036 1931 3103 facultas
1975 3038 2212 3123 petitur
2253 3046 2598 3123 argumen-

536 3124 845 3190 tationum
880 3148 963 3191 ex
994 3126 1119 3205 eis,
1156 3127 1236 3194 de
1270 3128 1502 3210 quibus
1537 3152 1689 3195 mox
1725 3130 1995 3210 dicetur,
2041 3130 2374 3215 aequitatis
2410 3128 2598 3197 locis.

438 3242 496 3282 99
540 3226 731 3301 atque
776 3218 965 3285 etiam
1010 3230 1155 3285 ante
1187 3220 1490 3289 iudicium
1535 3224 1615 3289 de
1669 3224 2110 3291 constituendo
2161 3224 2304 3311 ipso
2355 3224 2597 3290 iudicio

537 3312 699 3378 solet
750 3334 894 3379 esse
948 3313 1295 3393 contentio,
1348 3338 1495 3383 cum
1548 3328 1658 3383 aut
1701 3319 1864 3384 sitne
1903 3318 2066 3385 actio
2109 3318 2229 3396 illi,
2282 3318 2393 3403 qui
2437 3319 2597 3406 agit,

535 3418 647 3473 aut
676 3407 887 3473 iamne
940 3407 1024 3473 sit
1055 3418 1169 3473 aut
1199 3432 1355 3477 num
1386 3409 1516 3476 iam
1549 3434 1694 3477 esse
1747 3412 2006 3479 desierit
2039 3422 2150 3479 aut
2181 3412 2370 3478 illane
2424 3411 2598 3499 lege,

534 3500 717 3567 hisne
753 3501 964 3567 verbis
1000 3502 1085 3568 sit
1120 3504 1285 3573 actio
1326 3506 1680 3591 quaeritur3
1736 3528 1898 3592 quae
1933 3506 2182 3574 etiamsi
2217 3516 2362 3572 ante
2399 3528 2600 3592 quam

531 3616 637 3659 res
671 3594 739 3658 in
788 3594 1090 3662 iudicium
1144 3598 1319 3665 venit
1370 3609 1482 3664 aut
1535 3612 1894 3667 concertata
1945 3612 2056 3667 aut
2106 3601 2448 3666 diiudicata
2485 3612 2603 3667 aut

534 3687 825 3755 confecta
862 3686 1047 3777 [non]
1088 3702 1265 3771 sunt,
1318 3702 1534 3759 tamen
1565 3693 1634 3758 in
1665 3694 1825 3781 ipsis
1869 3694 2119 3761 iudiciis
2170 3716 2602 3782 permagnum

537 3804 727 3867 saepe
763 3781 1313 3870 habent-pondus,
1350 3808 1496 3852 cum
1527 3788 1622 3853 ita
1654 3788 1910 3855 dicitur:
1949 3788 2120 3876 ‘plus
2155 3785 2401 3875 petisti3
2446 3811 2600 3853 sero

534 3876 749 3962 petisti
757 3902 776 3954 3
828 3899 959 3944 non
1008 3878 1131 3944 fuit
1180 3891 1293 3947 tua
1340 3882 1562 3968 petitio
1569 3908 1590 3961 3
1641 3903 1772 3949 non
1807 3906 1847 3949 a
1888 3904 2021 3961 me,
2072 3906 2202 3951 non
2252 3882 2372 3949 hac
2421 3881 2598 3969 lege,

426 3990 503 4030 100
536 3991 667 4033 non
700 3970 799 4035 his
834 3971 1074 4048 verbis,
1120 3996 1251 4039 non
1284 3974 1410 4040 hoc
1441 3975 1716 4043 iudicio?
1803 3999 2072 4061 quarum
2107 3998 2444 4042 causarum
2478 4000 2602 4063 ge-

538 4078 658 4121 nu·
712 4072 811 4126 est
860 4062 1141 4145 positum
1180 4065 1249 4131 in
1300 4067 1438 4133 iure
1491 4068 1688 4148 civili,
1745 4072 1918 4155 quod
1953 4082 2051 4137 est
2083 4069 2150 4136 in
2199 4070 2602 4159 privatarum
