2784 4575
534 245 665 313 390
1146 255 1226 313 M.
1266 256 1541 314 TULLII
1577 255 1978 312 CICERONIS

530 391 707 458 sunt,
758 402 921 464 quae
974 378 1351 464 aequalitate
1405 379 1548 466 ipsa
1597 389 2065 466 comparentur3
2119 401 2286 463 quae
2333 379 2438 444 ita
2475 379 2612 444 fere

530 475 1017 540 concluduntur·
1070 474 1157 539 ‘si
1192 472 1454 539 consilio
1496 472 1716 538 iuvare
1765 471 1923 537 civis
1975 483 2041 538 et
2092 473 2334 538 auxilio
2391 495 2611 557 aequa

529 569 597 632 in
638 568 827 634 laude
876 566 1243 677 ponendum
1294 577 1420 644 est,
1472 565 1614 652 pari
1661 565 1867 654 gloria
1907 566 2142 632 debent
2181 589 2334 632 esse
2380 566 2454 632 ei
2501 567 2610 650 qui

531 661 869 727 consulunt
902 672 967 727 et
1000 660 1060 726 ei
1105 661 1214 746 qui
1264 661 1643 726 defendunt.
1697 659 1874 744 atqui
1923 659 2198 745 primum
2232 671 2368 739 est,
2423 660 2608 744 quod

527 755 812 838 sequitur
843 753 1055 840 igitur.
1058 754 1075 788 ’
2698 839 2700 842 y

654 848 953 914 Perfecta
1020 858 1119 912 est
1189 846 1393 912 omnis
1466 857 1984 933 argumentorum
2057 846 2604 913 inveniendorum

526 942 917 1029 praeceptiO,
968 953 1067 1018 ut,
1122 962 1268 1006 cum
1310 941 1633 1026 profectus
1673 941 1760 1006 sis
1798 964 1840 1004 a
1871 939 2262 1018 definitione,
2317 963 2364 1006 a
2396 943 2599 1026 parti-

529 1037 729 1122 tione,
784 1059 825 1099 a
856 1034 1207 1112 notatione,
1262 1058 1303 1100 a
1347 1033 1731 1120 coniugatis,
1785 1057 1826 1097 a
1867 1055 2128 1120 genere,
2165 1057 2207 1097 a
2257 1033 2513 1113 forma,
2565 1060 2600 1100 a

536 1129 969 1207 similitudine,
1024 1153 1065 1193 a
1097 1127 1482 1206 differentia,
1535 1151 1578 1191 a
1618 1128 1974 1206 contrariis,
2030 1129 2112 1192 ab
2147 1128 2510 1208 adiunctis,
2564 1154 2598 1194 a

528 1222 1085 1307 consequentibus,
1139 1222 1221 1287 ab
1271 1221 1816 1298 antecedentibus,
1869 1244 1912 1285 a
1958 1221 2506 1307 repugnantibuS,
2563 1247 2597 1287 a

529 1316 769 1393 causis,
822 1315 905 1380 ab
948 1315 1222 1393 effectis,
1276 1339 1317 1380 a
1351 1315 1818 1401 comparatione
1853 1315 2192 1393 maiorum,
2243 1315 2590 1394 minorum,

525 1408 801 1494 parium,
854 1408 1029 1474 nulla
1054 1419 1400 1518 ‘praeterea
1442 1409 1628 1474 sedes
1681 1409 2036 1494 argumenti
2079 1409 2452 1492 quaerenda
2489 1411 2590 1474 sit.

426 1501 493 1556 19
530 1504 644 1567 sed
696 1501 994 1612 quoniam
1049 1503 1141 1566 ita
1192 1525 1233 1566 a
1280 1502 1590 1589 principio
1645 1501 2004 1580 divisimus,
2067 1512 2141 1566 ut
2189 1501 2352 1568 alios
2407 1503 2590 1570 locos

428 2462 481 2501 ⁷3

432 1573 882 1662 ”diceremus
934 1597 1002 1660 in
1055 1619 1130 1664 eo
1184 1597 1355 1683 ipso,
1419 1597 1500 1662 de
1553 1617 1680 1680 quo
1735 1597 2100 1682 ambigitur,
2154 1597 2453 1677 haerere,
2511 1600 2590 1664 de

526 1690 757 1775 quibus
794 1691 949 1756 satis
988 1702 1087 1756 est
1122 1691 1359 1755 dictum
1371 1739 1390 1769 ,
1429 1689 1586 1755 alios
1623 1690 1874 1756 adsumi
1909 1690 2331 1768 extrinsecae,
2371 1691 2456 1756 de
2496 1693 2589 1758 eis

523 1806 729 1870 pauca
763 1785 1075 1863 dicamne,
1128 1785 1251 1850 etsi
1286 1807 1363 1850 ea
1394 1783 1554 1848 nihil
1587 1783 1843 1850 omnino
1890 1784 1970 1849 ad
2006 1794 2252 1850 vestras
2297 1740 2590 1871 disputa-

524 1877 729 1944 tiones
756 1878 1099 1966 pertinent,
1129 1879 1243 1944 sed
1270 1890 1484 1944 tamen
1511 1887 1708 1944 totam
1734 1900 1868 1943 rem
1895 1877 2264 1970 efficiamus,
2293 1879 2588 1961 quando-

526 1971 783 2056 quidem
819 1973 1172 2058 coepimus;
1225 1993 1435 2056 neque
1470 1971 1640 2038 enim
1673 1982 1746 2036 tu
1777 1971 1832 2036 is
1871 1993 1970 2048 es,
2024 1963 2214 2055 quem
2260 1970 2420 2035 nihil
2453 1973 2590 2038 nisi

525 2066 625 2130 ius
665 2066 849 2131 civile
885 2065 1180 2142 delectet,
1235 2075 1299 2130 et
1332 2065 1632 2148 quoniam
1667 2065 1825 2130 haec
1855 2065 1948 2129 ita
1979 2065 2066 2129 ad
2099 2075 2160 2129 te
2193 2063 2580 2142 scribuntur,

520 2168 596 2220 ut
630 2158 821 2222 etiam
854 2157 921 2220 in
956 2157 1221 2222 aliorum
1254 2180 1484 2222 manus
1522 2159 1650 2223 sint
1684 2169 1977 2237 ventura,
2034 2159 2206 2223 detur
2237 2178 2460 2242 opera,
2495 2169 2584 2222 ιιι

524 2270 715 2332 quam
755 2248 1098 2334 plurimum
1150 2249 1269 2329 eis,
1335 2271 1496 2335 quos
1548 2262 1726 2318 recta
1777 2252 1987 2318 studia
2039 2251 2372 2329 delectant,
2425 2273 2584 2338 pro-

525 2343 712 2407 desse
746 2343 1089 2429 possimus.

642 2438 829 2503 Haec
862 2460 1015 2525 ergo
1051 2439 1532 2525 argumentatio,
1570 2460 1734 2523 quae
1767 2439 1994 2504 dicitur
2029 2439 2181 2523 artis
2217 2460 2446 2524 expers
2459 2487 2477 2515 ,
2514 2438 2582 2501 in

523 2530 884 2597 testimonio
920 2542 1022 2597 est
1070 2532 1309 2618 posita3
1362 2532 1792 2597 testimonium
1835 2543 2048 2597 autem
2097 2553 2268 2597 nunc
2311 2530 2578 2595 dicimus

522 2647 739 2703 omne,
794 2626 965 2708 quod
1010 2626 1089 2691 ab
1128 2625 1339 2709 aliqua
1388 2636 1655 2691 externa
1684 2648 1756 2690 re
1793 2625 2062 2693 sumitur
2104 2626 2192 2691 ad
2222 2625 2580 2690 faciendam

522 2720 732 2784 fidem.
819 2742 1094 2804 persona
1127 2730 1339 2784 autem
1371 2742 1502 2786 non
1553 2718 2026 2804 qualiscumque
2063 2731 2182 2797 est,
2235 2718 2578 2783 testimonii

520 2813 772 2898 pondus
809 2811 1029 2889 habet3
1069 2813 1152 2877 ad
1184 2813 1375 2877 fidem
1412 2813 1582 2879 enim
1615 2813 1973 2879 faciendam
2009 2812 2350 2879 auctoritas
2385 2834 2578 2897 quae-

520 2906 706 2981 ritur,
770 2904 887 2969 sed
938 2906 1375 2972 auctoritatem
1429 2917 1540 2972 aut
1597 2917 1827 2972 natura
1875 2917 1987 2971 aut
2043 2918 2294 2993 tempus
2351 2906 2576 2971 adfert.

522 3007 785 3061 naturae
838 2998 1177 3064 auctoritas
1230 2998 1298 3063 in
1348 3000 1580 3065 virtute
1623 3000 1792 3066 inest
1823 3000 2131 3079 maxima3
2182 3000 2252 3065 in
2295 3010 2576 3085 tempore

471 3090 473 3093 ’
523 3098 735 3154 autem
768 3089 971 3155 multa
1005 3102 1179 3169 sunt,
1216 3113 1379 3176 quae
1416 3092 1706 3159 adferant
1731 3093 2194 3160 auctoritatem:
2230 3092 2574 3179 ingenium,

428 3768 479 3808 74

523 3206 707 3267 opes,
762 3194 967 3261 aetas,
1031 3186 1311 3264 fortuna,
1368 3209 1502 3265 ars,
1557 3209 1742 3265 usus,
1804 3186 2182 3264 necessitas,
2245 3186 2575 3253 concursio

522 3274 715 3341 etiam
748 3299 879 3343 non
911 3300 1257 3363 numquam
1289 3301 1501 3345 rerum
1536 3280 1963 3359 fortuitarum;
2009 3304 2160 3345 nam
2193 3290 2258 3345 et
2288 3280 2578 3367 ingenio-

522 3395 629 3437 sos
682 3383 749 3439 et
798 3373 1132 3459 opulentos
1186 3383 1248 3439 et
1301 3375 1528 3440 aetatis
1574 3376 1778 3461 spatio
1828 3378 2130 3463 probatos
2175 3375 2404 3461 dignos
2442 3375 2582 3459 qui-

519 3466 641 3531 bus
678 3467 969 3531 credatur
1001 3476 1255 3553 putant3
1292 3491 1424 3533 non
1455 3479 1628 3535 recte
1663 3470 1968 3547 fortasse,
2006 3470 2122 3535 sed
2155 3468 2328 3555 volgi
2363 3468 2578 3554 opinio

519 3560 751 3623 mutari
786 3560 893 3625 vix
925 3570 1165 3646 potest,
1220 3562 1305 3627 ad
1348 3584 1614 3646 eamque
1663 3564 1874 3629 omnia
1925 3562 2206 3649 dirigunt
2238 3572 2304 3627 et
2337 3562 2448 3644 qui
2482 3561 2580 3624 iu-

521 3651 733 3717 dicant
759 3664 823 3718 et
852 3653 961 3738 qui
988 3654 1349 3719 existimant
1358 3681 1376 3734 3
1417 3657 1525 3740 qui
1552 3656 1720 3722 enim
1743 3658 1934 3723 rebus
1963 3656 2074 3734 eie,
2103 3678 2262 3740 quas
2283 3654 2442 3733 dixi,
2464 3677 2580 3720 ex-

522 3746 773 3825 cellunt,
802 3747 945 3833 ipsa
970 3748 1197 3813 virtute
1217 3749 1507 3814 videntur
1533 3751 1867 3828 excellere3
1899 3750 2012 3815 sed
2035 3750 2298 3834 reliquis
2321 3770 2578 3833 quoque

518 3840 729 3917 rebus,
765 3862 923 3923 quas
961 3843 1149 3908 modo
1178 3842 1560 3921 enumeravi,
1589 3865 1972 3928 quamquam
2004 3844 2072 3908 in
2106 3843 2198 3908 eis
2226 3842 2402 3909 nulla
2427 3865 2577 3934 spe-

522 3932 649 3997 cies
703 3933 950 3999 virtutis
998 3946 1125 4013 est,
1180 3946 1393 4002 tamen
1445 3936 1762 4002 interdum
1817 3938 2219 4004 confirmatur
2269 3936 2460 4012 fides,
2517 3936 2578 4000 si

520 4034 629 4083 aut
682 4046 781 4089 ars
834 4028 1148 4107 quaedam
1200 4030 1534 4093 adhibetur
1573 4066 1662 4077 —
1703 4054 1937 4117 magna
1957 4077 1961 4081 -
1981 4042 2078 4097 est
2121 4029 2290 4095 enim
2342 4028 2440 4094 vis
2489 4028 2576 4092 ad
