2784 4575
997 254 1311 313 BRUTUS
1349 255 1655 310 107-115.
2230 245 2355 312 221

289 381 552 448 omnino
603 378 957 467 ingenium,
1014 379 1132 443 sed
1183 377 1525 444 oratorium
1576 377 1902 465 ingenium
1954 380 2156 446 defuit
2164 406 2183 460 3
2245 404 2360 446 ne·-

291 499 418 562 que
455 474 623 540 enim
655 473 854 538 refert
896 472 1111 538 videre
1157 471 1310 556 quid
1353 471 1701 536 ,dicendum
1736 473 1846 550 sit,
1896 473 2025 538 nisi
2055 474 2127 538 id
2159 496 2353 558 queas

294 571 500 636 solute
527 578 600 634 et
636 567 916 632 suaviter
949 565 1188 632 dicere:
1233 588 1316 630 ne
1350 565 1419 629 id
1456 565 1711 650 quidem
1747 566 1899 631 satis
1938 576 2063 645 est,
2108 567 2235 632 nisi
2268 567 2355 644 id,

291 664 468 750 quod
510 661 766 740 dicitur,
819 661 932 726 fiat
974 681 1160 736 voce,
1214 659 1396 725 voltu
1435 670 1737 744 motuque
1782 660 2117 726 conditius.
2204 661 2357 746 quid
2392 685 2465 723 ιιι

291 753 499 824 dicam
543 777 706 843 opus
753 776 898 819 esse
943 753 1264 820 doctrina?
1319 753 1457 818 sine
1502 776 1629 837 qua
1672 754 1862 820 etiam
1906 753 1963 820 si
1996 755 2150 840 quid
2190 754 2353 821 bene

288 851 518 916 dicitur
555 849 896 914 adiuvante
929 857 1175 925 natura,
1214 856 1428 912 tamen
1461 847 1548 925 id,
1586 847 1737 932 quia
1769 849 2028 916 fortuito
2060 848 2153 927 fit,
2192 871 2358 914 sem-

285 968 404 1033 per
445 953 740 1032 paratum
791 964 936 1008 esse
979 965 1112 1008 non
1159 952 1393 1028 potest.
1498 942 1567 1006 in
1619 940 1845 1009 Scauri
1890 943 2199 1023 oratione,
2256 968 2357 1010 sa-

286 1038 523 1125 pientis
586 1037 860 1103 hominis
915 1048 980 1102 et
1029 1037 1218 1115 recti,
1281 1035 1563 1124 gravitas
1629 1061 1877 1104 summa
1930 1049 1994 1104 et
2051 1039 2356 1104 naturalis

289 1131 607 1215 quaedam
639 1130 843 1196 inerat
888 1130 1256 1208 auctoritas,
1301 1153 1434 1196 non
1466 1142 1539 1196 ut
1583 1153 1869 1210 causam,
1917 1133 2031 1198 sed
2063 1144 2138 1198 ut
2180 1132 2357 1198 testi-

287 1225 577 1290 monium
622 1224 830 1290 dicere
881 1235 1141 1311 putares
1154 1272 1172 1301 ,
1229 1246 1374 1289 cum
1418 1248 1534 1310 pro
1586 1247 1697 1291 reo
1751 1226 2007 1292 diceret.
2094 1225 2217 1292 hoc
2260 1225 2356 1289 di-
2392 1247 2473 1286 112

289 1317 480 1384 cendi
522 1340 726 1405 genus
773 1318 856 1382 ad
897 1318 1250 1404 patrocinia
1289 1319 1689 1384 mediocriter
1742 1330 1961 1406 aptum
2002 1320 2353 1398 videbatur,

293 1414 378 1481 ad
415 1413 796 1478 senatoriam
839 1434 992 1477 vero
1040 1411 1447 1491 sententiam,
1503 1413 1680 1478 cuius
1728 1423 1863 1478 erat
1894 1414 2000 1479 ille
2033 1414 2350 1500 princepe,

285 1505 409 1572 vel·
448 1505 750 1583 maxime3
817 1504 1219 1590 significabat
1271 1505 1441 1570 enim
1491 1528 1620 1571 non
1674 1507 2075 1592 prudentiam
2126 1510 2351 1585 solum,

293 1601 410 1667 sed
454 1601 627 1685 quod
667 1599 942 1665 maxime
986 1622 1122 1666 rem
1169 1599 1559 1683 continebat,
1612 1601 1824 1667 fidem.
1912 1603 2189 1668 habebat
2231 1602 2354 1668 hoc

291 1719 333 1761 a
364 1705 592 1760 natura
622 1694 794 1782 ipsa,
851 1694 1024 1778 quod
1059 1717 1098 1758 a
1133 1693 1421 1759 doctrina
1454 1717 1585 1760 uon
1619 1695 1805 1760 facile
1839 1707 2087 1783 posset3
2134 1718 2357 1781 quam-

289 1811 482 1874 quam
532 1789 720 1854 huius
777 1810 1030 1872 quoque
1085 1788 1291 1875 ipsius
1337 1787 1461 1865 rei,
1519 1810 1709 1872 quem
1761 1790 1843 1854 ad
1894 1791 2151 1856 modum
2205 1790 2352 1867 sciS,

285 1893 630 1971 praecepta
684 1893 851 1948 sunt.
943 1882 1132 1972 huius
1185 1893 1252 1948 et
1303 1881 1619 1949 orationes
1675 1894 1823 1949 sunt
1864 1895 1930 1950 et
1972 1896 2101 1950 tres
2145 1885 2236 1969 ad·
2269 1885 2353 1950 L.

283 1977 610 2044 Fufidium
663 1976 812 2058 libri
867 1977 1086 2064 scripti
1137 1977 1218 2042 de
1271 1977 1404 2042 vita
1435 1977 1656 2064 ,ipsius
1707 1978 1879 2042 lectu
1934 2001 2085 2044 sane
2134 1979 2354 2056 utiles3

289 2094 450 2156 quos
500 2093 689 2137 nemo
743 2071 926 2157 legit:
982 2082 1047 2135 at
1093 2067 1250 2156 Cyri
1301 2071 1500 2136 vitam
1552 2082 1618 2136 et
1666 2071 2063 2160 disciplinam
2114 2074 2353 2158 legunt,
2444 2097 2449 2100 ·

285 2164 684 2250 praeclaram
725 2165 930 2229 illam·
959 2164 1244 2248 quidem,
1301 2166 1419 2230 sed
1458 2188 1665 2251 neque
1712 2178 1845 2232 tam
1886 2165 2121 2233 nostris
2164 2166 2355 2232 rebus

289 2269 508 2345 aptam
547 2280 669 2323 nee
713 2269 927 2324 tamen
973 2257 1200 2324 Scauri
1249 2258 1547 2326 laudibus
1600 2262 2126 2349 anteponendam.
2213 2261 2353 2349 ipse
2388 2258 2461 2311 30

289 2352 484 2417 etiam
513 2352 803 2417 Fufidius
838 2353 908 2417 in
943 2353 1153 2437 aliquo
1197 2364 1609 2440 patronorum
1650 2379 1913 2421 numero
1950 2356 2088 2419 fuit.
2166 2356 2354 2421 Ruti-
2390 2330 2470 2370 ²1³

286 2446 411 2511 lius
451 2456 666 2511 autem
697 2445 766 2509 in
801 2448 1077 2530 quodam
1111 2446 1278 2512 tristi
1313 2458 1376 2512 et
1412 2469 1635 2513 severo
1662 2470 1895 2533 genere
1928 2447 2178 2513 dicendi
2212 2468 2355 2511 ver-

289 2552 467 2607 satus
504 2550 622 2605 est.
695 2550 830 2605 erat
860 2551 1127 2625 uterque
1161 2554 1390 2606 natura
1423 2539 1767 2605 vehemens
1805 2552 1870 2605 et
1918 2562 2089 2605 acer:
2141 2540 2355 2623 itaque

262 2658 437 2701 veum
469 2658 598 2701 una
633 2635 1030 2701 consulatum
1063 2636 1469 2724 petivissent,
1514 2657 1644 2703 uon
1686 2634 1793 2699 ille
1830 2636 2065 2713 solum,
2112 2634 2221 2717 qui
2254 2656 2355 2699 re-

287 2730 543 2817 pulsam
588 2729 844 2807 tulerat,
895 2730 1228 2815 'accusavit
1279 2729 1553 2795 ambitus
1608 2728 2009 2813 designatum
2050 2726 2355 2813 competi-

289 2834 512 2901 torem,
552 2824 666 2889 sed
697 2820 977 2889 Scaurus
1016 2825 1208 2889 etiam
1244 2823 1572 2897 absolutus
1605 2822 1919 2888 Rutilium
1951 2821 2019 2885 in
2052 2820 2355 2887 iudicium

286 2918 542 2984 vocavit
549 2942 570 2997 ;
606 2917 939 3002 multaque
967 2941 1163 3006 opera
1193 2917 1519 3003 multaque
1552 2915 1863 2983 industria
1895 2915 2173 2981 Rutilius
2210 2915 2349 2992 fuit,

267 3034 452 3096 vquae
487 3024 624 3078 erat
654 3022 994 3099 propterea
1027 3012 1296 3099 gratior,
1351 3012 1525 3096 quod
1564 3012 1735 3077 idem
1768 3032 2073 3097 magnum
2116 3028 2349 3071 munus

237 3159 248 3167 .
285 3106 368 3172 de
426 3106 565 3171 iure
624 3106 1057 3192 respondendi
1129 3105 1504 3171 sustinebat.
1622 3115 1769 3171 sunt
1808 3104 1963 3174 ,eius
2034 3100 2349 3168 orationes
2386 3115 2467 3154 114

283 3201 564 3266 ieiunae:
617 3198 819 3265 multa
868 3199 1197 3285 praeclara
1242 3199 1321 3265 de
1373 3200 1509 3266 iure
1520 3224 1540 3278 ;
1604 3200 1829 3266 doctus
1882 3197 1980 3263 vir
2034 3206 2099 3263 et
2152 3194 2356 3262 Grae-

287 3292 382 3356 cis
425 3292 650 3357 litteris
705 3291 1020 3371 eruditus,
1108 3293 1405 3359 Panaetii
1455 3293 1731 3371 auditor,
1782 3314 1983 3380 prope
2032 3290 2353 3379 perfectus

285 3385 358 3449 in
414 3382 681 3465 Stoicis3
745 3408 1016 3471 quorum
1067 3398 1443 3473 peracutum
1494 3397 1559 3453 et
1610 3386 1763 3453 artis
1814 3387 2075 3475 plenum
2126 3383 2357 3451 oratio-

286 3478 390 3543 nis
434 3500 638 3565 genus
684 3480 809 3545 scis
864 3489 1079 3547 tamen
1130 3502 1276 3546 esse
1330 3480 1495 3547 exile
1546 3502 1665 3547 nec
1704 3481 1857 3546 satis
1900 3478 2192 3567 populari
2243 3477 2356 3543 ad·
2408 3522 2421 3550 4

287 3571 574 3640 sensioni
624 3574 1204 3653 adcommodatum,
1267 3574 1482 3658 itaque
1541 3574 1679 3654 illa,
1736 3597 1897 3660 quae
1949 3572 2205 3660 propria
2256 3583 2355 3637 est

286 3668 477 3735 huius
532 3667 906 3757 disciplinae
955 3668 1485 3757 philosophorum
1537 3669 1618 3735 de
1671 3692 1742 3735 se
1794 3669 2079 3756 ipsorum
2140 3665 2352 3751 opinio

281 3762 473 3828 firma
506 3762 576 3827 in
610 3763 734 3829 hoc
778 3764 916 3829 viro
951 3773 1018 3828 et
1051 3762 1298 3829 stabilis
1349 3762 1611 3828 inventa
1653 3772 1778 3840 est3
1832 3761 1941 3847 qui
1986 3781 2133 3826 cum
2172 3759 2355 3824 inno-
2391 3772 2471 3815 11⁵

289 3856 696 3923 centissimus
732 3858 804 3923 in
845 3856 1148 3922 iudicium
1191 3868 1456 3924 vocatus
1511 3866 1711 3933 esset,
1766 3877 1894 3940 quo
1935 3853 2169 3920 iudicio
2204 3873 2355 3917 con-

289 3947 542 4014 volsam
591 3951 848 4039 penitus
894 3951 1128 4018 scimus
1175 3974 1318 4018 esse
1360 3974 1499 4017 rem
1546 3949 1895 4037 publicam,
1948 3970 2094 4015 eum
2138 3957 2356 4012 essent

287 4063 370 4108 eo
415 4052 701 4131 tempore
754 4045 1254 4131 eloquentissimi
1295 4044 1417 4109 viri
1456 4044 1541 4110 L.
1582 4040 1858 4109 Crassus
1902 4054 1967 4109 et
2007 4042 2108 4106 Μ.
2142 4042 2356 4107 Anto-
