2784 4575
515 265 644 332 298
678 325 696 333 ,
1123 274 1203 328 M.
1242 273 1515 331 'runnu
1551 230 1951 330 emenonis
2060 231 2066 241 ¹

421 431 477 474 95
519 400 987 468 immutationes
1039 419 1356 482 nusquam
1408 395 1775 462 crebriores.
1862 395 1931 462 in
1970 396 2142 462 idem
2184 419 2391 484 genus
2439 422 2599 466 ora-

518 496 706 562 tionis
757 531 848 544 —
889 495 1114 578 loquor
1166 491 1335 557 enim
1384 491 1468 556 >de
1517 490 1630 556 illa
1678 489 1930 557 modica
1979 502 2045 557 et
2094 503 2451 580 temperata
2498 531 2596 543 —-

517 591 856 657 verborum
899 588 1135 653 cadunt
1175 585 1418 651 lumina
1460 585 1699 663 omnia,
1752 584 1953 651 multa
1994 587 2188 654 etiam
2233 588 2594 654 sententia-

515 697 688 763 rum3
723 684 928 750 laetae
964 681 1370 765 eruditaeque
1415 678 1873 766 disputationes
1910 681 1992 746 ab
2036 683 2263 748 eodem
2297 682 2592 770 explica-

517 781 752 846 buntur
788 791 852 844 et
884 777 1008 844 loci
1044 797 1411 842 communes
1448 774 1585 839 sine
1621 773 2020 841 contentione
2056 775 2360 842 dicentur.
2426 778 2620 862 quidx

517 873 754 938 multa?
807 894 844 938 e
887 869 1411 958 philosophorum
1463 867 1699 933 scholis
1751 868 1912 933 tales
1965 869 2099 936 fere
2152 871 2463 949 evadunt3
2524 884 2589 936 et

518 966 644 1032 nisi
679 988 891 1032 coram
925 965 1044 1030 erit
1077 974 1477 1051 comparatus
1512 961 1620 1027 ille
1654 961 1904 1041 fortior,
1949 986 2065 1049 per
2099 987 2170 1031 se
2205 965 2339 1043 hic,
2388 987 2585 1049 quem

424 1087 478 1128 se
522 1061 691 1140 dico,
727 1059 1096 1149 probabitur
1103 1083 1123 1136 3
1159 1067 1260 1123 est
1293 1056 1463 1122 enim
1498 1055 1818 1141 quoddam
1853 1057 2044 1122 etiam
2075 1058 2327 1145 insigne
2360 1070 2433 1125 et
2464 1060 2585 1126 flo-

516 1178 666 1222 rens
702 1154 1001 1222 orationis
1048 1153 1288 1240 pictum
1321 1161 1384 1216 et
1421 1151 1771 1238 expolitum
1814 1173 2045 1238 genus,
2089 1151 2157 1216 in
2192 1174 2318 1237 quo
2356 1177 2582 1219 omnes

519 1251 876 1326 verborum,
915 1269 1134 1314 omnes
1172 1245 1623 1312 sententiarum
1648 1245 1991 1331 inligantur
2023 1247 2293 1332 lepores.
2332 1248 2458 1313 hoc
2484 1258 2584 1314 to-

519 1355 657 1408 tum
691 1366 728 1409 e
765 1341 1191 1427 sophistarum
1225 1339 1507 1406 fontibus
1558 1340 1821 1405 defluxit
1852 1339 1922 1405 in
1955 1340 2193 1419 forum,
2242 1342 2358 1407 sed
2403 1364 2586 1428 spre-

521 1448 655 1502 tum
691 1460 730 1502 a
766 1435 1130 1513 subtilibus,
1172 1434 1500 1522 repulsum
1536 1457 1576 1498 a
1609 1433 1910 1520 gravibus
1945 1433 2012 1499 in
2046 1457 2153 1512 ea,
2198 1435 2280 1501 de
2324 1457 2453 1520 qua
2484 1435 2584 1501 lo-

523 1553 711 1616 quor,
747 1530 1179 1596 mediocritate
1216 1528 1523 1594 consedit.

641 1625 895 1691 Tertius
940 1636 1040 1690 est
1080 1625 1186 1690 ille
1232 1623 1480 1710 amplus
1527 1622 1849 1709 copiosae,
1905 1623 2118 1710 gravis
2173 1636 2465 1704 ornatus,
2507 1626 2581 1691 in

521 1742 646 1804 quo
681 1721 967 1807 profecto
1011 1719 1109 1785 vis
1155 1718 1435 1783 maxima
1477 1728 1604 1795 est3
1649 1717 1754 1782 hie
1788 1728 1889 1782 est
1931 1718 2127 1796 enim,
2175 1720 2355 1784 cuius
2390 1742 2580 1786 orna-

436 1880 440 1887 ,
521 1826 654 1878 tum
701 1814 950 1880 dicendi
995 1824 1060 1878 et
1093 1812 1340 1900 copiam
1392 1808 1738 1876 admiratae
1782 1822 2004 1898 gentes
2051 1813 2473 1897 eloquentiam
2504 1814 2579 1880 in

521 1907 878 1974 civitatibus
921 1907 1266 1994 plurimum
1317 1905 1530 1970 valere
1574 1928 1805 1991 passae
1850 1916 2023 1984 sunt,
2080 1908 2197 1972 sed
2236 1907 2400 1972 hanc
2441 1908 2579 1972 elo-

521 2003 869 2086 quentiam,
925 2022 1088 2084 quae
1135 2021 1322 2064 cursu
1365 2021 1601 2084 magno
1648 1999 1982 2083 sonituque
2032 2000 2319 2078 ferretur,
2374 2021 2577 2082 quam

522 2095 914 2180 suspicerent
948 2115 1198 2169 omnes,
1237 2115 1429 2176 quam
1464 2092 1940 2171 admirarentur,
1978 2115 2165 2178 quam
2198 2115 2265 2158 se
2298 2091 2576 2176 adsequi

518 2209 710 2273 posse
749 2187 1132 2265 diffiderent3
1173 2186 1361 2251 huius
1404 2182 1855 2274 [eloquentiae]
1888 2198 1987 2253 est
2012 2198 2275 2253 tractare
2299 2186 2576 2266 animos,

521 2280 708 2346 huius
739 2280 911 2347 omni
928 2281 1118 2347 modo
1153 2304 1553 2369 permovere3
1590 2281 1749 2347 haec
1776 2281 1967 2348 modo
1996 2282 2348 2370 perfringit,
2381 2283 2579 2350 modo

517 2375 748 2462 inrepit
781 2377 848 2440 in
886 2400 1139 2455 sensus,
1182 2376 1405 2442 inserit
1437 2400 1636 2443 novas
1674 2376 2030 2462 opiniones,
2085 2378 2300 2443 evellit
2330 2377 2577 2443 insitas.

423 2486 476 2525 98
521 2470 637 2534 sed
664 2470 933 2535 multum
971 2470 1234 2536 interest
1258 2472 1421 2537 inter
1458 2470 1581 2536 hoc
1608 2471 1858 2535 dicendi
1891 2493 2095 2557 genus
2130 2481 2196 2536 et
2223 2470 2578 2559 superiora:

518 2564 628 2648 qui
659 2563 727 2629 in
769 2565 878 2629 illo
925 2564 1140 2630 subtili
1188 2576 1252 2629 et
1286 2576 1472 2630 acuto
1519 2564 1895 2641 elaboravit,
1948 2575 2021 2628 ut
2055 2564 2281 2629 callide
2325 2574 2583 2651 argute-

415 1621 486 1734 a&

519 2680 643 2742 que
679 2659 916 2723 diceret
949 2680 1068 2724 nec
1120 2659 1457 2743 quicquam
1494 2658 1681 2723 altius
1718 2658 2053 2745 cogitaret,
2106 2658 2230 2724 hoc
2272 2681 2406 2724 uno
2433 2680 2582 2745 per-

517 2753 687 2817 fecto
721 2776 993 2838 magnus
1039 2763 1249 2818 orator
1293 2763 1420 2829 est,
1467 2752 1587 2817 etsi
1629 2775 1759 2817 non
1803 2752 2147 2829 maximus3
2192 2751 2581 2835 minimeque

515 2846 585 2910 in
627 2846 869 2911 lubrico
914 2847 1268 2912 versabitur
1311 2856 1401 2923 et,
1458 2846 1515 2911 si
1558 2846 1757 2911 semel
1800 2845 2185 2924 constiterit„
2230 2868 2582 2929 numquam

520 2939 724 3004 cadet.
809 2941 1056 3005 medius
1108 2940 1216 3005 ille
1261 2950 1500 3018 autem,
1555 2961 1745 3023 quem
1791 2941 2116 3006 'modicum
2156 2952 2223 3007 et
2264 2953 2582 3028 tempera-

518 3042 654 3098 tum
704 3054 894 3111 voco,
945 3034 1003 3099 is
1048 3034 1238 3099 modo
1292 3056 1479 3100 suum
1526 3034 1686 3099 illud
1724 3057 1926 3121 penus
1980 3035 2134 3100 satis
2186 3036 2580 3113 instruxerit,

517 3147 648 3191 non
684 3126 1053 3192 extimescet
1086 3126 1392 3213 ancipites
1422 3126 1673 3193 dicendi
1697 3127 2099 3211 incertosque
2128 3150 2346 3207 casus3
2385 3128 2582 3194 etiam

520 3218 576 3283 si
610 3220 862 3302 quando
896 3221 1106 3286 minus
1144 3222 1469 3299 succedet,
1523 3232 1594 3285 ut
1638 3243 1828 3307 saepe
1870 3222 1971 3300 fit,
2014 3245 2317 3309 magnum
2361 3233 2580 3287 tamen

422 3338 474 3379 99
518 3313 868 3400 periculum
916 3337 1047 3379 non
1089 3314 1316 3396 adibit3
1371 3316 1496 3381 alte
1542 3315 1712 3380 enim
1763 3315 1989 3381 cadere
2034 3340 2163 3383 non
2214 3327 2454 3403 potest:
2509 3328 2581 3380 at

518 3416 669 3475 vero
705 3409 809 3473 hic
841 3419 1084 3485 noster,
1131 3430 1322 3493 quem
1362 3409 1711 3496 principem
1745 3410 2038 3495 ponimus
2052 3460 2070 3488 ,
2117 3411 2359 3498 gravis,
2406 3413 2601 3488 acer(

523 3502 778 3580 ardenS,
833 3503 891 3568 si
932 3501 1015 3568 ad
1065 3502 1190 3569 hoc
1239 3526 1438 3568 unum
1489 3516 1589 3570 est
1637 3516 1825 3571 natus
1878 3516 1987 3569 aut
2028 3505 2097 3569 in
2148 3505 2273 3570 hoc
2324 3504 2460 3570 solo
2503 3526 2582 3569 se

523 3595 802 3663 exercuit
851 3607 960 3661 aut
1010 3596 1160 3661 huic
1209 3597 1431 3684 generi
1493 3597 1705 3663 studet
1754 3598 1869 3663 uni
1919 3620 2039 3665 nec
2092 3620 2275 3663 suam
2325 3597 2582 3683 copiam

523 3712 665 3754 eum
696 3690 822 3756 illis
858 3691 1106 3758 duobus
1142 3691 1482 3777 generibus
1527 3692 1929 3778 temperavit,
1974 3693 2252 3758 maxime
2290 3702 2388 3759 est
2422 3713 2581 3756 con-

519 3784 924 3850 temnendus:
976 3785 1083 3851 ille
1119 3786 1286 3851 enim
1323 3785 1726 3863 summissus,
1781 3787 1952 3871 quod
2002 3797 2185 3853 acute
2229 3797 2295 3852 et
2327 3795 2584 3851 vetera-

523 3877 676 3944 turis
712 3877 889 3956 dicit,
927 3879 1180 3967 sapiens
1214 3878 1371 3955 iam,
1408 3878 1653 3944 medius
1691 3879 1934 3958 suavis,
1970 3878 2076 3945 hic
2108 3890 2326 3945 autem
2358 3878 2581 3964 copio-

523 3970 840 4048 sissimus,
895 3971 952 4035 si
983 3972 1141 4037 nihil
1176 3982 1275 4037 est
1308 3971 1508 4049 aliud,
1563 3972 1674 4038 vix
1709 3972 1863 4038 satis
1903 3996 2098 4038 sanus
2140 3972 2343 4038 videri
2379 3972 2581 4049 solet-3

523 4060 628 4141 qui
662 4062 830 4125 enim
863 4062 1018 4127 nihil
1051 4073 1264 4148 potest
1298 4064 1661 4148 tranquille,
1705 4065 1863 4130 nihil
1897 4065 2148 4144 leniter,
2194 4066 2352 4132 nihil
2395 4062 2581 4151 [parf
