2784 4575
633 377 640 382 .
731 300 838 356 AD
877 301 940 357 0.
979 290 1445 360 HERENNIUM
1479 304 1617 360 1111.
1652 306 1895 364 εῖτ-69.
2216 297 2341 363 101

277 437 378 494 est
421 427 660 502 dictus,
713 435 862 512 post
902 425 1245 512 imperator
1289 436 1356 491 et
1402 427 1624 514 populi
1664 429 1940 496 Romani
1992 431 2199 500 factus
2244 445 2345 500 est

280 522 522 588 consul.
631 521 826 586 habet
874 520 1095 606 paucis
1157 503 1616 608 comprehensa
1672 523 1951 592 brevitas
2002 527 2343 594 multarum

278 639 490 682 rerum
542 613 1038 705 expeditionem3
1095 637 1222 700 qua
1251 637 1323 680 re
1377 617 1738 684 adhibenda
1789 643 1981 708 saepe
2016 632 2143 700 est,
2196 643 2344 687 cum

279 706 394 776 3111
423 732 528 775 res
565 732 698 775 non
733 719 928 795 egent
958 708 1189 796 longae
1227 709 1560 790 orationis,
1598 723 1710 780 aut
1742 723 1993 800 tempus
2026 737 2159 782 11011
2194 716 2343 782 sinit

278 803 675 875 commorari.

398 897 879 964 Demonstratio
916 906 1044 976 est,
1101 917 1248 963 cum
1289 898 1382 963 ita
1423 898 1637 965 verbis
1670 923 1776 966 res
1822 902 2219 988 exprimitur,
2272 915 2345 970 ut
2376 917 2446 978 55

274 993 418 1080 geri
450 992 778 1080 negotium
812 1002 878 1057 et
908 1013 1012 1056 res
1067 1001 1214 1057 ante
1255 993 1477 1059 oculos
1523 1017 1667 1060 esse
1712 995 2019 1063 videatur.
2106 997 2176 1062 id
2207 997 2346 1062 fleri

279 1087 542 1174 poterit,
598 1087 652 1150 si
695 1107 856 1170 quae
911 1097 1059 1151 ante
1103 1097 1170 1151 et
1216 1097 1368 1174 post
1402 1098 1469 1153 et
1508 1088 1577 1153 in
1627 1089 1771 1175 ipsa
1803 1113 1873 1156 re
1918 1091 2089 1156 sacta
2139 1103 2343 1170 erunt,

280 1179 919 1265 comprehendemus,
975 1188 1085 1244 aut
1141 1203 1180 1244 a
1225 1182 1421 1247 rebus
1475 1185 2009 1268 consequentibus
2064 1195 2174 1250 aut
2224 1185 2345 1250 cir-

277 1273 741 1339 cumstantibus
775 1296 908 1339 non
940 1274 1332 1354 recedemus,
1369 1275 1495 1340 hoc
1526 1277 1748 1343 modo:
1787 1279 1989 1362 ‘quod
2024 1278 2213 1344 simul
2248 1289 2345 1344 at-

279 1390 403 1453 que
451 1366 780 1433 Gracchus
827 1367 1102 1455 aspexit,
1155 1369 1465 1434 fluctuare
1506 1372 1814 1480 populum
1857 1384 2209 1452 verentem,
2263 1397 2345 1440 ne

279 1462 418 1548 ipse
455 1463 825 1529 auctoritate
861 1472 1218 1529 commotus
1265 1465 1581 1530 sententia
1616 1465 1978 1546 desisteret,
2023 1467 2201 1532 iubet
2234 1469 2346 1532 ad-

281 1557 495 1623 vocari
545 1557 933 1623 contionem:
993 1557 1117 1623 iste
1167 1558 1413 1625 interea
1465 1561 1701 1626 scelere
1755 1573 1821 1628 et
1870 1562 2053 1627 malis
2108 1563 2347 1651 cogita-

281 1651 556 1718 tionibus
608 1650 974 1717 redundans
1029 1652 1242 1719 evolat
1275 1677 1312 1720 e
1348 1655 1585 1741 templo
1620 1656 1797 1722 Iovis
1843 1663 1877 1740 †
1915 1668 2090 1723 stans
2145 1658 2343 1724 oculis

277 1745 675 1823 ardentibus,
732 1756 942 1812 erecto
995 1747 1254 1834 capill0‚
1319 1759 1609 1816 contorta
1659 1761 1811 1837 toga
1862 1772 2005 1815 cum
2056 1751 2343 1837 pluribus

277 1838 476 1905 aliis
455 1863 548 1904 110
585 1794 852 1905 celerius
891 1841 1116 1927 coepit.
1205 1841 1298 1906 1111
1330 1865 1565 1928 praeco
1610 1844 1887 1910 faciebat
1930 1844 2342 1922 audientiam

277 1934 382 1999 hic
435 1934 807 1999 subsellium
861 1935 1181 2019 quoddam
1233 1959 1459 2003 excors
1512 1937 1685 2004 calce
1734 1961 2032 2025 premens
2086 1939 2347 2030 dextera

277 2030 510 2116 pedem
565 2029 868 2117 defringit
920 2040 984 2096 et
1035 2030 1158 2098 1100
1211 2032 1368 2098 alios
1423 2033 1603 2100 iubet
1650 2033 1823 2099 idem
1873 2033 2103 2100 facere.
2200 2025 2347 2099 cum

281 2123 613 2190 Gracchus
652 2123 806 2189 deos
843 2123 1154 2211 inciperet
1183 2125 1460 2212 precari,
1498 2127 1734 2193 cursim
1765 2127 1874 2193 isti
1907 2127 2215 2214 impetum
2249 2129 2345 2193 fa-

279 2218 458 2282 ciunt
499 2228 565 2283 et
605 2241 688 2284 ex
732 2217 872 2284 aliis
921 2218 1028 2283 alii
1067 2220 1356 2306 partibus
1402 2230 1761 2286 commeant
1804 2231 1992 2306 atque
2029 2243 2065 2286 e
2107 2222 2344 2309 populo

280 2334 448 2379 unus
486 2313 644 2377 ‘fusi
679 2312 928 2378 sumus’
964 2313 1171 2399 inquit
1208 2314 1485 2393 ‘Tiberi,
1531 2338 1663 2381 non
1697 2314 1917 2381 vides?
1967 2316 2215 2403 respice
2249 2316 2346 2380 in-

283 2428 494 2490 quam.
498 2404 515 2435 ’
605 2406 831 2473 deinde
876 2430 1045 2495 vaga
1085 2407 1425 2474 multitudo
1478 2409 1688 2475 subito
1740 2408 1964 2474 timore
2014 2409 2347 2495 perterrita

279 2502 505 2588 fugere
549 2501 789 2588 coepit,
841 2512 907 2567 at
946 2502 1069 2567 iste
1114 2524 1419 2589 spumans
1465 2526 1549 2568 ex
1590 2526 1700 2569 ore
1746 2503 1984 2581 scelus,
2039 2502 2343 2567 anhelans

281 2618 363 2661 ex
404 2594 623 2661 infimo
666 2605 924 2682 pectore
969 2596 1435 2675 crudelitatem,
1491 2606 1865 2682 contorquet
1914 2594 2247 2661 brachium
2282 2606 2347 2659 et

281 2688 599 2753 dubitanti
644 2688 968 2768 Graccho,
1024 2690 1178 2775 quid
1222 2700 1425 2769 esset,
1478 2712 1685 2773 neque
1730 2700 1945 2754 tamen
1986 2687 2226 2765 locum,
2279 2687 2348 2752 in

281 2802 410 2865 quo
456 2782 848 2861 constiterat,
901 2784 1308 2868 relinquenti,
1359 2783 1634 2870 percutit
1686 2794 1968 2868 tempus:
2020 2780 2128 2846 ille
2172 2780 2349 2845 nulla

281 2897 442 2941 voce
477 2876 762 2941 delibans
806 2877 1063 2942 insitam
1105 2878 1404 2944 virtutem
1440 2877 1715 2943 concidit
1757 2876 1985 2942 tacitus
1997 2902 2017 2956 3
2070 2876 2193 2941 iste
2227 2876 2347 2941 viri

281 2972 612 3038 fortissimi
671 2973 1032 3039 miserando
1095 2975 1407 3062 sanguine
1470 2997 1799 3061 aspersus,
1863 2974 2047 3058 quasi
2097 2973 2344 3039 facinus

276 3066 860 3153 praeclarissimum
893 3067 1182 3148 fecisset,
1227 3069 1765 3155 circumspectans
1803 3079 1870 3134 et
1902 3068 2102 3135 hilare
2148 3068 2347 3135 scele-

159 3198 164 3203 ·
276 3170 484 3227 ratam
527 3162 994 3248 gratulantibus
1037 3186 1298 3228 manum
1341 3164 1675 3250 porrigens
1719 3164 1788 3228 in
1830 3163 2138 3251 templum
2169 3164 2345 3230 Iovis

277 3254 548 3319 contulit
584 3266 769 3321 sese.’
835 3255 996 3321 haec
1040 3257 1367 3324 exornatio
1412 3257 1756 3345 plurimum
1807 3258 2069 3343 prodest
2109 3258 2178 3322 in
2214 3280 2345 3323 am-

279 3348 621 3435 plificanda
655 3360 722 3415 et
753 3350 1259 3417 commiseranda
1289 3374 1360 3417 re
1397 3351 1587 3416 huius
1622 3352 1797 3418 modi
1823 3351 2342 3429 enarrationibus3

281 3442 504 3507 statuit
539 3443 712 3508 enim
742 3466 881 3510 rem
915 3454 1114 3511 totam
1150 3456 1215 3510 et
1246 3444 1547 3532 proponit
1582 3455 1728 3511 ante
1764 3448 2003 3512 oculos.

199 3614 204 3617 ,
405 3535 640 3603 Omnis
675 3538 954 3605 rationes
991 3539 1427 3606 honestandae
1466 3540 1748 3606 studiose
1785 3539 2176 3626 conlegimus
2214 3537 2345 3602 elo-

277 3631 548 3698 cutionis
561 3679 580 3710 ,
616 3631 684 3695 in
720 3632 980 3717 quibus,
1017 3633 1334 3712 Herenni,
1375 3633 1433 3697 si
1465 3643 1529 3699 te
1566 3633 1929 3721 diligentius
1967 3630 2343 3708 exercueris,

279 3734 344 3789 et
377 3726 762 3813 gravitatem
796 3736 862 3792 et
907 3727 1283 3814 dignitatem
1327 3736 1392 3792 et
1438 3726 1819 3793 suavitatem
1869 3725 2106 3791 habere
2147 3724 2215 3787 in
2252 3723 2347 3787 di-

279 3820 482 3885 cendo
516 3819 758 3907 poteris
771 3868 790 3899 ,
836 3832 911 3885 ut
943 3821 1214 3888 oratorie
1247 3821 1440 3908 plane
1474 3820 1785 3904 loquaris,
1831 3842 1914 3885 ne
1948 3818 2121 3883 nuda
2157 3827 2344 3913 atque

279 3910 571 3979 inornata
611 3913 897 3980 inventio
932 3915 1178 4002 volgari
1223 3937 1515 3983 sermone
1562 3915 1879 3979 efferatur.
1964 3934 2134 3977 nunc
2167 3906 2346 3978 iden-

281 4002 479 4071 tidem
511 4020 766 4075 nosmet
799 4009 926 4095 ipsi
959 4010 1144 4076 nobis
1178 4010 1490 4076 instemus
1525 4044 1615 4057 ·——-
1646 4030 1751 4074 res
1788 4006 1957 4072 enim
1992 4007 2343 4073 communis

279 4098 492 4187 agitur
524 4139 639 4183 -—,
694 4114 768 4170 ut
819 4104 1184 4189 frequenter
1237 4120 1301 4171 et
1354 4101 1621 4169 adsidue
1675 4123 2139 4187 consequamur
2192 4101 2342 4167 artis
