2784 4575
463 186 549 254 64
955 195 1378 257 CORNIFIOII
1412 195 2031 256 RHETORICORUM

459 321 787 390 libidinem
851 322 1148 391 subiectis
1204 321 1356 388 urbs
1414 319 1823 386 acerbissimo
1886 319 2178 387 concidat
2228 320 2532 390 incendio

463 418 874 504 conflagrata3
932 414 1041 500 qui
1093 439 1164 482 se
1215 438 1345 481 non
1397 425 1624 501 putant
1670 413 1767 493 id,
1824 415 1993 499 quod
2044 415 2385 494 voluerint,
2442 419 2531 482 ad

461 511 700 578 exitum
734 511 1142 598 perduxisse,
1177 509 1306 575 nisi
1326 504 1780 575 'sanctissimae
1814 508 2057 594 patriae
2092 508 2531 576 miserandum

463 605 752 672 scelerati
785 605 1059 672 viderint
1095 605 1389 669 cinerem.
1471 623 1719 685 nequeo
1754 602 1966 667 verbis
2004 603 2326 688 consequi,
2361 603 2534 669 iudi-

463 720 569 765 ces
583 748 602 774 ,
638 698 1083 786 indignitatem
1114 697 1238 762 rei:
1285 696 1403 761 sed
1434 695 1876 782 neglegentius
1910 696 1981 760 id
2013 697 2179 776 fero,
2224 697 2373 782 quia
2404 720 2529 764 vos

461 792 586 858 mei
638 815 769 858 non
820 790 1054 878 egetis:
1110 800 1324 855 vester
1375 787 1547 852 enim
1588 810 1705 853 vos
1752 789 1999 856 animus
2053 790 2529 856 amantissimus

458 886 554 952 rei
587 885 880 973 publicae
925 883 1112 948 facile
1149 883 1361 959 docet,
1418 892 1491 946 ut
1523 904 1698 960 eum,
1754 882 1863 966 qui
1911 883 2198 950 fortunas
2244 884 2529 950 omnium

461 979 734 1048 voluerit
783 978 1082 1064 prodere,
1135 975 1546 1062 praecipitem
1588 977 1973 1062 proturbetis
2020 1001 2102 1042 ex
2137 1001 2215 1044 ea
2249 977 2527 1056 civitate,
2608 1045 2621 1056 ,

464 1096 655 1160 quam
687 1073 810 1136 iste
846 1071 1125 1136 hostium
1169 1069 1722 1156 spurcissimorum
1766 1071 2091 1138 dominatu
2133 1072 2378 1140 nefario
2414 1095 2531 1138 vo-

464 1166 584 1231 luit
618 1164 926 1231 obruere-⁹

387 1264 436 1374 9
582 1260 663 1326 Ιιι
697 1258 1000 1324 mediocri
1031 1259 1238 1346 figura
1279 1258 1633 1324 versabitur
1676 1259 1904 1337 oratio,
1953 1259 2008 1324 si
2042 1260 2228 1339 haec,
2274 1271 2347 1326 ut
2380 1270 2529 1326 ante

387 1335 624 1430 affixi,
681 1352 1070 1437 aliquantum
1104 1352 1543 1419 demiserimus
1554 1402 1572 1432 ,
1626 1375 1831 1437 neque
1876 1364 2089 1418 tamen
2126 1353 2208 1417 ad
2239 1353 2529 1420 infimum

466 1447 1009 1526 descenderimus,
1047 1447 1168 1512 sic.
1207 1439 1613 1532 ‘quibuscum
1646 1448 1885 1514 bellum
1918 1448 2227 1557 gerimus,
2262 1447 2527 1528 iudices,

463 1541 722 1607 videtis:
779 1563 924 1606 cum
969 1541 1186 1620 sociis,
1244 1541 1352 1626 qui
1385 1565 1503 1651 pro
1538 1541 1723 1607 nobis
1765 1563 2053 1628 pugnare
2088 1551 2157 1606 et
2192 1540 2529 1627 imperium

462 1646 751 1703 nostrum
795 1635 1130 1702 nobiscum
1175 1635 1364 1700 simul
1411 1636 1641 1702 virtute
1689 1646 1751 1701 et
1795 1635 2107 1701 industria
2150 1657 2531 1704 conservare

465 1730 632 1797 soliti
669 1740 844 1808 sunt3
883 1729 991 1814 qui
1027 1751 1171 1794 cum
1210 1752 1281 1794 se
1317 1739 1382 1794 et
1417 1752 1572 1815 opes
1604 1752 1753 1796 suas
1791 1741 1856 1796 et
1890 1729 2165 1839 copiam·
2163 1731 2529 1798 necessario

463 1835 719 1902 norant,
766 1835 902 1888 tum
936 1845 1088 1888 vero
1125 1821 1323 1887 nihilo
1359 1822 1569 1888 minus
1604 1834 1863 1910 propter
1894 1809 2427 1910 propinquitatem
2462 1836 2527 1890 et

466 1919 747 1984 omnium
779 1939 992 1983 rerum
1029 1917 1423 2025 societatem,
1480 1909 1634 2002 quid
1682 1919 1975 1984 omnibus
2009 1920 2199 1984 rebus
2252 1920 2526 2006 populus

467 2013 798 2078 Romanus
835 2022 1083 2097 posset,
1139 2011 1300 2076 scire
1336 2023 1401 2077 et
1437 2013 1799 2080 existimare
1840 2023 2152 2098 poterant.
2241 2013 2336 2092 hi,
2384 2036 2525 2080 cum

467 2105 926 2171 deliberassent
960 2105 1292 2170 nobiscum
1331 2108 1571 2171 bellum
1615 2128 1865 2194 gerere,
1910 2129 2177 2191 quaeso,
2224 2128 2387 2191 quae
2420 2131 2523 2174 res

466 2210 629 2277 erat,
685 2220 812 2283 qua
845 2198 990 2263 freti
1039 2199 1279 2265 bellum
1322 2201 1645 2286 suscipere
1692 2211 2094 2278 conarentur,
2149 2222 2295 2266 cum
2326 2201 2525 2268 multo

465 2294 810 2359 maximam
849 2304 1096 2381 partem
1149 2293 1465 2361 sociorum
1515 2295 1583 2359 in
1635 2294 1847 2360 officio
1890 2318 2147 2361 manere
2197 2294 2526 2382 intellege-

464 2382 642 2453 rent?
693 2408 838 2453 cum
881 2388 1004 2453 sibi
1048 2410 1178 2454 non
1220 2388 1689 2455 multitudinem
1736 2388 2034 2468 militum,
2087 2412 2220 2456 non
2260 2389 2525 2456 idoneos

464 2481 904 2567 imperatores,
957 2504 1088 2547 non
1122 2482 1457 2567 pecuniam
1500 2482 1820 2569 publicam
1862 2494 2117 2569 praesto
2163 2505 2305 2549 esse
2348 2481 2525 2547 vide-

464 2577 642 2641 rent?
708 2598 840 2641 non
891 2575 1164 2658 denique
1223 2576 1419 2642 ullam
1470 2598 1634 2655 rem,
1700 2597 1862 2659 quae
1914 2597 2017 2641 res
2081 2576 2393 2663 pertineat
2442 2576 2525 2640 ad

463 2670 700 2735 bellum
745 2668 1347 2735 administrandum?
1393 2670 1449 2735 si
1494 2692 1640 2735 cum
1672 2669 1954 2735 finitimis
1985 2669 2081 2735 'de
2122 2670 2355 2735 finibus
2390 2669 2525 2734 bel-

463 2763 597 2828 lum
631 2772 950 2849 gererent,
998 2761 1052 2827 si
1089 2772 1290 2828 totum
1334 2773 1655 2828 certamen
1698 2763 1767 2827 in
1810 2786 1938 2829 uno
1973 2763 2213 2849 proelio
2246 2763 2524 2849 positum

463 2866 788 2943 putarent,
843 2866 1056 2921 tamen
1089 2857 1382 2922 omnibus
1434 2860 1627 2924 rebus
1670 2858 2106 2923 instructiores
2150 2868 2215 2923 et
2258 2880 2525 2945 appara-

465 2950 658 3015 tiores
712 2948 1026 3028 venirent;
1079 2952 1315 3016 nedum
1366 2950 1476 3016 isti
1524 2950 1860 3037 imperium
1910 2951 2083 3017 orbis
2139 2961 2369 3030 terrae,
2424 2949 2526 3016 cui

464 3042 730 3129 imperio
767 3065 986 3109 omnes
1023 3055 1277 3131 gentse,
1313 3068 1531 3132 reges,
1566 3045 1857 3111 nationes
1891 3044 2122 3131 partim
2157 3044 2249 3123 vi,
2292 3046 2523 3131 partim

464 3138 788 3203 voluntate
833 3148 1308 3215 concesserunt,
1368 3160 1515 3203 cum
1551 3149 1661 3203 aut
1695 3138 1887 3203 armis
1932 3149 2043 3203 aut
2074 3137 2448 3205 liberalitate
2484 3160 2523 3203 a

463 3231 699 3319 populo
733 3231 1026 3297 Romano
1065 3232 1343 3319 superati
1379 3244 1622 3311 essent,
1661 3233 1743 3299 ad
1780 3254 1848 3299 se
1886 3234 2229 3299 transferre
2264 3232 2521 3298 tantulis

464 3326 704 3394 viribus
758 3338 1152 3394 conarentur.
1262 3338 1524 3411 quaeret
1574 3326 1832 3411 aliquis:
1888 3327 2077 3411 quid?
2158 3326 2523 3415 Fregellani

463 3442 594 3486 non
630 3444 746 3486 sua
783 3432 1008 3507 sponte
1057 3420 1267 3487 conati
1303 3422 1489 3485 sunt?
1544 3444 1619 3487 eo
1658 3420 1913 3506 quidem
1951 3420 2059 3486 isti
2092 3420 2301 3487 minus
2337 3419 2522 3487 facile

465 3526 868 3592 conarentur,
933 3514 1130 3598 quod,
1193 3513 1286 3579 illi
1347 3536 1539 3598 quem
1592 3516 1675 3581 ad
1735 3516 1993 3581 modum
2058 3514 2518 3589 discessissent,

463 3608 792 3675 videbant:
839 3630 989 3673 nam
1023 3630 1235 3673 rerum
1265 3607 1573 3693 imperiti,
1610 3608 1721 3693 qui
1753 3608 1940 3675 unius
1978 3608 2278 3691 cuiusque
2312 3605 2407 3671 rei
2441 3605 2518 3669 de

462 3705 652 3769 rebus
707 3713 854 3769 ante
905 3701 1104 3789 gestis
1161 3703 1453 3787 exempla
1502 3713 1719 3790 petere
1772 3726 1903 3770 non
1944 3710 2238 3789 possunt,
2293 3698 2354 3764 ei
2406 3721 2521 3784 per

463 3795 952 3883 imprudentiam
1009 3796 1310 3861 facillime
1368 3796 1765 3864 deducuntur
1816 3799 1884 3863 in
1944 3794 2260 3871 fraudem,
2324 3803 2391 3858 at
2440 3792 2519 3872 ei,

468 3890 577 3975 qui
613 3892 848 3968 sciunt,
896 3890 1048 3974 quid
1083 3888 1221 3955 aliis
1259 3886 1583 3970 acciderit,
1629 3892 1816 3958 facile
1852 3914 1933 3956 ex
1968 3888 2233 3954 aliorum
2276 3886 2517 3953 eventis

469 3985 601 4051 suis
637 3984 984 4051 rationibus
1010 3994 1280 4072 possunt
1311 3984 1665 4071 providere.
1736 3984 1911 4051 nulla
1932 3980 2123 4071 igitur
2155 4004 2226 4049 re
2260 3980 2518 4062 inducti,
