2784 4575
771 279 878 336 AD
919 280 978 336 G.
1014 281 1483 339 HERENNIUM
1517 280 1652 336 1111.
1688 281 1929 337 42-44,
2291 271 2379 338 83

309 428 436 473 suo
473 404 785 470 vocabulo
822 402 907 468 sit
938 403 1282 490 appellata,
1335 414 1412 469 ut
1444 403 1502 468 si
1544 403 1683 486 quis
1722 404 2067 490 Tarpeium
2109 406 2376 490 loquens

307 502 398 566 de
461 497 826 585 Capitolino
891 498 1192 563 nominet.
1322 498 1413 562 ita
1473 508 1584 562 aut
1649 498 1978 564 inventore
2047 501 2379 566 inventum

315 593 740 680 significatur,
793 601 866 655 ut
900 591 956 656 si
1000 592 1138 675 quis
1183 592 1494 656 Liberum
1527 615 1643 678 pro
1687 591 1862 670 vino,
1918 591 2220 658 Cererem
2260 617 2376 680 pro

315 688 504 774 fruge
542 686 846 772 appellet,
894 695 1005 750 aut
1035 686 1455 752 instrumento
1491 685 1781 751 dominus
1794 735 1813 764 ,
1859 697 1932 750 ut
1966 686 2021 752 si
2054 687 2195 771 quis
2230 686 2379 754 Ma·-

311 782 594 846 cedones
660 778 991 865 appellarit
1054 779 1176 844 hoc
1235 780 1456 845 modo:
1521 785 1677 844 ‘non
1736 789 1867 845 tam
1918 781 2041 846 cito
2106 781 2377 846 sarissae

318 873 634 941 Graeciae
667 872 906 958 potitae
949 873 1124 938 sunt'
1181 884 1290 938 aut
1331 872 1503 938 idem
1542 872 1763 938 Gallos
1810 874 2172 960 significans
2212 874 2380 939 dicat

314 973 340 1003 >‘
351 986 474 1033 nec
509 978 725 1031 tamen
767 965 954 1030 facile
999 987 1080 1030 ex
1112 965 1301 1030 Italia
1351 967 1609 1032 materis
1646 966 2070 1054 Transalpina
2113 968 2378 1054 depulsa

317 1060 472 1138 est’3
509 1070 618 1124 aut
632 1059 718 1136 id,
757 1059 927 1143 quod
946 1060 1036 1137 fit,
1075 1082 1170 1138 eo,
1208 1059 1381 1143 quod
1415 1060 1585 1137 facit,
1622 1071 1695 1124 ut
1738 1061 1793 1126 si
1830 1062 1991 1144 quis,
2028 1083 2174 1128 cum
2209 1061 2376 1127 bello
2434 1129 2439 1134 ,

321 1153 481 1219 velit
521 1151 854 1219 ostendere
899 1152 1137 1238 aliquid
1191 1155 1553 1240 quempiam
1603 1153 1860 1232 fecisse,
1917 1155 2110 1220 dicat:
2166 1156 2375 1220 ‘Mars

315 1249 493 1313 istud
526 1259 588 1314 te
624 1249 836 1313 facere
869 1248 1229 1314 necessario
1266 1247 1533 1334 coegit3'
1580 1259 1691 1312 aut
1725 1250 1808 1327 si,
1854 1250 2028 1332 quod
2059 1250 2237 1327 facit,
2278 1271 2373 1326 ee,

309 1343 490 1426 quod
521 1343 623 1420 fit,
666 1352 766 1420 ut,
813 1363 958 1406 eum
993 1341 1384 1408 desidiosum
1416 1343 1697 1408 Martem
1734 1342 2029 1421 dicimus,
2085 1343 2234 1427 quia
2269 1343 2378 1410 de-

315 1436 590 1501 sidioso-s
627 1435 809 1513 facit,
865 1446 930 1500 et
963 1435 1166 1521 frigus
1209 1435 1492 1522 pigrum,
1548 1436 1697 1517 quia
1735 1437 1953 1522 pigros
1992 1437 2187 1500 efficit
2194 1462 2213 1514 ;
2270 1447 2379 1501 aut

310 1552 424 1608 eo,
470 1530 645 1614 quod
687 1529 993 1607 continet,
1038 1530 1132 1608 id,
1178 1530 1351 1614 quod
1393 1528 1774 1607 continetur,
1826 1529 1949 1594 hoc
1990 1531 2180 1596 modo
2238 1527 2377 1616 [de-

313 1621 806 1710 nominabitur]:
863 1622 1081 1688 ‘armis
1115 1623 1306 1688 Italia
1338 1644 1470 1687 non
1503 1633 1716 1707 potest
1749 1623 1918 1686 vinci
1950 1643 2069 1686 nec
2107 1621 2379 1688 Graecia

311 1717 698 1804 disciplinis’
733 1753 824 1764 —-
855 1740 1004 1782 nam
1047 1717 1150 1782 hic
1191 1740 1308 1805 pro
1347 1715 1613 1782 Graecis
1659 1727 1724 1782 et
1757 1716 1965 1793 Italis,
2023 1738 2183 1799 quae
2228 1736 2379 1780 con-

313 1813 544 1890 tinent,
599 1811 924 1876 nominata
959 1821 1107 1876 sunt
1138 1847 1228 1859 —-
1234 1836 1253 1890 3
1311 1820 1422 1876 aut
1471 1833 1575 1890 eo,
1632 1811 1803 1894 quod
1854 1810 2233 1887 continetur,
2289 1809 2374 1888 id,

311 1906 490 1992 quod
526 1905 834 1983 continet,
885 1915 984 1984 ut,
1041 1906 1096 1970 si
1131 1905 1272 1989 quis
1319 1927 1543 1970 annun
1588 1917 1651 1970 et
1696 1915 2027 1992 argentum
2069 1914 2179 1968 aut
2221 1904 2377 1968 ebur

313 2001 618 2079 nominet,
657 2021 804 2064 cum
839 1999 1088 2064 divitias
1126 1999 1281 2064 velit
1311 1999 1659 2066 nominare.
1740 2000 1967 2065 harum
1998 2021 2211 2064 rerum
2243 2021 2378 2062 ma·-

321 2094 422 2182 gis
467 2093 536 2158 in
577 2093 1024 2180 praecipiendo
1072 2093 1298 2160 divisio
1343 2115 1536 2178 quam
1576 2095 1644 2158 in
1687 2094 2047 2178 quaerendo
2102 2092 2376 2156 difficilis

315 2187 598 2252 inventio
635 2197 765 2265 est,
818 2187 963 2252 ideo
998 2187 1170 2271 quod
1212 2188 1405 2274 plena
1449 2188 1838 2254 consuetudo
1882 2197 1982 2253 est
2024 2210 2154 2253 non
2186 2185 2378 2250 modo

321 2292 650 2367 poetarum
673 2292 738 2347 et
763 2292 1102 2360 oratorum,
1143 2282 1260 2348 sed
1286 2282 1479 2349 etiam
1500 2282 1805 2348 cotidiani
1841 2281 2149 2347 sermonis
2188 2279 2375 2345 huius

321 2374 497 2439 modi
533 2375 1127 2444 denominationum.

443 2466 744 2535 Circuitio
781 2480 882 2535 est
915 2470 1117 2535 oratio
1161 2493 1298 2535 rem
1343 2470 1697 2556 simplicem
1740 2469 2078 2553 adsumpta
2113 2467 2379 2530 circum-

319 2564 600 2628 scribens
665 2564 1017 2630 elocutione
1030 2613 1048 2642 ,
1111 2564 1234 2629 hoc
1293 2575 1512 2650 pacto:
1575 2571 1592 2599 ‘
1606 2562 1923 2649 Scipionis
1983 2559 2381 2645 providentia

319 2656 738 2742 Karthaginis
793 2679 948 2743 opes
1004 2657 1237 2744 fregit.'
1333 2680 1485 2721 nam
1537 2656 1669 2734 hic,
1724 2656 1848 2719 nisi
1901 2651 2167 2720 ornandi
2216 2650 2377 2715 ratio

311 2750 630 2832 quaedam
665 2760 839 2815 esset
871 2750 1116 2828 habita,
1165 2747 1382 2836 Scipio
1417 2748 1624 2835 potuit
1657 2759 1721 2812 et
1752 2746 2091 2831 Karthago
2139 2742 2379 2829 simpli-

312 2844 470 2908 citer
506 2842 833 2930 appellari.

435 2938 894 3024 Transgressio
947 2947 1074 3016 est,
1131 2958 1293 3021 quae
1339 2938 1679 3002 verborum
1727 2934 2056 3021 perturbat
2090 2932 2377 2997 ordinem
2419 2950 2474 2991 44

315 3031 724 3117 perversione
761 3042 873 3095 aut
917 3031 1382 3097 transiectione.
1471 3029 1877 3117 perversione
1915 3027 2034 3091 sic:
2082 3026 2232 3091 ‘hoc
2266 3048 2381 3093 vo-

316 3125 418 3190 bis
455 3126 611 3191 deos
647 3126 1020 3217 immortalis
1065 3125 1334 3191 arbitror
1386 3125 1641 3189 dedisse
1684 3123 1921 3209 pietate
1960 3142 2077 3208 pro
2122 3120 2376 3186 vestra?

321 3220 766 3284 transiectione
817 3218 940 3285 hoc
991 3220 1210 3285 modo:
1276 3217 1617 3285 ‘instabilis
1668 3216 1738 3281 in
1786 3216 1981 3281 istum
2038 3214 2382 3301 plurimum
2450 3213 2455 3219 ’

320 3314 579 3378 fortuna
613 3312 838 3377 valuit:
893 3312 1097 3378 omnis
1141 3312 1453 3378 invidiose
1508 3311 1736 3398 eripuit
1775 3310 1893 3390 isti.
1926 3310 2091 3374 bene
2125 3307 2381 3374 vivendi

319 3428 511 3470 casus
549 3406 926 3471 facultates?
1013 3406 1202 3471 huius
1237 3405 1413 3471 modi
1447 3404 1837 3481 transiectiO,
1886 3426 2049 3487 quae
2082 3425 2217 3467 rem
2251 3425 2382 3467 non

320 3500 533 3563 reddit
566 3501 931 3579 obscuram,
985 3499 1254 3564 multum
1286 3499 1571 3585 proderit
1604 3499 1687 3563 ad
1722 3497 2221 3563 continuationes
2235 3542 2254 3571 ,
2301 3494 2381 3557 de

315 3594 550 3677 quibus
591 3603 736 3657 ante
773 3593 1009 3657 dictum
1045 3604 1170 3671 est3
1205 3593 1274 3657 in
1309 3593 1539 3676 quibus
1566 3601 1815 3678 oportet
1849 3590 2045 3655 verba
2080 3585 2264 3650 sicuti
2300 3586 2382 3650 ad

317 3686 638 3773 poeticum
665 3686 980 3771 quendam
1006 3697 1330 3752 exstruere
1357 3708 1709 3763 numerum,
1746 3695 1817 3749 ut
1841 3682 2122 3769 perfecte
2148 3689 2214 3744 et
2237 3701 2381 3764 per-

317 3780 696 3865 politissime
729 3780 981 3866 possint
1015 3802 1158 3845 esse
1195 3780 1542 3846 absolutae.

445 3871 806 3959 Superlatio
844 3883 943 3937 est
977 3873 1175 3939 oratio
1213 3896 1519 3960 superans
1557 3870 1885 3936 veritatem
1914 3863 2236 3953 [alicuius]
2269 3889 2379 3930 au·
2412 3876 2483 3933 33

319 3966 516 4051 gendi
567 3966 973 4032 minuendive
1026 3989 1238 4032 causa.
1344 3967 1505 4031 haec
1558 3963 1823 4029 sumitur
1878 3959 2216 4047 separatim
2269 3971 2380 4024 aut

317 4080 470 4124 cum
505 4060 992 4146 comparatione.
1083 4060 1424 4147 separatim
1460 4059 1580 4125 sic:
1637 4063 1655 4093 ‘
1668 4056 1838 4141 quod
1880 4055 1936 4120 si
1979 4055 2381 4121 concordiam

1966 4162 1995 4210 6
2010 4158 2035 4186 2
