2784 4575
769 280 875 335 DE
914 275 1278 335 ORATORE
1315 276 1389 332 11.
1425 274 1736 331 233-240.
2157 260 2282 329 113

232 404 617 495 turpitudine
652 415 718 469 et
751 402 1151 469 deformitate
1186 401 1464 485 quadam
1498 398 1876 477 continetur,
1921 396 2080 465 haec
2116 397 2284 464 enim

227 502 514 577 ridentur
548 498 653 566 vel
696 497 833 564 sola
867 496 971 562 vel
1012 495 1317 573 maxime,
1372 515 1535 578 quae
1578 502 1802 558 notant
1851 501 1916 557 et
1950 491 2288 578 designant

233 587 687 680 turpitudinem
740 591 1019 675 aliquam·
1067 612 1198 655 non
1250 588 1534 675 turpiter.
1639 596 1740 653 est
1791 596 2030 663 autem,
2081 594 2156 651 ut
2205 587 2288 651 ad

232 688 392 753 illud
434 686 687 753 tertium
736 685 1016 763 veniam,
1070 694 1172 750 est
1206 682 1399 769 plane
1441 681 1708 747 oratoris
1761 702 2018 747 movere
2059 680 2257 745 risum
2269 705 2287 759 3

235 782 338 847 vel
390 780 561 865 quod
600 779 745 866 ipsa
794 778 1081 846 hilaritas
1130 776 1640 843 benevolentiam
1691 774 1984 841 conciliat
2035 774 2123 853 ei,
2175 798 2292 861 per

232 898 425 959 quem
468 874 743 941 excitata
786 884 885 939 est
892 898 911 951 3
965 872 1070 937 vel
1113 872 1284 955 quod
1328 869 1716 937 admirantur
1759 891 1980 935 omnes
2025 890 2294 935 acumen

236 991 363 1035 uno
400 990 595 1055 saepe
630 968 701 1033 in
743 968 939 1033 verbo
984 966 1265 1053 positum
1314 965 1591 1031 maxime
1640 962 2110 1049 respondentis,
2161 985 2294 1029 non

236 1084 583 1147 numquam
636 1062 828 1126 etiam
878 1060 1279 1139 lacessentis3
1334 1060 1439 1125 vel
1484 1059 1658 1143 quod
1706 1057 1946 1145 frangit
1995 1058 2295 1123 adversa-

236 1157 431 1233 rium,
484 1155 657 1239 quod
698 1154 990 1242 impedit,
1046 1154 1217 1238 quod
1261 1153 1495 1232 elevat,
1537 1152 1720 1238 quod
1771 1153 2069 1231 deterret,
2125 1151 2296 1236 quod

236 1250 469 1315 refutat
480 1275 499 1328 3
546 1250 649 1315 vel
686 1248 855 1333 quod
896 1248 1111 1334 ipsum
1142 1258 1460 1313 oratorem
1491 1247 1760 1333 politum
1794 1268 1937 1312 esse
1972 1245 2295 1313 hominem

240 1344 582 1430 significat,
630 1343 801 1428 quod
834 1342 1180 1421 eruditum,
1217 1342 1387 1425 quod
1419 1342 1760 1419 urbanum,
1813 1340 2088 1407 maxime
2123 1340 2294 1425 quod
2391 1398 2398 1403 .

190 1449 203 1453 ’
240 1436 559 1501 tristitiam
610 1458 687 1503 ac
738 1436 1143 1503 severitatem
1200 1436 1452 1521 mitigat
1503 1446 1570 1499 et
1618 1434 1862 1500 relaxat
1912 1435 2294 1519 odiosasque

238 1553 343 1595 res
398 1553 619 1615 saepe,
681 1552 841 1613 quas
896 1529 1286 1616 argumentis
1341 1529 1496 1593 dilui
1545 1551 1678 1594 non
1728 1528 1914 1595 facile
1966 1538 2092 1607 est,
2152 1528 2294 1593 ioco

238 1623 498 1708 risuque
533 1623 845 1701 dissolvit.
910 1634 1221 1707 quatenus
1260 1633 1474 1690 autem
1511 1622 1640 1687 sint
1669 1622 1936 1689 ridicula
1968 1624 2298 1689 tractanda

234 1718 500 1797 oratori,
551 1739 859 1805 perquam
902 1717 1237 1804 diligenter
1297 1717 1642 1783 videndum
1692 1727 1820 1795 est,
1881 1716 1950 1781 id
2009 1716 2180 1800 quod
2229 1716 2296 1780 in

237 1821 464 1896 quarto
516 1811 657 1877 loco
712 1812 1057 1895 quaerendi
1113 1832 1551 1899 posueramus.
1656 1834 1807 1875 nam
1857 1830 1978 1875 nec
2027 1810 2296 1895 insignis

236 1906 609 1993 improbitas
656 1914 721 1970 et
765 1906 1004 1971 scelere
1054 1905 1271 1971 iuncta
1301 1926 1424 1970 nec
1463 1926 1686 1971 rursus
1738 1904 1994 1969 miseria
2026 1903 2294 1989 insignis

2330 1646 2409 1689 237

233 2000 481 2085 agitata
512 2000 781 2065 ridetur·
834 2000 1229 2065 facinorosos
1250 1999 1522 2073 &maiore
1567 2000 1844 2083 quadam
1879 1998 1944 2063 vi
1988 2020 2182 2081 quam
2212 1997 2301 2061 ri-
2420 2039 2426 2045 ·
2475 1991 2478 1992 ⁷

240 2090 433 2159 diculi
486 2093 801 2159 volnerari
852 2094 1102 2173 volunt3
1163 2092 1431 2159 miseros
1484 2092 1686 2159 inludi
1737 2091 1987 2171 nolunt,
2049 2090 2174 2155 nisi
2227 2113 2298 2157 se

236 2186 403 2251 forte
435 2184 701 2266 iactant3
752 2188 1143 2274 parcendum
1188 2198 1402 2253 autem
1443 2186 1718 2253 maxime
1763 2198 1864 2253 est
1904 2186 2150 2252 caritati
2182 2185 2300 2251 ho·-

238 2278 511 2356 minum,
562 2303 645 2344 ne
698 2292 935 2348 temere
987 2282 1054 2347 in
1105 2305 1219 2349 eos
1272 2282 1478 2360 dicas,
1532 2282 1641 2366 qui
1685 2280 2050 2368 diliguntur.
2138 2280 2298 2346 haec

238 2373 433 2460 igitur
468 2374 829 2442 adhibenda
870 2388 969 2441 est
1010 2377 1285 2462 primum
1326 2377 1398 2442 in
1439 2376 1706 2442 iocando
1751 2375 2127 2453 moderatio,
2181 2375 2302 2439 ita·-

240 2489 366 2551 que
410 2489 489 2532 ea
529 2466 829 2533 facillime
876 2469 1207 2548 luduntur,
1262 2491 1426 2554 quae
1469 2491 1676 2554 neque
1719 2469 1866 2534 odio
1909 2490 2144 2554 magno
2185 2489 2300 2532 ne·-

237 2583 365 2669 (1116
400 2561 833 2628 misericordia
866 2562 1147 2628 maxima
1182 2563 1381 2649 digna
1417 2573 1592 2639 sunt3
1631 2583 1841 2669 ‘quam
1877 2560 1959 2627 ob
1990 2583 2130 2629 16111
2164 2583 2300 2624 ma·-

238 2654 429 2720 teries
491 2654 697 2720 omnis
746 2653 1159 2721 ridiculorum
1209 2665 1309 2720 est
1342 2655 1413 2718 in
1447 2654 1538 2720 eis
1585 2653 1787 2730 vitiis,
1843 2676 2006 2739 quae
2052 2664 2201 2718 sunt
2231 2654 2301 2718 in

238 2749 375 2814 vita
415 2747 743 2812 hominum
784 2769 992 2832 neque
1044 2768 1335 2813 carorum
1376 2769 1584 2832 neque
1637 2746 2146 2812 calamitosorum
2188 2770 2302 2812 ne·-

238 2865 365 2927 que
401 2865 641 2921 eorum,
678 2841 789 2926 qui
824 2843 907 2910 ob
942 2841 1191 2908 facinus
1227 2842 1311 2906 ad
1344 2841 1726 2928 supplicium
1759 2840 2048 2926 rapiendi
2081 2840 2302 2907 viden-

241 2949 343 3001 tur
350 2961 376 3016 3,
415 2958 619 3022 eaque
653 2936 821 3003 belle
856 2937 1097 3024 agitata
1128 2936 1433 3002 ridentur.
1521 2945 1622 3002 est
1657 2934 1849 3000 etiam
1883 2934 2298 3002 deformitatis

234 3043 309 3098 et
359 3031 641 3118 corporis
696 3029 995 3098 vitiorum
1047 3031 1203 3096 satis
1254 3030 1428 3096 bella
1475 3029 1770 3096 materies
1809 3028 1892 3094 ad
1933 3027 2300 3109 iocandum3

2332 2273 2400 2330 59

2332 2347 2412 2388 aas

2335 2958 2412 2999 289

234 3125 359 3192 sed
392 3125 751 3210 quaerimus
786 3126 976 3205 idem,
1016 3125 1187 3210 quod
1218 3125 1286 3191 in
1322 3123 1548 3191 ceteris
1581 3124 1774 3190 rebus
1801 3123 2074 3188 maxime
2110 3143 2303 3207 quae·-
2352 3161 2354 3164 >

236 3219 509 3284 rendum
566 3229 694 3298 est,
748 3225 1100 3304 'quatenus3
1170 3219 1240 3283 in
1300 3239 1427 3301 (1110
1486 3239 1618 3284 non
1685 3217 1845 3282 illud
1900 3215 2300 3303 praecipitur,

237 3334 325 3376 ne
378 3311 531 3393 quid
580 3312 853 3392 insulse,
924 3314 1039 3378 sed
1092 3313 1309 3392 etiam,
1374 3312 1435 3378 si
1481 3310 1856 3397 perridicule
1905 3310 2146 3396 possis,
2208 3311 2305 3377 vi·-

237 3403 509 3471 tandum
561 3414 661 3469 est
712 3406 947 3472 oratori
995 3417 1361 3491 utrumque,
1415 3429 1497 3471 ne
1534 3415 1644 3471 aut
1695 3404 1972 3470 scurrilis
2007 3403 2184 3468 iocus
2218 3403 2304 3468 sit

238 3505 357 3560 aut
388 3495 701 3562 mimicus.
790 3521 951 3581 quae
988 3500 1167 3566 cuius
1200 3500 1376 3566 modi
1419 3499 1550 3566 sint
1599 3498 1846 3566 facilius
1881 3499 2010 3564 iam
2059 3497 2305 3564 intelle-

237 3611 500 3678 gemus,
538 3611 683 3654 cum
718 3591 801 3656 ad
834 3592 979 3676 ipsa
1008 3592 1422 3658 ridiculorum
1453 3615 1690 3680 genera
1725 3592 2070 3659 veniemus.

364 3685 519 3750 Duo
566 3695 718 3750 sunt
769 3684 939 3750 enim
980 3709 1221 3772 genera
1270 3688 1671 3766 facetiarum,
1727 3709 1996 3772 quorum
2038 3686 2304 3753 alterum

238 3801 316 3844 re
353 3789 685 3858 tractatur,
721 3779 989 3846 alterum
1025 3780 1221 3847 dicto.
1208 3807 1222 3822 ·
1274 3804 1375 3860 re,
1415 3781 1470 3848 si
1504 3781 1757 3866 quando
1793 3781 1948 3890 quid
1981 3790 2304 3864 tamquam

240 3873 459 3956 aliqua
492 3874 729 3940 fabella
752 3885 1063 3954 narratur,
1096 3887 1169 3940 ut
1204 3877 1356 3942 olim
1388 3886 1480 3956 tu,
1519 3874 1830 3954 Crasse,
1810 3899 1878 3940 111
1901 3874 2302 3952 Memmium,

244 3965 601 4036 comedisse
638 3991 785 4034 eum
825 3969 1137 4036 lacertum
1168 3970 1400 4058 Largi,
1455 3993 1600 4035 cum
1643 3979 1816 4036 esset
1847 3991 1993 4035 cum
2028 3991 2104 4036 60
2141 3968 2307 4034 Tar-

242 4057 498 4130 macinae
554 4061 633 4126 de
684 4063 955 4130 amicula
1006 4065 1277 4130 rixatus.
1333 4064 1532 4143 salsa,
1589 4085 1664 4130 66
1716 4060 1928 4176 tamen
1972 4087 2012 4128 a.
2053 4075 2116 4129 te
2159 4063 2302 4158 ipso

354 4157 555 4205 011661·οη
558 4173 577 4204 s
597 4163 679 4206 tol.
704 4163 755 4210 11.
1923 4168 1954 4217 8

2336 3802 2416 3844 240
