2784 4575
693 312 802 367 DE
837 310 1326 371 INVENTIONE
1363 312 1439 367 11.
1477 312 1781 368 167-171.
2134 298 2263 366 205

64 436 67 507 ἱ
204 457 334 524 qua
365 458 436 503 re
477 435 764 502 utilitatis
817 436 978 502 duae
1032 445 1245 521 partes
1301 434 1595 501 videntur
1638 457 1809 514 esse,
1862 432 2262 502 incolumitas

207 552 272 606 et
321 538 633 625 potentia:
695 538 1094 605 incolumitas
1148 549 1249 604 est
1309 538 1531 603 salutis
1587 548 1725 603 tuta
1778 548 1967 621 atque
2017 538 2267 625 integra

207 642 632 720 conservati03
684 640 970 727 potentia
1003 650 1103 706 est
1137 640 1220 705 ad
1267 664 1386 707 sua
1438 640 1875 708 conservanda
1908 651 1975 707 et
2008 640 2265 705 alterius

80 753 90 762 '
205 743 595 829 adquirenda
616 743 985 810 idonearum
1009 764 1222 809 rerum
1247 743 1538 809 facultas.
1610 752 1799 827 atque
1832 742 1900 808 in
1935 743 2027 809 eis
2064 743 2267 809 omni-

202 847 346 925 bus,
386 868 548 931 quae
584 856 730 912 ante
767 846 936 911 dicta
969 856 1136 925 sunt,
1173 844 1327 930 quid
1360 846 1499 911 fieri
1534 855 1599 911 et
1635 845 1786 930 quid
1818 846 2006 912 facile
2038 846 2263 933 possit,

205 960 456 1037 oportet
490 948 912 1015 considerare.
1000 947 1188 1014 facile
1221 948 1290 1013 id
1325 948 1615 1028 dicimus,
1654 948 1825 1033 quod
1859 948 1997 1014 sine
2030 970 2265 1035 magno

204 1064 315 1119 aut
349 1052 486 1118 sine
519 1051 652 1117 ullo
685 1051 930 1128 labore,
985 1061 1272 1137 sumptu,
1316 1050 1611 1117 molestia
1656 1072 1847 1135 quam
1888 1050 2265 1119 brevissimo

204 1165 490 1241 tempore
535 1152 760 1220 confici
799 1162 1044 1239 potest3
1091 1176 1286 1239 posse
1341 1164 1553 1219 autem
1603 1154 1769 1231 fieri,
1824 1153 1997 1239 quod
2047 1174 2269 1237 quam-

205 1279 398 1342 quam
426 1255 698 1334 laboris,
735 1265 1053 1341 sumptus,
1108 1256 1465 1334 molestiae,
1512 1254 1989 1341 longinquitatis
2022 1254 2269 1342 indiget

205 1370 396 1441 atque
431 1368 543 1423 aut
577 1357 782 1424 omnis
819 1368 930 1425 aut
960 1357 1266 1444 plurimas
1313 1368 1425 1423 aut
1454 1358 1767 1424 maximas
1814 1379 2037 1425 causas
2073 1359 2269 1424 habet

206 1460 625 1536 difficultatis,
681 1472 921 1541 tamen,
958 1460 1058 1524 his
1096 1460 1409 1545 susceptis
1447 1460 1953 1541 difficultatibus,
2010 1460 2267 1527 confieri

206 1572 396 1647 atque
433 1560 517 1625 ad
550 1560 789 1625 exitum
822 1560 1088 1647 perduci
1119 1570 1352 1646 potest.

335 1662 660 1745 Quoniam
709 1684 865 1749 ergo
913 1663 994 1727 de
1047 1661 1380 1728 honestate
1426 1674 1491 1729 et
1526 1664 1605 1730 de
1648 1665 1917 1731 utilitate
1968 1665 2261 1743 diximus,
2292 1668 2395 1731 ιτα

203 1786 375 1832 nunc
425 1774 651 1842 restat,
704 1775 776 1829 ut
827 1765 908 1830 de
959 1764 1054 1829 eis
1106 1764 1328 1844 rebus,
1382 1786 1542 1849 quas
1594 1766 1695 1832 his
1749 1766 2079 1832 attributas
2123 1789 2267 1833 esse

206 1870 604 1945 dicebamus,
677 1866 1146 1933 necessitudine
1217 1877 1284 1933 et
1353 1868 1711 1935 adfectione
1776 1870 2265 1956 perscribamus.

201 1982 358 2059 puto
375 1969 586 2057 ‚igitur
621 1992 764 2037 esse
799 1970 966 2035 hanc
998 1968 1556 2049 necessitudinem,
1612 1970 1715 2036 cui
1748 1971 1923 2037 nulla
1955 1972 2022 2039 vi
2054 1970 2269 2039 resisti
2302 1982 2369 2038 5⁷

201 2084 444 2160 potest,
501 2094 626 2157 quo
671 2096 750 2141 ea
791 2072 988 2139 setius
1034 2072 1134 2151 id,
1190 2072 1363 2156 quod
1416 2073 1627 2141 facere
1669 2085 1909 2163 potest,
1962 2075 2266 2162 perficiat,

205 2198 370 2261 quae
405 2197 612 2260 neque
646 2176 878 2241 mutari
911 2197 1118 2260 neque
1151 2173 1336 2241 leniri
1357 2185 1571 2262 potest
1578 2202 1598 2256 3
1636 2187 1845 2263 atque,
1880 2188 1956 2243 ut
1988 2178 2267 2266 apertius

205 2284 330 2344 hoc
383 2278 492 2356 sit,
555 2277 847 2366 exemplo
907 2278 1056 2344 licet
1113 2276 1246 2344 vim
1295 2277 1417 2356 rei,
1482 2278 1686 2364 qualis
1740 2293 1806 2347 et
1866 2293 2103 2367 quanta
2164 2281 2265 2361 sit,

207 2401 698 2466 cognoscamus:
749 2381 851 2446 uri
899 2404 1094 2468 posse
1144 2381 1404 2446 flamma
1453 2380 1733 2468 ligneam
1784 2385 2111 2450 materiam
2155 2407 2268 2450 ne-

207 2503 390 2548 cesse
425 2492 524 2548 est
562 2479 820 2568 [corpus
845 2483 1112 2548 mortale
1148 2481 1357 2567 aliquo
1394 2493 1679 2570 tempore
1712 2484 1970 2552 interire
2002 2507 2267 2552 necesse

208 2583 368 2672 est];
422 2593 612 2668 atque
647 2584 739 2650 ita
767 2605 1065 2662 necesse,
1117 2593 1192 2647 ut
1233 2584 1330 2648 vis
1374 2585 1657 2670 postulat
1692 2609 1794 2665 ea,
1851 2608 2043 2670 quam
2062 2581 2267 2652 modo

64 2713 71 2758 r
208 2685 748 2762 describebamus,
775 2683 1282 2750 necessitudinis.
1353 2685 1541 2750 huius
1568 2687 1745 2751 modi*
1767 2687 2268 2754 necessitudines

209 2811 358 2856 cum
407 2788 476 2852 in
528 2785 781 2852 dicendi
832 2786 1110 2853 rationes
1163 2786 1472 2866 incident,
1533 2799 1706 2856 recte
1766 2789 2268 2856 necessitudines

207 2890 696 2978 appellabuntur
703 2913 723 2968 ;
780 2888 880 2954 sin
932 2888 1181 2974 aliquae
1214 2911 1320 2956 res
1355 2889 1647 2956 accident
1688 2891 2007 2970 difficiles,
2060 2891 2129 2958 in
2162 2892 2272 2958 illa

209 2992 566 3080 superiore,
601 2991 888 3078 possitne
922 2991 1090 3072 fieri,
1127 2989 1499 3077 quaestione
1536 2993 2095 3062 considerabimus.
2176 3005 2270 3062 at-
2296 3016 2373 3058 ιη

208 3117 333 3182 que
386 3097 578 3167 etiam
629 3096 752 3161 hoc
801 3095 958 3160 mihi
1011 3093 1232 3162 videor
1282 3095 1527 3175 videre,
1582 3118 1727 3162 esse
1772 3098 2081 3182 quasdam
2125 3119 2270 3164 cum

209 3199 612 3266 adiunctione
662 3198 1166 3286 necessitudines
1179 3247 1200 3278 ,
1253 3200 1565 3288 quasdam
1618 3199 1921 3287 simplicis
1976 3212 2043 3266 et
2084 3203 2272 3269 abso-

207 3303 397 3367 lutas.
484 3323 636 3366 nam
671 3302 846 3368 aliter
884 3301 1094 3368 dicere
1129 3301 1409 3368 solemus
1448 3308 1739 3370 ‘necesse
1774 3313 1876 3370 est
1912 3301 2271 3370 Casilinen-

211 3402 302 3466 sis
340 3423 410 3466 se
445 3403 676 3468 dedere
709 3404 1060 3470 Hannibali
1067 3404 1118 3483 ;'
1157 3404 1336 3472 aliter
1371 3417 1585 3472 autem
1622 3411 1914 3473 ‘necesse
1949 3417 2049 3473 est
2084 3405 2271 3474 Casi-

209 3503 413 3570 linum
447 3503 664 3568 venire
705 3505 774 3569 in
807 3506 1189 3572 Hannibalis
1242 3508 1666 3594 potestatem!
1753 3508 1913 3587 illic,
1959 3509 2029 3574 in
2079 3531 2271 3594 supe-

208 3607 407 3684 riore,
463 3605 781 3672 adiunctio
819 3619 920 3673 est
951 3607 1112 3674 haec
1148 3607 1300 3674 ‘nisi
1337 3609 1393 3674 si
1426 3611 1672 3676 malunt
1705 3611 1877 3676 fame
1909 3609 2175 3696 perire3'
2214 3610 2271 3675 si

212 3710 382 3779 enirn
415 3710 484 3777 id
517 3709 790 3788 malunt,
842 3733 972 3776 non
1003 3701 1109 3777 est
1139 3733 1433 3791 necesse3
1478 3713 1602 3779 hoc
1634 3712 1899 3780 inferius
1933 3735 2063 3778 non
2095 3711 2269 3791 item,

211 3824 550 3902 propterea
584 3813 782 3898 quod,
837 3814 972 3881 sive
1007 3814 1206 3882 velint
1241 3812 1675 3883 Casilinenses
1720 3839 1793 3882 se
1828 3815 2087 3893 dedere,
2134 3814 2271 3882 sive

212 3919 452 3984 famem
499 3919 748 4006 perpeti
800 3929 992 4004 atque
1032 3919 1124 3984 ita
1165 3919 1403 4006 perire,
1452 3941 1721 3988 necesse
1771 3928 1871 3986 est
1917 3914 2273 3984 Casilinum

211 4018 432 4088 venire
473 4020 540 4086 in
574 4022 958 4090 Hannibalis
1003 4033 1405 4110 potestatem.
1495 4021 1649 4108 quid
1691 4021 1885 4110 igitur
1927 4021 2088 4088 haec
2126 4045 2271 4110 per-
