2784 4575
522 242 654 310 354
1129 253 1210 308 M.
1249 250 1524 310 TULLII
1557 248 1960 311 CICERONIS

426 408 481 450 ει
524 380 815 456 oderant3
868 387 1059 461 atque
1092 375 1253 442 haec
1288 375 1594 463 exemplis
1638 375 1950 440 firmanda
1985 385 2150 442 sunt.
2239 372 2462 460 neque
2478 374 2485 379 ’
2501 388 2604 442 est

522 474 889 552 obscurum,
927 472 1099 556 quin,
1136 469 1436 554 quoniam
1453 471 1520 534 in
1535 479 1868 552 utramque
1901 479 2148 556 partem
2183 481 2335 536 sunt
2369 492 2602 535 exem-

518 567 629 653 pla
662 577 727 631 et
758 565 914 631 item
948 565 1033 629 ad
1074 564 1502 630 coniecturam
1544 563 1901 628 faciendam
1942 563 2094 642 loci,
2145 564 2214 628 in
2249 566 2600 631 contrariis

524 660 835 725 contraria
862 657 1171 724 sumenda
1198 655 1343 723 sint.
1401 667 1588 742 atque
1615 657 1807 722 etiam
1831 657 2093 722 incurrit
2118 658 2244 723 alia
2268 659 2600 742 quaedam

517 745 588 818 in
620 753 889 818 testibus
926 761 992 818 et
1022 751 1091 816 in
1125 751 1602 834 quaestionibus
1636 751 1829 817 ratio:
1867 773 2059 838 saepe
2088 751 2256 816 enim
2281 774 2382 830 ea,
2421 775 2597 837 quae

518 847 691 912 dicta
726 856 903 925 sunt,
962 847 1018 911 si
1054 858 1163 911 aut
1198 845 1498 932 ambigue
1541 855 1652 909 aut
1698 845 2134 910 inconstanter
2167 856 2278 911 aut
2309 845 2598 912 incredi-

517 940 728 1006 biliter
761 939 933 1004 dicta
969 950 1119 1004 sunt
1152 950 1263 1004 aut
1296 939 1490 1004 etiam
1525 938 1707 1003 aliter
1740 939 1822 1002 ab
1857 938 1980 1004 alio
2018 938 2212 1017 dieta,
2269 939 2597 1006 subtiliter

518 1033 1087 1120 reprehenduntur.

417 1133 487 1190 15
644 1125 723 1193 C.
757 1128 836 1193 F.
886 1127 1197 1192 Extrema
1249 1124 1364 1190 tibi
1415 1134 1614 1190 restat
1663 1147 1813 1212 pars
1865 1124 2196 1205 orationis,
2251 1148 2417 1210 quae
2474 1151 2597 1214 po-

420 1207 475 1248 ⁵²
521 1220 646 1287 sita
676 1221 744 1284 in
776 1221 1131 1308 perorando
1168 1229 1294 1299 est,
1348 1219 1432 1285 de
1467 1241 1595 1303 qua
1629 1241 1784 1286 sane
1827 1219 2019 1284 velim
2054 1220 2291 1286 audire.
2384 1219 2472 1288 C.
2507 1222 2590 1288 P.

516 1313 764 1380 facilior
798 1323 898 1378 est
930 1312 1267 1400 explicatio
1295 1312 1744 1400 perorationis3
1779 1335 1931 1378 nam
1957 1324 2056 1378 est
2083 1312 2292 1380 divisa
2313 1313 2384 1378 in
2418 1315 2588 1381 duas

513 1406 746 1492 partis,
800 1406 1351 1492 amplificationem
1394 1417 1460 1474 et
1503 1407 2058 1474 enumerationem.
2145 1409 2426 1495 augendi
2475 1432 2590 1476 au-

518 1509 657 1566 tem
686 1509 753 1564 et
787 1499 892 1564 hic
928 1511 1025 1566 est
1060 1501 1355 1588 proprius
1390 1499 1570 1566 locus
1611 1499 1705 1586 [in
1737 1501 2152 1590 perorandoj,
2188 1513 2255 1568 et
2287 1503 2356 1568 in
2391 1525 2588 1571 cursu

514 1592 659 1679 ipso
718 1594 1019 1662 orationis
1092 1595 1546 1662 declinationes
1607 1596 1692 1660 ad
1751 1595 2263 1683 amplificandum
2325 1599 2582 1678 dantur,

422 1715 473 1758 53
518 1687 887 1754 confirmata
918 1710 989 1754 re
1026 1688 1237 1772 aliqua
1280 1700 1391 1754 aut
1437 1689 1843 1776 reprehensa.
1933 1701 2034 1755 est
2073 1690 2266 1777 igitur
2308 1693 2585 1780 amplifi-

515 1781 683 1846 catio
716 1782 971 1868 gravior
1004 1783 1317 1866 quaedam
1370 1782 1751 1860 adfirmatio,
1806 1805 1968 1866 quae
2000 1795 2179 1850 motu
2224 1785 2584 1852 animorum

518 1875 811 1940 conciliet
842 1875 910 1940 in
946 1876 1213 1941 dicendo
1264 1876 1478 1942 fidem.
1567 1898 1646 1942 ea
1678 1886 1743 1942 et
1776 1877 2114 1943 verborum
2153 1901 2388 1965 genere
2423 1901 2581 1946 con-

512 1967 721 2033 ficitur
756 1979 821 2034 et
852 1991 1092 2034 rerum:
1147 1971 1344 2034 verba
1376 1970 1672 2056 ponenda
1707 1981 1881 2048 sunt,
1936 1991 2098 2054 quae
2133 1971 2258 2036 vim
2292 1972 2585 2038 habeant

512 2061 891 2126 inlustrandi
943 2083 1063 2126 nec
1099 2063 1181 2126 ab
1224 2085 1346 2127 usu
1399 2063 1528 2128 sint
1578 2062 2007 2142 abhorrentia,
2062 2065 2269 2151 gravia
2274 2112 2295 2142 ,
2345 2065 2572 2151 plena,

514 2154 831 2228 sonantia,
868 2154 1110 2232 iuncta,
1157 2157 1355 2234 facta,
1411 2157 1883 2244 cognominata,
1931 2158 2067 2224 'non
2097 2157 2400 2244 volgaria,
2458 2181 2583 2224 su-

510 2245 780 2329 perlata,
834 2247 901 2311 in
950 2248 1298 2334 primisque
1352 2251 1657 2318 &anslata
1673 2302 1692 2332 ,
1746 2273 1866 2319 nee
1907 2252 1974 2318 in
2019 2253 2280 2342 singulis
2329 2254 2578 2335 verbis,

514 2338 633 2401 sed
680 2338 747 2402 in
801 2342 1265 2409 continentibus
1278 2392 1297 2423 ‚
1364 2344 1589 2424 soluta,
1652 2368 1815 2429 quae
1869 2346 2162 2413 dicuntur
2221 2347 2358 2413 sine
2422 2370 2578 2415 con-

417 2452 473 2495 54
514 2430 859 2510 iunctione,
896 2444 968 2498 ut
1000 2435 1183 2521 plura
1218 2438 1577 2519 videantur3
1616 2451 1852 2527 augent
1885 2441 2078 2506 etiam
2111 2441 2312 2507 relata
2354 2442 2575 2521 verba,

508 2524 759 2604 iterata,
798 2526 1117 2612 duplicata
1150 2541 1215 2596 et
1248 2554 1353 2610 ea,
1399 2534 1562 2615 quae
1597 2534 1949 2599 ascendunt
1981 2535 2296 2621 gradatim
2336 2535 2418 2600 ab
2451 2534 2576 2599 hu-

510 2617 859 2684 milioribus
918 2618 1187 2709 [verbis]
1228 2626 1309 2688 ad
1344 2627 1700 2711 superiora,
1753 2628 2132 2711 omninoque
2186 2650 2438 2715 semper
2469 2639 2576 2694 est

512 2712 696 2795 quasi
746 2714 1049 2780 naturalis
1106 2726 1171 2781 et
1221 2739 1349 2783 non
1403 2719 1744 2805 explanata
1805 2722 2032 2799 oratio,
2097 2722 2213 2787 sed
2265 2722 2570 2809 gravibus

507 2805 747 2871 referta
780 2808 1023 2888 verbis,
1078 2808 1161 2874 ad
1205 2814 1568 2897 augendum
1612 2814 2165 2882 adcommodatior.
2253 2817 2415 2882 haec
2448 2818 2574 2903 igi-

510 2907 613 2961 tur
644 2897 712 2961 in
746 2901 976 2981 verbis,
1013 2903 1243 2987 quibus
1282 2905 1446 2971 actio
1481 2928 1658 2986 voce,
1694 2910 1871 2973 voltu
1898 2920 1964 2973 et
1995 2921 2183 2996 gestu
2209 2932 2571 2997 congruens

510 3000 577 3055 et
610 3002 760 3077 apta
794 2992 879 3057 ad
916 2995 1159 3062 animos
1195 3000 1660 3083 permovendos
1697 3000 2240 3069 adcommodanda
2277 3016 2403 3083 est3
2449 3006 2572 3071 sed

510 3093 575 3148 et
607 3082 676 3147 in
710 3086 923 3152 verbis
958 3100 1024 3153 et
1056 3090 1123 3154 in
1176 3091 1425 3157 actione
1480 3092 1676 3159 causa
1717 3094 1839 3161 erit
1887 3096 2298 3183 ponderanda
2349 3109 2416 3163 et
2445 3122 2569 3185 pro

505 3198 577 3239 re
614 3178 961 3263 agendum3
1038 3206 1187 3247 nam
1223 3184 1384 3250 haec
1418 3189 1568 3270 quia
1603 3187 1894 3254 videntur
1943 3192 2361 3277 pei-absurda,
2416 3214 2570 3259 cum

508 3271 803 3357 graviora
854 3285 1029 3354 sunt,
1084 3298 1279 3359 quam
1322 3300 1520 3346 causa
1561 3282 1713 3360 fert,
1769 3282 2104 3370 diligenter
2155 3286 2308 3370 quid
2341 3308 2567 3370 quam-

405 3340 473 3453 }ss
508 3386 632 3449 que
670 3365 907 3432 ‘deceat
956 3368 1364 3467 iudicandum
1417 3386 1534 3441 est.
1629 3396 1842 3441 rerum
1895 3388 2106 3444 autem
2157 3379 2564 3465 amplificatio

506 3460 773 3525 sumitur
826 3461 1069 3527 eisdem
1102 3485 1185 3529 ex
1234 3465 1393 3533 loeis
1447 3470 1773 3550 omnibus,
1827 3492 1864 3537 e
1916 3472 2144 3556 quibus
2193 3473 2330 3551 illa,
2395 3493 2564 3559 quae

504 3552 676 3617 dieta
736 3564 885 3619 sunt
944 3556 1028 3621 ad
1080 3556 1308 3625 ‘fidemz
1404 3560 1804 3649 maximeque
1897 3565 2290 3634 definitiones
2344 3568 2565 3633 valent

502 3644 920 3733 conglobatae
964 3658 1029 3715 et
1080 3656 1604 3739 consequentium
1654 3654 2073 3743 frequentatio
2107 3670 2174 3726 et
2213 3654 2564 3729 contraria-

499 3760 643 3805 rum
678 3750 743 3813 et
784 3742 1183 3811 dissimilium
1234 3758 1301 3812 et
1342 3745 1507 3815 inter
1550 3774 1620 3817 se
1671 3754 2092 3839 pugnantium
2139 3770 2352 3821 rerum
2401 3776 2562 3823 con-

499 3832 693 3900 flictio
728 3845 792 3900 et
843 3856 1074 3904 causae
1108 3861 1338 3925 eaque,
1392 3861 1556 3927 quae
1591 3856 1740 3911 sunt
1773 3857 1912 3913 orta
1945 3848 2026 3914 de
2060 3849 2298 3929 causis,
2347 3851 2561 3915 maxi-

497 3946 727 4011 meque
780 3928 1219 4001 similitudines
1264 3947 1328 4001 et
1372 3940 1667 4025 exempla
1674 3965 1693 4019 3
1747 3940 1934 4007 fictae
1977 3942 2168 4007 etiam
2217 3958 2554 4029 personae,

498 4030 677 4083 muta
711 4022 979 4106 denique
1015 4026 1377 4109 loquantur,
1433 4034 1812 4117 omninoque
1857 4058 1934 4101 ea
1969 4047 2118 4103 sunt
2169 4037 2554 4117 adhibenda,
2609 4106 2617 4112 ,
