2784 4575
515 231 601 298 94
1009 241 1426 299 CORNIFICII
1461 238 2077 298 RHETORICORUM

516 391 639 453 quo
691 367 896 440 modo,
942 376 1237 450 quattuor
1289 365 1369 430 de
1432 363 1643 429 causis
1706 363 2001 440 sumitur,
2063 361 2215 426 item
2278 371 2584 446 quattuor

513 462 716 528 modis
757 462 1008 527 dicitur:
1053 483 1170 547 per
1203 459 1613 535 contrarium,
1658 480 1772 543 per
1805 457 2239 543 negationem,
2275 480 2391 544 per
2426 479 2584 524 0011-

512 556 840 635 10110110111,
885 578 1000 642 per
1036 554 1430 619 brevitatem.
1522 553 1605 617 ad
1637 575 1831 616 unam
1875 573 2191 635 quamque
2229 553 2581 617 sumendae

513 671 773 716 causam
836 647 1261 717 similitudinis
1328 645 1953 711 adcommodabimus
2010 644 2295 732 singulos
2348 645 2578 711 modos

320 739 328 744 i
409 757 478 813 46
509 743 986 832 pronuntiandi:
1024 741 1290 808 ornandi
1317 761 1513 805 causa
1540 740 1805 804 sumitur
1836 737 1979 826 [per
2006 737 2417 826 contrarium]
2452 739 2577 803 sic:

514 845 671 905 ‘non
725 838 921 915 enim,
977 859 1167 920 quem
1219 835 1302 899 ad
1350 834 1614 901 modum
1665 834 1732 899 in
1782 834 2130 920 palaestra,
2192 834 2301 916 qui
2354 833 2577 899 taedas

513 931 841 998 candentis
895 930 1153 1016 accipit,
1207 928 1471 994 celerior
1522 937 1623 993 est
1672 929 1739 991 in
1792 949 1981 993 cursu
2034 928 2331 993 continuo
2384 949 2578 1010 quam

512 1025 646 1104 ille,
695 1025 805 1108 qui
841 1023 1058 1102 tradit,
1103 1023 1258 1088 item
1291 1022 1514 1088 melior
1546 1022 1888 1108 imperator
1922 1043 2157 1099 novus,
2204 1021 2311 1105 qui
2348 1020 2579 1107 accipit

515 1120 892 1196 exercitum,
949 1140 1139 1201 quam
1191 1117 1324 1195 ille,
1380 1116 1491 1200 qui
1536 1116 1811 1194 decedit,
1864 1125 2200 1202 propterea
2250 1116 2421 1200 quod
2466 1116 2578 1180 de—

515 1213 819 1299 fatigatus
855 1233 1074 1277 cursor
1106 1211 1354 1297 integro
1391 1210 1627 1288 facem,
1665 1210 1767 1274 hic
1801 1209 2042 1297 peritus
2078 1209 2419 1296 imperator
2453 1208 2576 1273 im-

513 1307 715 1394 perito
770 1305 1115 1372 exercitum
1166 1304 1394 1370 tradit?
1485 1305 1607 1370 1100
1654 1304 1790 1368 sine
1846 1303 2034 1368 simili
2079 1303 2233 1368 satis
2276 1303 2463 1389 plane
2512 1314 2578 1368 et

513 1400 845 1490 perspicue
899 1411 964 1466 et
1011 1399 1421 1487 probabiliter
1472 1397 1597 1462 dici
1646 1397 1853 1484 potuit
1905 1397 2027 1462 hoc
2078 1397 2299 1462 modo:
2362 1396 2575 1464 minus

513 1498 716 1562 bonos
751 1495 1162 1582 imperatores
1199 1517 1238 1558 a
1271 1491 1637 1559 melioribus
1668 1491 1980 1558 exercitus
2018 1491 2303 1577 accipere
2340 1490 2575 1570 solere3

516 1591 631 1658 sed
665 1589 930 1656 ornandi
966 1610 1162 1654 causa
1196 1587 1400 1654 simile
1438 1596 1759 1674 sumptum
1795 1595 1920 1664 est,
1964 1597 2038 1650 ut
2070 1585 2339 1652 orationi
2382 1605 2578 1668 quae-

515 1687 662 1750 dam
716 1683 992 1772 dignitas
1054 1692 1478 1768 comparetur3
1544 1681 1783 1746 dictum
1838 1690 2050 1746 autem
2104 1691 2204 1745 est
2254 1701 2371 1765 per
2424 1701 2576 1745 0011-

513 1779 804 1844 trarium:
867 1801 1018 1842 nam
1069 1787 1206 1840 tum
1267 1775 1613 1840 similitudo
1676 1774 1945 1840 sumitur
1993 1797 2109 1861 per
2170 1773 2573 1853 contrarium,

513 1894 660 1936 cum
694 1872 754 1936 ei
787 1871 907 1947 rei,
965 1891 1158 1953 quam
1191 1891 1310 1934 nos
1344 1870 1718 1955 probamus,
1774 1869 2051 1952 aliquam
2091 1891 2228 1934 rem
2262 1890 2571 1956 negamus

513 1988 658 2030 esse
696 1963 984 2028 similem.
1059 1959 1160 2048 [ut
1191 1961 1382 2047 paulo
1420 1972 1595 2040 ante,
1633 1985 1776 2027 cum
1812 1963 1892 2027 de
1929 1962 2291 2028 cursoribus
2329 1984 2574 2028 assere-

515 2059 718 2124 batur.
771 2079 886 2143 per
912 2055 1316 2143 negationem
1343 2054 1615 2143 dicetur]
1642 2057 1957 2143 probandi
1984 2078 2177 2122 causa
2201 2057 2325 2124 hoc
2350 2057 2570 2122 modo:

517 2158 752 2236 ‘neque
789 2173 988 2234 equus
1033 2151 1407 2230 indomitus,
1464 2152 1752 2236 quamvis
1785 2153 1949 2217 bene
1992 2162 2218 2216 natura
2260 2151 2573 2238 composi-

517 2256 618 2312 tus
657 2245 766 2324 sit,
817 2245 1084 2312 idoneus
1121 2254 1334 2333 potest
1367 2268 1513 2312 esse
1549 2247 1633 2312 ad
1667 2269 1776 2313 eas
1820 2244 2153 2325 utilitates,
2208 2267 2370 2330 quae
2406 2245 2575 2311 desi-

517 2341 816 2406 derantur
869 2341 950 2406 ab
1002 2362 1193 2425 equo;
1258 2362 1467 2425 neque
1518 2340 1709 2406 homo
1761 2341 2083 2418 indoctus,
2146 2340 2435 2424 quamvis
2492 2341 2575 2405 sit

513 2434 912 2521 ingeniosus,
960 2435 1042 2499 ad
1076 2434 1374 2500 virtutem
1418 2445 1633 2521 potest
1663 2434 2033 2522 pervenire!
2123 2434 2247 2500 hoc
2278 2434 2575 2519 probabi-

513 2529 636 2593 lius
691 2526 934 2593 factum
977 2538 1102 2606 est,
1157 2527 1330 2613 quod
1363 2528 1571 2616 magis
1618 2539 1719 2593 est
1758 2528 1894 2593 veri
1930 2527 2132 2594 simile
2198 2548 2329 2592 non
2379 2550 2575 2613 posse

514 2623 812 2689 virtutem
849 2622 985 2689 sine
1022 2622 1309 2687 doctrina
1344 2622 1716 2709 comparari,
1742 2621 2054 2706 quoniam
2088 2644 2169 2687 ne
2205 2643 2406 2705 equus
2435 2622 2578 2706 qui-

515 2717 662 2782 dem
703 2716 1045 2782 indomitus
1091 2715 1356 2782 idoneus
1401 2715 1610 2803 possit
1661 2738 1803 2781 esse
1861 2712 2044 2803 [ergo
2100 2725 2423 2801 sumptum
2477 2728 2580 2781 est

513 2810 826 2896 probandi
871 2807 1122 2897 causa];
1177 2809 1413 2875 dictum
1460 2819 1560 2875 est
1604 2821 1815 2874 autem
1856 2832 1973 2895 per
2023 2806 2455 2896 negationem3
2509 2810 2579 2874 id

519 2902 686 2966 enim
713 2902 1118 2987 perspicuum
1153 2914 1252 2969 est
1287 2903 1366 2968 de
1400 2903 1605 2989 primo
1644 2901 2069 2967 similitudinis
2106 2903 2320 2968 verbo·
2394 2926 2579 2989 aper-

519 2994 644 3059 tius
700 2996 950 3061 dicendi
1001 3018 1196 3061 causa
1251 2994 1487 3083 [simile
1550 2996 1777 3063 dicitur
1829 3020 1943 3083 per
1996 2994 2395 3083 brevitatem]
2453 2996 2578 3061 hoc

516 3088 736 3153 modoz
793 3089 887 3153 ‘in
921 3090 1198 3155 amicitia
1237 3089 1520 3176 gerenda
1573 3090 1738 3155 sicut
1778 3090 1847 3155 in
1891 3088 2231 3155 certamine
2283 3090 2579 3155 currendi

516 3203 647 3246 non
679 3181 771 3246 ita
804 3184 1098 3249 convenit
1132 3183 1440 3261 exerceri,
1486 3193 1585 3261 ut,
1642 3184 1854 3268 quoad
1895 3206 2157 3249 necesse
2195 3184 2303 3261 sit,
2358 3184 2577 3250 venire

514 3274 756 3361 possis,
813 3278 926 3342 sed
977 3288 1050 3342 ut
1099 3278 1446 3365 productus
1503 3277 1713 3343 studio
1766 3290 1831 3343 et
1881 3278 2119 3344 viribus
2170 3277 2339 3343 ultra
2388 3278 2577 3343 facile

515 3371 890 3455 procurras?
995 3394 1146 3435 nam
1197 3371 1320 3437 1100
1373 3370 1578 3435 simile
1630 3384 1939 3459 sumptum
1990 3381 2117 3450 est,
2169 3382 2243 3435 ut
2294 3371 2575 3457 apertius

516 3462 944 3549 intellegatur,
997 3464 1166 3528 mala
1206 3464 1450 3530 ratione
1495 3463 1705 3535 facere
1716 3514 1735 3544 ,
1790 3466 1899 3549 qui
1940 3466 2407 3552 reprehendant
2442 3488 2577 3545 eos,

518 3558 626 3639 qui
677 3556 857 3623 verbi
901 3579 1094 3621 causa
1136 3568 1286 3641 post
1335 3568 1605 3623 mortem
1658 3560 1844 3625 amici
1894 3560 2127 3626 liberos
2175 3559 2310 3624 eius
2364 3571 2579 3626 custo-

518 3650 722 3727 diant,
766 3661 1102 3737 propterea
1137 3650 1308 3733 quod
1349 3650 1417 3714 in
1452 3672 1709 3718 cursore
1752 3658 1998 3719 'tantum
2041 3653 2393 3719 velocitatis
2430 3677 2577 3719 esse

519 3754 833 3830 oporteat,
868 3754 941 3807 ut
974 3743 1273 3809 efferatur
1303 3742 1473 3808 ultra
1503 3745 1779 3824 finem,
1760 3770 1828 3811 m
1862 3746 2063 3812 amico
2100 3756 2347 3811 tantum
2378 3748 2579 3813 bene-
2620 3807 2625 3813 .

517 3836 857 3913 volentiae,
893 3847 967 3901 ut
999 3837 1166 3901 ultra
1200 3858 1392 3919 quam
1428 3838 1667 3905 amicus
1707 3840 1939 3905 sentire
1973 3839 2207 3925 possit,
2242 3853 2577 3926 procurrat

521 3926 860 4013 [amicitiae
897 3927 1158 4015 studio}
1249 3928 1487 3995 dictmn
1521 3942 1732 3997 autem
1770 3928 2032 4019 [simile]
2082 3943 2181 3996 est
2213 3956 2329 4019 per
2366 3934 2575 3999 brevi-

517 4031 738 4099 tatem3
793 4043 923 4086 non
967 4022 1136 4086 enim
1177 4021 1294 4099 110,
1347 4033 1422 4086 111
1453 4022 1521 4089 111
1566 4025 1787 4091 ceteris
1822 4028 2044 4103 rebus,
2097 4048 2201 4091 res
2248 4028 2329 4092 ab
2362 4048 2432 4091 re
2470 4048 2580 4091 se·—
