2784 4575
742 361 850 418 AD
889 361 950 418 8.
987 361 1453 420 HERENNIUM
1488 359 1623 416 1111.
1660 359 1899 416 13-15.
2266 350 2351 416 65

291 487 468 553 nulla
503 509 614 573 spe
650 487 812 552 freti
831 508 1006 551 arma
1042 485 1467 550 sustulerunt?
1530 483 1669 568 quis
1706 485 1829 549 hoc
1864 485 2079 550 credet
2113 495 2355 552 tantam

296 581 634 646 amentiam
681 603 1059 665 quemquam
1112 580 1419 657 tenuisse,
1474 589 1545 643 ut
1583 577 1917 664 imperium
1960 579 2181 666 populi
2219 581 2355 647 Ro·
2420 579 2427 584 ’

291 675 465 740 mani
518 686 826 762 temptare
881 676 1170 752 auderet,
1224 674 1413 739 nullis
1470 674 1668 759 copiis
1723 671 1963 740 fretus?
2051 697 2205 762 ergo
2242 677 2355 740 811-

292 769 446 856 quid
478 769 679 835 fuisse
721 791 986 834 necesse
1031 779 1149 834 est.
1206 769 1392 852 quid
1428 767 1628 846 aliud,
1676 768 1799 832 nisi
1832 768 1928 846 id,
1976 769 2147 852 quod
2190 768 2351 848 dice,

290 873 505 951 potest
539 865 746 931 esse?

411 957 493 1023 I'n
545 968 906 1023 attenuatae
954 959 1198 1045 figurae
1259 979 1521 1044 genere,
1586 956 1757 1041 quod
1808 956 1891 1021 ad
1949 955 2239 1020 infimum
2290 967 2355 1021 et
2387 953 2457 1008 10

291 1051 680 1117 cotidianum
717 1074 1075 1117 sermonem
1111 1051 1462 1116 demissum
1497 1060 1615 1129 est,
1652 1051 1775 1130 hoc
1807 1051 1929 1116 erit
1962 1028 2415 1136 exemplum:

293 1151 472 1210 ‘nam
503 1155 578 1209 ut
610 1145 774 1212 forte
808 1145 1012 1210 1118111
1046 1145 1308 1210 balneas
1345 1145 1537 1223 venit,
1576 1145 1801 1230 coepit,
1837 1153 2177 1231 postquam
2210 1167 2355 1231 per—-

293 1238 476 1303 fusus
513 1249 640 1317 est,
679 1241 999 1318 defi-icari,
1039 1240 1295 1316 deinde,
1341 1239 1454 1304 ubi
1488 1239 1697 1304 visum
1732 1250 1859 1317 est,
1895 1249 1969 1304 ut
1999 1240 2068 1303 in
2104 1237 2355 1302 alveum

292 1332 735 1413 descenderet,
790 1356 939 1399 ecce
995 1335 1110 1399 tibi
1159 1335 1282 1398 iste
1329 1334 1409 1398 de
1464 1343 1827 1399 transverso
1882 1333 2096 1399 ‘heus'
2151 1332 2357 1417 inquit

294 1427 728 1505 ‘adulescens,
781 1428 964 1514 pueri
1007 1428 1100 1492 tui
1140 1428 1331 1493 modo
1372 1449 1477 1490 me
1530 1426 1889 1513 pulsarunt:
1944 1427 2100 1493 satis
2152 1426 2351 1492 facias

295 1520 581 1604 oportet!
671 1520 804 1596 hic,
851 1521 961 1604 qui
994 1520 1064 1584 id
1097 1520 1321 1584 aetatis
1360 1520 1441 1584 ab
1475 1519 1695 1605 ignoto
1728 1530 1980 1606 praeter
2016 1533 2354 1590 consuetu-

295 1612 510 1676 dinem
552 1613 906 1698 appellatus
953 1623 1152 1690 esset,
1209 1612 1478 1677 erubuit.
1563 1614 1686 1678 iste
1740 1613 1967 1678 clarius
2024 1615 2247 1679 eadem
2291 1625 2356 1679 et

295 1705 422 1770 alia
455 1705 665 1771 dicere
703 1708 930 1792 coepit.
1018 1706 1124 1771 hic
1156 1707 1294 1784 vix,
1351 1716 1566 1772 tamen
1607 1707 1815 1791 inquit
1865 1714 1883 1744 ‘
1896 1706 2031 1773 81118
2066 1731 2169 1774 1118
2204 1729 2356 1774 con-

297 1801 614 1866 siderare?
704 1811 840 1866 tum
881 1825 1034 1867 vero
1077 1802 1200 1868 iste
1253 1801 1526 1867 clamare
1570 1823 1757 1880 voce,
1816 1799 1995 1888 [ista]
2046 1823 2209 1884 quae
2250 1802 2355 1867 vel

289 1895 552 1960 rabulae
589 1897 791 1961 cuivis
825 1897 1124 1962 ruborem
1167 1897 1401 1960 inicere
1444 1905 1685 1983 potest:
1741 1896 1894 1961 ‘ista
1924 1896 2219 1981 petulans
2258 1907 2356 1960 est

293 1999 482 2074 atque
521 1991 788 2067 acerba,
840 2012 924 2054 ne
961 1989 1044 2055 ad
1079 1990 1380 2055 solarium
1434 1989 1717 2072 quidem,
1770 2000 1845 2053 ut
1884 1989 2042 2054 mihi
2084 1988 2353 2066 videtur,

293 2086 410 2150 sed
442 2107 610 2170 pone
647 2107 906 2150 scenam
942 2096 1006 2149 et
1040 2085 1108 2150 in
1153 2085 1287 2150 eius
1325 2085 1501 2150 modi
1541 2085 1700 2150 locis
1736 2084 2115 2150 exercitata’
2206 2104 2357 2150 con-

292 2179 580 2244 turbatus
617 2189 718 2243 est
752 2178 1156 2243 adulescens:
1192 2200 1312 2242 nec
1345 2178 1603 2256 mirum,
1640 2178 1743 2242 8111
1778 2178 1969 2243 8118111
2002 2199 2171 2244 118118
2203 2200 2357 2264 pae-

291 2272 530 2383 (183831
561 2273 706 2338 11188
744 2273 830 2338 8(1
864 2273 1178 2338 auriculas
1206 2282 1610 2338 versarentur
1643 2271 1935 2359 imperito
1970 2272 2155 2338 huius
2182 2272 2381 2354 modi·

293 2367 736 2445 convitiorum,
791 2367 902 2433 ubi
956 2368 1150 2431 istum
1203 2367 1361 2432 vidit
1416 2389 1698 2433 scurram
1750 2368 2057 2433 exhausto
2101 2368 2351 2444 rubore,

295 2459 404 2543 qui
439 2482 510 2525 88
553 2471 807 2547 putaret
847 2461 1008 2525 nihil
1050 2462 1312 2539 habere,
1367 2461 1540 2545 quod
1581 2461 1661 2525 de
1708 2461 2168 2526 existimatione
2210 2484 2356 2547 per-

295 2554 497 2633 deret,
558 2565 632 2619 ut
682 2555 896 2621 omnia
948 2554 1083 2620 81118
1137 2555 1346 2620 famae
1409 2554 1785 2621 detrimento
1846 2554 2056 2619 facere
2094 2557 2353 2641 posset?

285 2644 518 2733 [igitur
551 2672 790 2759 genera
819 2650 1167 2737 figurarum
1201 2672 1282 2713 ex
1313 2648 1475 2735 ipsis
1511 2649 1819 2733 exemplis
1854 2647 2137 2732 intellegi
2170 2658 2351 2732 pote·
2396 2673 2447 2714 15

291 2751 467 2819 runt3
523 2743 640 2807 erit
675 2744 844 2807 enim
879 2754 944 2809 et
979 2753 1304 2808 attenuata
1335 2742 1677 2807 verborum
1723 2739 2107 2807 constructio
2161 2762 2355 2823 quae-

297 2832 474 2911 dam,
535 2845 600 2899 et
648 2835 801 2899 item
853 2836 976 2902 alia
1027 2837 1094 2901 in
1147 2833 1487 2923 gravitate,
1551 2833 1679 2899 alia
1726 2834 1936 2920 posita
1986 2833 2054 2897 in
2113 2833 2355 2899 medio-

296 2926 514 2991 oritate
517 2926 565 3015 .]

413 3022 536 3087 Est
571 3033 783 3088 autem
817 3024 1198 3100 cavendum,
1235 3046 1336 3100 ne,
1377 3023 1531 3086 dum
1563 3021 1723 3085 haec
1756 3043 1995 3107 genera
2028 3034 2355 3087 consectae-

292 3136 453 3193 mur,
491 3116 557 3180 in
589 3106 856 3183 finitima
883 3129 948 3183 et
979 3118 1338 3205 propinqua
1371 3116 1527 3181 vitia
1559 3116 1917 3181 veniamus.
1952 3140 2102 3181 nam
2137 3118 2351 3203 gravis

291 3209 516 3295 figura,
537 3231 700 3294 quae
724 3212 1048 3276 laudanda
1073 3222 1190 3289 est,
1219 3211 1578 3299 propinqua
1602 3220 1702 3275 est
1730 3210 1807 3288 ei,
1828 3232 1991 3294 quae
2018 3210 2350 3301 fugienda3

293 3324 455 3386 quae
505 3315 676 3369 recte
730 3305 1048 3372 videbitur
1101 3304 1437 3391 appellari,
1493 3304 1548 3368 81
1602 3302 1857 3369 sufflata
1906 3303 2352 3382 nominabitur,

291 3419 443 3461 nam
465 3408 539 3462 ut
564 3398 846 3485 corporis
875 3400 1111 3464 bonam
1137 3398 1575 3477 habitudinem
1601 3408 1809 3463 tumor
1834 3396 2115 3463 imitatur
2141 3419 2351 3483 saepe,

291 3489 445 3553 item
477 3491 693 3576 gravis
729 3491 930 3557 oratio
967 3514 1160 3578 saepe
1193 3490 1501 3577 imperitis
1538 3491 1787 3556 videtur
1813 3513 1909 3569 ea,
1946 3514 2109 3575 quae
2144 3500 2355 3576 turget

291 3594 360 3649 et
389 3584 608 3649 inflata
643 3596 770 3663 est,
825 3606 971 3651 cum
1009 3596 1120 3651 aut
1153 3586 1337 3651 novis
1377 3595 1487 3651 aut
1527 3586 1755 3672 priscis
1792 3586 2003 3650 verbis
2040 3594 2151 3649 aut
2184 3584 2355 3649 duri-

291 3688 390 3742 ter
424 3677 676 3743 aliunde
712 3679 1036 3745 translatis
1074 3690 1184 3744 aut
1216 3680 1643 3766 gravioribus,
1690 3701 1881 3763 quam
1914 3700 2017 3743 res
2051 3676 2351 3763 postulat,

291 3770 531 3855 aliquid
566 3770 820 3851 dicitur,
859 3772 982 3839 hcc
1014 3774 1234 3839 modo:
1275 3779 1453 3839 ‘nam
1488 3773 1597 3858 qui
1627 3770 2163 3859 perduellionibus
2198 3792 2353 3834 ven-

292 3864 452 3929 ditat
484 3863 784 3951 patriam,
837 3888 972 3934 non
1009 3867 1163 3933 satis
1203 3867 1497 3955 supplicii
1532 3867 1802 3944 dederit,
1856 3866 1911 3930 81
1943 3884 2247 3951 praeceps
2284 3862 2353 3929 in

288 3958 644 4046 Neptunias
699 3961 1006 4048 depulsus
1061 3962 1180 4027 erit
1228 3961 1511 4027 lacunas.
1599 3959 1852 4047 poenite
1903 3958 2095 4045 igitur
2136 3958 2349 4037 istum,

291 4054 403 4139 qui
453 4056 688 4121 montis
741 4058 893 4123 belli
944 4055 1288 4123 fabricatus
1336 4068 1461 4135 est,
1521 4077 1779 4141 campos
1827 4052 2081 4147 sustulit
2130 4053 2349 4141 pacis.’

291 4148 360 4213 in
411 4148 533 4214 1188
585 4173 790 4236 381188
845 4174 990 4217 88111
1043 4151 1386 4230 declinant,
1442 4150 1551 4235 qui
1604 4149 1685 4213 ab
1739 4170 1843 4227 88,
1907 4170 2033 4233 quo
2084 4147 2349 4236 profecti

399 4248 624 4294 Ciceronis
641 4252 726 4295 vol.
748 4254 786 4298 1.
1974 4248 2005 4295 5
