2784 4575
473 240 559 304 90
958 247 1388 305 CORNIFICII
1421 242 2037 302 RHETORICORUM

475 387 605 453 tur,
661 395 806 439 cum
850 371 1262 458 suspitiones,
1317 392 1479 455 quae
1527 368 1866 454 separatim
1900 367 2106 434 dictae
2148 369 2430 434 minutae
2468 381 2537 436 et

475 469 760 533 infirmae
821 476 1025 543 erant,
1089 487 1288 530 unum
1338 465 1407 528 in
1456 463 1668 529 locum
1728 472 1983 527 coactae
2042 484 2179 526 rem
2236 463 2541 528 videntur

475 561 876 648 perspicuam
917 560 1155 635 facere,
1209 581 1340 623 non
1384 557 1821 644 suspitiosam,
1874 557 1996 620 hoc
2036 567 2252 666 pacto:
2308 557 2539 624 ‘nolite

475 657 695 742 igitur,
730 653 952 732 nolite,
989 653 1260 730 iudices,
1299 674 1403 730 ea,
1442 675 1603 736 quae
1640 651 1800 728 dixi,
1848 651 2186 736 separatim
2224 661 2539 736 spectare,

479 751 593 816 sed
637 749 850 814 omnia
893 748 1192 834 conligite
1237 757 1302 812 et
1345 747 1626 812 conferte
1670 746 1739 810 in
1781 768 2008 810 unum:
2064 746 2119 810 si
2156 756 2220 811 et
2254 767 2540 812 commo-

479 845 630 910 dum
667 843 751 908 ad
783 843 978 908 istum
1014 865 1095 906 ex
1137 841 1306 905 illius
1351 850 1553 905 morte
1605 840 1924 917 veniebat,
1979 849 2043 904 et
2086 840 2218 904 vita
2259 839 2537 904 hominis

478 949 578 1005 est
623 936 1015 1024 turpissima,
1072 935 1318 999 animus
1365 935 1803 1011 avarissimus,
1857 934 2147 999 fortunae
2190 935 2536 999 familiares

479 1029 1048 1106 attenuatissimae,
1103 1040 1167 1092 et
1217 1050 1320 1093 res
1365 1029 1491 1092 ista
1532 1028 1701 1092 bono
1754 1027 1990 1092 nemini
2039 1038 2289 1116 praeter
2339 1027 2537 1092 istum

477 1126 626 1202 fuit,
681 1145 888 1206 neque
934 1122 1094 1186 alius
1140 1121 1475 1206 quisquam
1522 1144 1720 1205 aeque
1774 1121 2103 1186 commode
2154 1143 2360 1204 neque
2412 1121 2537 1185 iste

480 1217 618 1282 aliis
655 1215 1184 1282 commodioribus
1220 1215 1569 1280 rationibus
1605 1215 1815 1280 facere
1850 1214 2075 1300 potuit,
2112 1236 2316 1298 neque
2350 1237 2538 1301 prae-

479 1309 733 1376 teritum
769 1320 869 1374 est
903 1309 983 1373 ab
1017 1308 1140 1374 isto
1177 1309 1541 1392 quicquam,
1597 1308 1768 1392 quod
1802 1331 1961 1394 opus
1998 1307 2190 1373 fuerit
2224 1309 2306 1372 ad
2338 1309 2538 1372 male-

477 1403 709 1482 ficium,
747 1425 952 1486 neque
988 1403 1246 1480 factum,
1284 1403 1457 1486 quod
1483 1425 1644 1488 opus
1671 1426 1800 1467 non
1823 1402 2015 1466 fuerit
2022 1427 2040 1478 3
2079 1413 2143 1466 et
2179 1424 2323 1468 cum
2355 1403 2535 1468 locus

477 1499 744 1564 idoneus
779 1498 1052 1562 maxime
1089 1497 1434 1580 quaesitus,
1470 1509 1622 1561 tum.
1641 1496 1890 1562 occasio
1919 1496 2329 1582 adgrediendi
2364 1519 2539 1562 com-

477 1594 694 1671 moda,
756 1603 1005 1678 tempus
1051 1591 1326 1656 adeundi
1379 1591 2013 1678 opportunissimum,
2066 1591 2343 1677 spatium
2386 1613 2539 1656 con-

475 1687 730 1752 ficiendi
790 1687 1236 1772 longissimum
1299 1698 1622 1771 sumptum
1683 1695 1808 1762 est,
1872 1709 2003 1750 non
2062 1685 2198 1750 sine
2259 1686 2539 1750 maxima

479 1782 837 1848 occultandi
873 1791 936 1846 et
969 1780 1342 1867 perficiundi
1385 1780 1679 1845 maleficii
1715 1802 1861 1864 spe3
1909 1789 1973 1844 et
2005 1790 2333 1865 praeterea
2368 1790 2534 1857 ante,

478 1899 672 1961 quam
706 1875 954 1940 occisus
1001 1874 1192 1939 homo
1235 1875 1292 1938 is
1336 1883 1463 1950 est,
1514 1875 1635 1938 iste
1680 1873 1856 1938 visus
1893 1883 1993 1938 est
2025 1873 2093 1936 in
2128 1896 2203 1940 eo
2248 1874 2415 1952 loco,
2468 1874 2535 1938 in

479 1991 606 2053 quo
642 1979 742 2034 est
777 1969 1009 2034 occisio
1045 1969 1243 2045 facta,
1301 1967 1505 2045 solus;
1557 1967 1749 2052 paulo
1783 1979 1931 2052 post
1964 1968 2032 2031 in
2065 1968 2205 2054 ipso
2242 1967 2535 2032 maleficii

477 2063 619 2127 loco
655 2085 784 2126 vox
817 2060 1006 2138 illius,
1044 2059 1153 2142 qui
1188 2061 1610 2138 occidebatur,
1650 2061 1890 2138 audita3
1928 2061 2155 2126 deinde
2190 2073 2338 2147 post
2371 2061 2535 2127 occi-

482 2153 724 2220 sionem
767 2153 962 2218 istum
1004 2153 1202 2218 multa
1251 2163 1438 2219 nocte
1494 2154 1751 2218 domum
1799 2154 2042 2220 redisse
2095 2165 2343 2219 constat
2350 2179 2369 2232 3
2420 2177 2535 2240 po-

483 2257 651 2313 stero
705 2246 806 2312 die
861 2246 1210 2319 titubanter
1261 2257 1327 2313 et
1374 2247 1806 2314 inconstanter
1859 2249 1938 2313 de
1992 2247 2305 2314 occisione
2367 2249 2533 2314 illius

479 2342 788 2421 locutum3
843 2342 1002 2407 haec
1035 2342 1266 2429 partim
1301 2343 1709 2422 testimoniis,
1762 2343 1994 2429 partim
2038 2343 2532 2426 quaestionibus,

479 2436 712 2523 partim
747 2436 1136 2523 argumentis
1173 2436 1360 2501 certis
1407 2438 1620 2502 omnia
1666 2437 2153 2524 comprobantur
2188 2448 2254 2503 et
2282 2460 2534 2503 rumore

478 2529 726 2616 populi,
790 2552 980 2613 quem
1040 2552 1121 2594 ex
1179 2530 1570 2616 argumentis
1630 2540 1851 2595 natum
1909 2552 2173 2597 necesse
2235 2540 2335 2595 est
2392 2553 2535 2595 esse

479 2647 731 2690 verume
785 2635 1094 2702 vestrum,
1138 2624 1410 2702 iudices,
1467 2635 1565 2689 est
1599 2647 1681 2690 ex
1720 2624 1821 2689 his
1865 2625 1933 2688 in
1966 2648 2095 2691 uno
2139 2626 2281 2691 loco
2326 2625 2537 2690 conlo-

481 2720 638 2784 catis
675 2730 912 2785 certam
949 2741 1197 2783 sumere
1235 2719 1581 2796 scientiam,
1617 2742 1747 2783 non
1776 2718 2192 2805 suspitionem
2215 2717 2535 2785 maleficiis

479 2835 630 2877 nam
663 2835 862 2876 unum
899 2812 1137 2897 aliquid
1171 2822 1280 2877 aut
1315 2812 1583 2877 alterum
1616 2822 1829 2897 potest
1862 2811 1930 2877 in
1962 2812 2157 2878 istum
2190 2835 2345 2878 casu
2378 2812 2538 2877 ceci-

483 2903 656 2969 disse
711 2904 1078 2989 suspitiose:
1133 2916 1206 2969 ut
1258 2906 1471 2970 omnia
1518 2905 1683 2971 inter
1728 2928 1797 2970 se
1840 2929 1879 2970 a
1922 2906 2125 2991 primo
2172 2906 2255 2971 ad
2294 2916 2539 2992 postre-

481 3018 659 3059 mum
694 2996 1098 3074 conveniant,
1141 2995 1480 3084 [maleficia
1511 3021 1776 3063 necesse
1812 2996 1939 3085 est]
1980 3022 2133 3064 casu
2166 3022 2295 3064 non
2328 3010 2539 3083 potest

482 3088 660 3158 fieri.’
762 3089 1106 3155 vehemens
1160 3091 1318 3156 haec
1372 3104 1471 3157 est
1524 3093 1850 3158 exornatio
1896 3102 1969 3173 ‚et
2016 3092 2085 3155 in
2138 3092 2540 3156 coniecturali

486 3182 929 3248 constitutione
965 3206 1194 3249 causae
1222 3186 1421 3251 ferme
1450 3208 1699 3273 semper
1724 3185 2083 3250 necessaria
2118 3195 2182 3250 et
2213 3184 2281 3247 in
2314 3185 2537 3250 ceteris

484 3275 823 3361 generibus
878 3298 1212 3343 causarum
1246 3290 1310 3344 et
1350 3279 1419 3343 in
1462 3280 1635 3347 omni
1686 3278 1966 3345 oratione
2012 3277 2371 3344 adhibenda
2412 3300 2535 3343 non

485 3391 852 3453 numquam.

378 3460 449 3573 ᾗ
601 3462 926 3549 Expolitio
971 3476 1096 3542 est,
1151 3488 1297 3531 cum
1337 3466 1407 3531 in
1450 3468 1677 3532 eodem
1718 3466 1860 3531 loco
1904 3488 2235 3531 manemus
2272 3475 2338 3530 et
2372 3463 2539 3529 aliud

483 3568 673 3641 atque
729 3558 900 3621 aliud
964 3558 1171 3624 dicere
1233 3559 1543 3625 videmur.
1650 3582 1727 3625 ea
1779 3558 2113 3645 dupliciter
2161 3560 2263 3637 fit,
2326 3558 2381 3621 si
2434 3566 2539 3619 aut

485 3652 754 3717 eandem
806 3653 994 3739 plane
1049 3654 1330 3719 dicemus
1373 3676 1514 3719 rem
1566 3664 1675 3717 aut
1718 3654 1798 3717 de
1853 3654 2077 3719 eadem
2119 3676 2217 3718 rex
2274 3648 2538 3714 eandem

481 3769 617 3811 rem
654 3746 935 3811 dicemus
971 3770 1102 3813 non
1135 3749 1361 3814 eodem
1394 3746 1587 3812 modo
1612 3784 1701 3794 —-
1726 3770 1878 3811 nam
1911 3748 1979 3812 id
2014 3746 2269 3831 quidem
2312 3742 2538 3807 obtun-

484 3840 634 3904 dere
687 3841 1038 3906 auditorem
1089 3853 1215 3919 est,
1267 3864 1399 3907 non
1449 3863 1586 3905 rem
1640 3841 1919 3926 expolire
1963 3874 2051 3887 —-—
2094 3839 2209 3903 sed
2258 3858 2537 3901 commu-

485 3942 640 3997 tatet
670 3933 1194 3999 commutabimus
1221 3934 1575 4020 tripliciter:
1591 3934 1835 4011 -verbis,
1862 3931 2347 4020 pronuntiando,
2376 3942 2537 3993 trac-

485 4026 698 4091 tando.
820 4028 1030 4091 verbis
1093 4028 1619 4092 commutabimus
1632 4076 1651 4105 ,
1724 4049 1871 4091 cum
1928 4049 2033 4091 res
2104 4026 2303 4090 semel
2372 4024 2536 4089 dicta
