2784 4575
8 387 11 444 ς
667 365 776 422 AD
815 366 875 422 C.
911 367 1380 424 HERENNIUM·
1413 368 1547 424 1111.
1582 367 1828 426 56-59,
2190 357 2273 426 93

218 493 424 559 blicae
465 490 825 556 discrimine
879 513 1032 556 suae
1084 491 1230 576 plus
1285 512 1477 574 quam
1528 491 1846 556 communi
1892 492 2081 560 saluti
2124 515 2278 562 con-

223 586 398 652 sulitz
442 584 592 649 navi
626 584 796 649 enim
828 585 1032 649 fracta
1065 583 1248 648 multi
1279 584 1628 650 incolumes
1666 585 1949 665 fuerunt3
2004 609 2087 652 ex
2118 612 2277 654 nau-

165 745 172 750 ,
221 679 426 766 frag-io
475 678 718 766 patriae
771 677 985 744 salvus
1037 700 1226 744 nemo
1278 688 1493 764 potest
1553 689 1836 745 enatare:
1900 681 2073 764 quod
2121 683 2278 747 mihi

223 774 382 838 bene
418 772 666 838 videtur
698 772 942 838 Decius
976 771 1387 850 intellexisse,
1426 773 1535 858 qui
1572 796 1641 838 se
1678 775 2015 840 devovisse
2050 774 2277 839 dieitur

221 876 285 932 et
315 887 432 953 pro
465 867 826 953 legionibus
859 867 930 930 in
963 866 1168 932 hostis
1221 866 1565 934 immisisse
1608 868 1882 934 medios:
1936 867 2148 934 amisit
2182 869 2277 932 vi·-

219 971 378 1038 tam,
433 973 500 1026 at
531 983 662 1026 non
704 959 1008 1046 perdidit3
1063 981 1133 1024 re
1177 959 1348 1026 enim
1391 961 1503 1026 vili
1554 961 1947 1027 carissimam
1980 973 2046 1028 et
2077 985 2279 1050 parva

218 1055 566 1119 maximam
597 1054 896 1118 redemit:
951 1054 1147 1118 vitam
1182 1053 1383 1131 dedit,
1438 1056 1683 1142 accepit
1715 1055 2013 1142 patriam3
2066 1055 2278 1122 amisit

222 1147 526 1225 animam,
581 1146 822 1234 potitus
877 1158 976 1212 est
1026 1147 1322 1234 gloriam,
1377 1169 1739 1232 quaecum
1792 1173 2042 1216 summa
2088 1149 2277 1214 laude

221 1241 474 1328 prodita
508 1251 822 1306 vetustate
859 1241 1088 1306 cotidie
1122 1243 1329 1328 magis
1365 1243 1673 1309 enitescit.
1760 1244 1934 1328 quod
1966 1243 2024 1310 si
2055 1266 2171 1330 pro
2206 1265 2276 1308 re

219 1334 479 1420 publica
513 1335 738 1400 decere
776 1335 1080 1401 accedere
1114 1336 1467 1421 periculum
1498 1347 1565 1400 et
1596 1337 1839 1403 ratione
1885 1339 2278 1405 demonstrae

219 1438 356 1491 tum
417 1439 518 1494 est
577 1439 641 1493 et
703 1428 994 1514 exemplo
1055 1430 1587 1514 comprobatum,
1627 1431 1688 1494 ei
1745 1430 2065 1516 sapientes
2130 1441 2277 1496 sunt

221 1520 650 1597 existimandi,
714 1521 824 1604 qui
881 1521 1126 1584 nullum
1185 1543 1302 1605 pro
1365 1521 1569 1585 salute
1628 1523 1871 1607 patriae
1927 1523 2278 1609 pericu-lum

108 1697 109 1700 Ἴ
219 1612 462 1677 vitant!
557 1613 627 1676 in
676 1613 777 1676 his
826 1611 1023 1698 igitur
1073 1613 1416 1697 generibus
1470 1614 1771 1698 expolitio
1824 1625 2141 1694 versatur,
2193 1617 2276 1680 de
2319 1644 2373 1686 58

220 1727 348 1789 qua
377 1705 672 1792 producti
705 1727 947 1782 sumus,
981 1715 1054 1769 ut
1073 1704 1262 1790 ..plura
1289 1705 1662 1783 diceremus,
1700 1707 1871 1790 quod
1902 1730 2032 1773 non
2064 1709 2276 1785 mod0,

8 1228 19 1446 “j—*-

219 1821 366 1864 cum
402 1820 663 1864 causam
697 1798 994 1874 dicimus,
1051 1798 1310 1862 adiuvat
1345 1808 1411 1864 et
1441 1811 1709 1864 exornat
1744 1799 2118 1877 orationem,
2165 1800 2281 1866 sed

217 1893 418 1959 multo
453 1893 727 1959 maxime
759 1915 876 1978 per
911 1913 1054 1956 eam
1089 1913 1456 1969 exercemur
1482 1892 1574 1956 ‘ad
1608 1893 1978 1958 elocutionis
2014 1893 2279 1958 faculta-

219 1998 368 2054 tem.
463 1985 620 2073 [qua
659 2007 731 2050 re
775 1985 1110 2051 conveniet
1155 1997 1335 2050 extra
1379 2007 1640 2050 causam
1681 1987 1749 2050 in
1794 1987 2145 2052 exercendo
2178 2011 2279 2052 rap

219 2082 426 2148 tiones
471 2081 772 2146 adhibere
823 2078 1258 2165 expolitionis,
1311 2080 1379 2143 in
1424 2079 1690 2146 dicendo
1734 2081 1855 2158 uti,
1910 2103 2054 2146 cum
2097 2103 2281 2147 exor-

219 2177 514 2240 nabimus
567 2173 1208 2262 argumentationem,
1263 2195 1392 2258 qua
1436 2175 1515 2238 de
1558 2197 1627 2240 re
1674 2175 1947 2240 diximus
2000 2175 2068 2240 in
2117 2175 2278 2241 libro

223 2267 554 2356 secundo.]

347 2361 776 2428 commoratio
831 2372 960 2441 est,
1016 2384 1162 2427 cum
1209 2360 1280 2425 in
1329 2362 1471 2428 loco
1522 2363 1927 2441 firmissimo,
1970 2385 2093 2447 quo
2147 2373 2279 2429 tota
2313 2376 2385 2431 45
2411 2361 2427 2367 ’

224 2477 419 2520 causa
461 2454 842 2534 continetur,
895 2464 1188 2522 manetur
1213 2455 1469 2521 ‹diutius
1514 2467 1579 2521 et
1614 2458 1840 2523 eodem
1885 2457 2137 2542 saepius
2180 2481 2281 2521 re-

223 2548 410 2614 ditur.
497 2549 619 2615 hac
659 2549 754 2614 uti
795 2549 1072 2615 maxime
1119 2549 1415 2613 convenit
1458 2560 1523 2613 et
1560 2550 1631 2613 id
1657 2560 1773 2615 -est
1822 2539 2087 2615 oratoris
2130 2550 2283 2614 boni

219 2642 496 2707 maxime
529 2644 883 2729 proprium3
927 2665 1058 2707 non
1093 2641 1264 2707 enim
1300 2640 1487 2705 datur
1520 2642 1791 2707 auditori
1824 2652 2108 2727 potestas
2146 2642 2281 2705 ani-

221 2758 399 2799 mum
434 2736 514 2800 de
547 2758 618 2799 re
651 2735 1016 2799 firmissima
1049 2734 1447 2801 demovendi.
1532 2734 1683 2800 huic
1714 2735 2089 2820 exemplum
2116 2735 2279 2799 *satis

221 2830 524 2896 idoneum
563 2828 764 2893 subici
797 2850 927 2893 non
961 2828 1187 2913 potuit,
1219 2838 1559 2915 propterea
1594 2828 1767 2911 quod
1790 2828 1898 2891 hic
1938 2828 2115 2893 locus
2150 2850 2282 2893 non

224 2934 326 2988 est
359 2945 400 2986 a
433 2931 568 2987 tota
599 2942 794 2987 causa
827 2932 1184 3008 separatus,
1231 2921 1417 2989 sicuti
1449 2921 1803 2987 membrum
1834 2920 2120 3005 aliquod,
2166 2921 2284 2986 sed

224 3027 549 3099 tamquam
577 3016 836 3103 sanguis
861 3016 1162 3102 perfusus
1200 3025 1299 3082 est
1323 3038 1439 3102 per
1466 3024 1669 3079 totum
1703 3036 1931 3101 corpus
1960 3013 2281 3081 orationis.

331 3110 690 3178 Contentio
716 3122 853 3190 est,
887 3134 1004 3199 per
1039 3134 1231 3197 quam
1265 3109 1580 3177 contraria
1609 3110 1985 3173 referuntur.
2074 3131 2151 3173 ea
2186 3120 2286 3175 est

223 3208 293 3273 in
344 3208 714 3273 verborum*
733 3206 1278 3283 exornationibus,
1341 3214 1414 3268 ut
1464 3213 1611 3268 ante
1672 3203 2031 3282 docuimus,
2094 3200 2283 3267 huius

225 3301 428 3368 modi:
477 3301 772 3367 ‘inimicis
810 3312 872 3367 te
907 3300 1312 3388 placabilem,
1351 3297 1571 3363 amicis
1614 3298 2068 3389 inexorabilem
2100 3320 2285 3383 prae-

225 3396 400 3473 bes3’
440 3395 508 3461 in
540 3396 997 3462 sententiarum
1030 3394 1218 3459 huius
1243 3393 1447 3457 modi:
1486 3398 1629 3459 ‘vos
1656 3392 1842 3457 huius
1868 3392 2283 3458 incommodis

10 3526 11 3529 ¹
227 3491 462 3577 lugetis
475 3539 492 3567 ,
545 3491 669 3555 iste
701 3490 795 3555 rei
828 3489 1122 3576 publicae
1157 3486 1515 3551 calamitate
1553 3486 1851 3566 laetatur3
1904 3508 2020 3552 vos
2056 3484 2283 3551 vestris

229 3584 500 3650 fortunis
530 3582 834 3661 diffiditis,
869 3584 991 3649 iste
1021 3581 1195 3646 solus
1225 3580 1358 3647 suis
1397 3603 1474 3646 eo
1508 3582 1714 3669 magis
1753 3579 2049 3646 confidit.’
2120 3578 2285 3641 inter

9 3596 34 3764 l
230 3677 390 3743 haec
426 3678 552 3742 duo
588 3676 1006 3742 contentionis
1021 3696 1273 3761 ,genera
1305 3673 1429 3741 hoc
1461 3675 1752 3742 interest:
1787 3673 1946 3739 illud
1969 3695 2051 3738 ex
2075 3668 2284 3735 verbis

235 3772 520 3837 celeriter
551 3770 767 3836 relatis
795 3779 1064 3847 constat,
1099 3768 1204 3833 hic
1231 3768 1581 3835 sententiae
1617 3766 1965 3835 contrariae
2000 3786 2082 3829 ex
2115 3784 2287 3828 com-

231 3866 558 3951 paratione
595 3865 952 3930 referantur
985 3872 1252 3949 oportet.

358 3956 720 4025 Similitudo
755 3968 854 4023 est
867 4008 872 4013 .
887 3957 1088 4035 oratio
1123 3957 1461 4023 traducens
1498 3956 1583 4021 ad
1614 3977 1749 4021 rem
1778 3948 2140 4037 quampiam
2164 3946 2287 4013 011-
2329 3973 2382 4015 50

235 4051 391 4136 quid
425 4076 506 4117 ex
539 4076 609 4117 re
646 4052 886 4140 dispari
921 4051 1146 4117 simile.
1235 4073 1314 4116 ea
1349 4050 1617 4117 sumitur
1652 4057 1763 4111 aut
1796 4042 2062 4111 ornandi
2094 4063 2291 4109 causa

231 4157 346 4210 aut
370 4147 682 4231 probandi
711 4157 820 4211 aut
847 4146 1124 4233 apertius
1150 4143 1403 4210 dicendi
1430 4154 1537 4209 aut
1574 4150 1719 4207 ante
1746 4138 1963 4206 oculos
1988 4136 2285 4226 ponendi.
2340 4234 2343 4239 .

8 2530 10 2534 ·
10 2518 11 2521 „
8 2436 25 2469 *¹2*
8 2422 11 2429 >
8 2293 20 2417 ··*-t-‘
