2784 4575
497 258 584 323 32
991 268 1411 326 CORNIFICII
1445 266 2071 327 RHETORICORUM

495 416 658 479 quae
699 393 898 481 pluris
942 414 1046 459 res
1095 391 1435 478 significat,
1492 390 1811 457 abutimur
1850 414 1969 477 pro
2012 402 2185 457 certo
2235 390 2425 456 unius
2460 392 2559 457 rei

497 489 710 575 signo,
763 489 882 553 hoc
925 488 1145 553 modo:
1201 492 1493 551 ‘necesse
1538 497 1663 563 est,
1710 486 2011 571 quoniam
2048 486 2272 573 pailet,
2329 508 2561 572 aegro-

495 584 724 661 tasse3'
789 593 926 647 aut:
991 588 1284 647 ‘necesse
1347 592 1447 647 est
1505 582 1858 667 peperisse,
1922 581 2221 666 quoniam
2282 582 2559 647 sustinet

491 697 760 765 puerum
811 676 1160 741 infantem?
1267 698 1418 739 nam
1471 676 1630 740 haec
1684 698 1802 740 sua
1854 688 2079 762 sponte
2132 688 2305 741 certa
2366 676 2559 763 signa

493 793 622 836 non
667 772 930 849 habent,
987 769 1086 833 sin
1137 779 1347 833 cetera
1390 790 1642 853 quoque
1690 768 1919 833 similia
1960 782 2368 849 concurrunt,
2418 794 2557 837 non

492 866 650 931 nihil
693 866 864 943 illius
908 864 1081 930 modi
1128 863 1314 951 signa
1365 864 1687 950 adaugent
1738 864 2173 950 suspitionem.
2258 865 2414 931 item
2454 867 2559 931 vi·-

493 960 728 1027 tiosum
779 970 907 1036 est,
961 980 1108 1023 cum
1159 958 1262 1023 vel
1312 958 1381 1022 in
1434 958 1628 1022 alium
1678 958 1782 1023 vel
1832 958 1901 1022 in
1952 980 2098 1023 eum
2146 960 2387 1047 ipsum,
2441 962 2557 1044 qui

494 1054 673 1132 dicit,
728 1054 899 1138 quod
947 1054 1016 1116 in
1061 1052 1494 1117 adversarium
1530 1051 1709 1130 dicit,
1762 1063 1975 1138 potest
2010 1054 2374 1131 convenire,
2426 1053 2557 1119 hoc

493 1149 715 1213 modo:

622 1260 708 1315 A.
746 1249 962 1314 miseri
998 1261 1171 1326 sunt,
1215 1249 1328 1333 qui
1361 1270 1595 1315 uxores
1642 1249 1898 1314 ducunt.
1985 1249 2067 1314 Β.
2106 1260 2172 1313 at
2206 1260 2275 1315 tu
2312 1249 2553 1315 duxisti

1009 1344 1290 1408 alteram.

488 1448 641 1512 item
676 1445 976 1512 vitiosum
1011 1458 1110 1511 est
1143 1446 1238 1524 id,
1287 1444 1462 1530 quod
1494 1445 1821 1533 volgarem
1862 1445 2055 1509 habet
2091 1444 2555 1524 defensionem,

490 1542 611 1607 hoc
645 1540 865 1607 modo:
914 1540 1269 1605 ‘iracundia
1304 1541 1614 1605 deductus
1650 1540 1939 1627 peccavit
1974 1551 2082 1605 aut
2117 1538 2554 1607 adulescentia

492 1646 602 1701 aut
625 1636 878 1702 amore?
949 1636 1138 1701 huius
1173 1635 1347 1701 modi
1382 1636 1550 1700 enim
1580 1633 2055 1721 deprecationes
2094 1634 2149 1699 si
2183 1634 2553 1721 probabun-

471 1743 620 1809 -tur,
664 1731 922 1818 impune
965 1730 1248 1795 maxima
1287 1741 1553 1816 peccata
1588 1729 1963 1793 dilabentur.
2050 1730 2200 1794 item
2246 1730 2549 1795 vitiosum

488 1835 615 1903 est,
671 1847 816 1890 cum
861 1824 1014 1908 quid
1065 1846 1181 1911 pro
1227 1846 1303 1890 eo
1351 1824 1645 1899 sumitur,
1700 1824 1872 1931 qupd
1920 1822 2085 1888 inter
2135 1824 2339 1890 omnis
2394 1846 2552 1889 con-
2584 1880 2595 1886 -

489 1930 640 1997 stet,
677 1918 850 2002 quod
884 1918 1077 1983 etiam
1109 1937 1279 1980 nunc
1312 1916 1381 1980 in
1417 1915 1845 1981 controversia
1879 1928 2005 1994 est,
2042 1916 2165 1983 hoc
2198 1919 2417 1983 modo.

615 2036 736 2101 eho
772 2046 870 2113 tu,
917 2035 1010 2113 di,
991 2034 1286 2191 &qfffibus
1323 2045 1423 2099 est
1454 2044 1738 2122 potestas
1772 2048 1983 2103 motus
2022 2060 2320 2147 superum
2355 2048 2549 2122 atque

1011 2128 1078 2193 in
1109 2150 1306 2206 erum,

614 2244 839 2310 pacem
869 2221 1035 2287 inter
1070 2245 1212 2287 sese
1249 2222 1615 2303 conciliant,
1653 2224 1988 2293 conferunt
2024 2224 2443 2292 concordiam.

485 2357 635 2399 nam
667 2335 758 2400 ita
789 2358 908 2421 pro
955 2358 1071 2401 suo
1106 2334 1244 2400 iure
1288 2335 1411 2400 hoc
1456 2336 1749 2422 exemplo
1792 2346 2077 2401 utentem
2112 2335 2543 2423 Thesprotum

484 2429 734 2494 Ennius
795 2429 1072 2508 induxit,
1135 2430 1320 2513 quasi
1379 2429 1511 2494 iam
1571 2430 1728 2496 satis
1796 2431 1985 2495 certis
2050 2430 2399 2497 rationibus
2450 2431 2545 2493 ita

387 2549 440 2590 ιο
489 2547 633 2591 esse
669 2524 1187 2590 demonstrasset.
1275 2511 1429 2589 item
1464 2523 1765 2590 vitiosum
1810 2536 1935 2602 est,
1984 2525 2215 2609 quod
2196 2549 2325 2590 iam
2360 2523 2543 2609 quasi

485 2641 627 2687 sero
663 2631 852 2705 atque
889 2631 1030 2686 acto
1055 2619 1314 2707 negotio
1350 2619 1475 2684 dici
1514 2619 1783 2698 videtur,
1821 2620 1943 2686 hoc
1977 2621 2195 2686 modo:
2236 2621 2329 2685 ‘in
2363 2643 2543 2684 men-
2589 2643 2601 2649 ·

483 2728 613 2781 tem
646 2713 802 2782 mihi
838 2715 893 2780 si
937 2714 1246 2794 venisset,
1295 2713 1610 2798 Quirites,
1648 2736 1778 2779 non
1824 2713 2314 2792 commisissem,
2366 2725 2440 2777 ut
2473 2713 2543 2778 in

483 2810 652 2873 hunc
685 2809 894 2874 locum
928 2832 1032 2874 res
1067 2808 1340 2886 veniret3
1385 2831 1537 2872 nam
1579 2807 1701 2873 hoc
1747 2818 1857 2872 aut
1897 2807 2020 2872 hoc
2054 2808 2379 2885 fecissem,
2426 2807 2542 2870 sed

481 2923 586 2966 me
622 2913 758 2966 tum
799 2902 960 2968 ratio
1005 2903 1212 2988 fugit?
1298 2903 1453 2968 item
1487 2903 1787 2967 vitiosum
1840 2909 1965 2977 est,
2022 2921 2168 2964 cum
2219 2901 2313 2978 id,
2368 2902 2541 2985 quod

483 2995 550 3057 in
587 3005 804 3079 aperto
841 2993 1068 3058 delicto
1103 2995 1382 3098 positum
1418 3007 1536 3071 est,
1574 3005 1785 3058 tamen
1822 2992 2035 3075 aliqua
2060 2991 2293 3078 tegitur
2321 2993 2543 3058 defen-

487 3087 691 3162 sione,
729 3086 851 3149 hoc
885 3087 1104 3150 modo:

656 3215 800 3258 cum
835 3206 897 3260 te
933 3197 1313 3280 expetebant
1349 3219 1599 3272 omnes,
1636 3193 2083 3261 florentissimo

653 3312 852 3375 regno
887 3289 1138 3373 reliqui:
1174 3312 1344 3368 nunc
1379 3291 1701 3356 desertum
1738 3289 1818 3355 ab
1854 3289 2149 3356 omnibus

659 3406 904 3448 summo
941 3383 1176 3469 periclo
1213 3384 1351 3450 sola
1383 3397 1456 3450 ut
1486 3384 1819 3464 restituam
1854 3382 2029 3471 paro.

379 3507 450 3562 26
481 3493 636 3559 item
678 3492 976 3581 vitiosum
1013 3507 1138 3572 est,
1185 3497 1357 3579 quod
1389 3495 1458 3560 in
1494 3495 1681 3560 aliam
1724 3506 1971 3582 partem
2016 3517 2091 3560 ac
2134 3495 2371 3562 dictum
2416 3508 2535 3575 est,

486 3600 699 3675 potest
751 3589 968 3675 accipi.
1074 3589 1142 3654 id
1199 3603 1298 3655 est
1346 3590 1535 3656 huius
1587 3591 1789 3668 modi,
1850 3601 1925 3655 ut
1977 3590 2032 3655 si
2084 3590 2223 3675 quis
2280 3591 2534 3655 dixerit:

485 3683 712 3749 ‘satius
751 3695 849 3749 est
881 3685 976 3749 uti
1010 3684 1269 3770 regibus
1297 3707 1489 3768 quam
1522 3685 1616 3749 uti
1650 3684 1833 3750 malis
1868 3684 2119 3773 legibus
2130 3685 2177 3762 3’
2214 3705 2364 3748 nam
2390 3682 2535 3762 hoc,

482 3778 734 3844 tametsi
759 3778 852 3844 rei
879 3779 1209 3865 augendae
1237 3799 1431 3844 causa
1458 3790 1669 3866 potest
1696 3779 1831 3845 sine
1866 3779 2105 3844 malitia
2141 3777 2282 3854 dici,
2320 3789 2533 3842 tamen

481 3885 738 3958 propter
778 3873 1128 3958 potentiam
1179 3872 1346 3952 eius,
1402 3897 1527 3958 quo
1576 3874 1655 3948 de
1696 3874 1763 3938 id
1818 3873 2071 3949 dicitur,
2124 3892 2255 3936 non
2306 3870 2534 3936 dicitur

387 3990 442 4030 ιι
487 3963 622 4028 sine
667 3967 862 4031 atroci
908 3967 1276 4053 suspitione.
1363 3967 1518 4033 item
1558 3968 1861 4032 vitiosum
1897 3977 1995 4031 est
2037 3964 2215 4028 falsis
2253 3976 2362 4029 aut
2396 3965 2531 4030 vol-

483 4057 740 4142 garibus
791 4059 1260 4127 definitionibus
1313 4063 1426 4128 uti.
1524 4061 1725 4126 falsae
1781 4070 1931 4124 sunt
1978 4057 2167 4123 huius
2220 4060 2419 4125 modi:
2476 4059 2531 4123 si
