2784 4575
729 328 836 383 m:
871 318 1357 386 mvEN‘rIoNE
1392 327 1470 383 11.
1505 327 1745 385 89-95.
2138 312 2263 383 181

205 450 366 519 ratio
403 460 530 517 est:
587 456 745 517 ‘non
781 450 950 517 enim
1000 474 1216 517 meum
1259 450 1382 515 fuit
1421 450 1704 517 officium
1745 471 1865 516 nec
1896 473 2043 517 mea
2083 464 2270 540 pote-

207 558 361 625 stas,
399 568 545 613 cum
579 556 643 611 et
675 546 744 611 id
779 545 1003 611 aetatis
1041 556 1106 610 et
1137 545 1422 632 privatus
1460 568 1671 611 essem
1706 557 1771 612 et
1806 558 1981 612 esset
2014 568 2265 613 summa

201 662 350 707 cum
393 640 762 707 auctoritate
807 652 872 707 et
915 650 1232 727 potestate
1283 639 1655 727 imperator,
1708 640 1821 725 qui
1870 640 2142 720 videret,
2192 652 2267 711 ut

203 737 358 803 satis
395 736 734 803 honestum
767 737 996 803 foedus
1022 736 1353 803 feriretur?
1408 734 1748 801 infirmatio
1784 747 1911 802 est:
1950 742 2047 801 ‘at
2074 735 2263 816 enim,

200 831 502 917 quoniam
559 830 878 918 particeps
934 841 1002 896 tu
1063 831 1270 897 factus
1323 854 1394 897 es
1449 831 1518 895 in
1575 831 1943 919 turpissimo
2004 831 2264 899 foedere

202 948 488 993 summae
519 925 877 1013 religionis,
915 925 1063 991 dedi
1095 936 1160 991 te
1199 924 1533 991 convenit?
1620 925 1917 991 iudicatio
1955 936 2081 992 este
2118 946 2265 991 cum

201 1021 280 1099 is,
319 1020 427 1105 qui
460 1019 795 1107 potestatis
831 1020 988 1085 nihil
1024 1020 1344 1099 habuerit,
1379 1020 1563 1085 iussu
1595 1019 1992 1108 imperatoris
2026 1020 2095 1085 in
2129 1020 2267 1087 foe-

205 1115 358 1179 dere
418 1125 485 1179 et
531 1114 600 1178 in
661 1125 839 1179 tanta
897 1113 1204 1201 religione
1261 1112 1648 1193 interfuerit,
1711 1114 2121 1180 dedendusne
2183 1115 2267 1181 sit

205 1208 496 1273 hostibus
543 1206 846 1296 [necne]?
905 1208 1030 1275 hoc
1071 1230 1274 1295 genus
1319 1230 1550 1274 causae
1595 1228 1740 1273 cum
1786 1208 2109 1294 superiore
2142 1208 2267 1275 hoc

205 1301 444 1381 differt,
499 1303 671 1387 quod
713 1302 781 1367 in
831 1302 940 1368 illo
995 1303 1284 1368 concedit
1329 1326 1399 1369 se
1442 1324 1591 1367 reus
1645 1302 1999 1389 oportuisse
2052 1299 2265 1369 facere

203 1395 303 1473 id,
355 1398 526 1480 quod
565 1395 704 1463 fieri
747 1394 919 1461 dicat
967 1408 1298 1463 accusator
1341 1396 1729 1483 oportuisse,
1786 1397 1900 1462 sed
1944 1396 2143 1463 alicui
2170 1397 2265 1463 rei

203 1499 316 1555 aut
357 1489 597 1555 homini
651 1512 910 1555 causam
953 1490 1265 1569 attribuit,
1315 1513 1483 1575 quae
1526 1490 1835 1556 voluntati
1879 1513 2030 1557 suae
2074 1491 2267 1557 fuerit

202 1583 654 1671 impedimento
685 1582 820 1649 sine
847 1584 1274 1649 concessionis
1301 1584 1610 1671 partibus,
1646 1606 1797 1650 nam
1822 1606 2040 1650 earum
2065 1585 2267 1651 maior

203 1678 517 1763 quaedam
569 1677 668 1742 vis
714 1688 841 1756 est,
895 1678 1065 1763 quod
1115 1678 1306 1763 paulo
1347 1689 1499 1765 post
1549 1678 1977 1765 intellegetur3
2029 1680 2097 1743 in
2142 1677 2265 1745 hoc
2306 1702 2359 1743 ss

203 1782 417 1839 autem
449 1794 579 1839 non
625 1792 924 1838 accusare
969 1772 1236 1839 alterum
1269 1794 1391 1839 nec
1434 1772 1687 1860 culpam
1720 1773 1789 1837 in
1832 1772 2025 1837 alium
2060 1784 2269 1838 trans-

201 1868 367 1933 ferre
424 1867 642 1946 debet,
698 1867 814 1932 sed
867 1868 1300 1933 demonstrare
1347 1890 1490 1934 eam
1532 1890 1668 1935 rem
1719 1866 1877 1933 nihil
1922 1867 2004 1932 ad
2038 1889 2109 1933 se
2146 1888 2267 1933 nec

199 1963 284 2028 ad
335 1972 717 2048 potestatem
769 1984 974 2046 neque
1020 1962 1102 2027 ad
1147 1961 1428 2028 officium
1482 1982 1668 2027 suum
1718 1961 2101 2047 pertinuisse
2156 1971 2267 2027 aut

201 2057 535 2142 pertinere.
635 2068 826 2141 atque
859 2057 928 2123 in
967 2056 1091 2122 hoc
1135 2079 1368 2143 genere
1423 2056 1545 2123 hoc
1590 2056 1819 2122 accidit
1860 2054 2039 2133 novi,
2094 2055 2265 2139 quod

201 2162 528 2217 accusator
562 2172 817 2235 quoque
850 2172 1043 2238 saepe
1080 2174 1161 2216 ex
1182 2148 1541 2218 'remotione
1578 2150 2078 2217 criminationem
2114 2172 2265 2217 con-

201 2243 361 2322 ficit,
405 2256 506 2322 ut,
561 2245 619 2310 si
651 2244 762 2330 qui
796 2267 942 2311 eum
977 2259 1260 2324 accuset,
1307 2246 1445 2330 qui,
1494 2267 1640 2311 cum
1673 2255 1929 2332 praetor
1962 2252 2161 2323 esset,
2196 2242 2264 2308 in

199 2338 669 2424 expeditionem
719 2339 816 2403 ad·
855 2362 1032 2405 arma
1078 2341 1385 2425 populum
1438 2340 1707 2418 vocarit,
1770 2362 1917 2404 cum
1966 2338 2263 2404 consules

201 2443 443 2511 essent3
498 2455 650 2498 nam
681 2443 756 2498 ut
787 2433 856 2498 in
891 2433 1214 2521 superiore
1258 2434 1553 2521 exemplo
1596 2456 1743 2500 reus
1782 2435 1863 2500 ab
1900 2455 2016 2498 suo
2052 2431 2265 2498 officio

200 2538 267 2592 et
301 2549 341 2592 a
374 2538 692 2614 potestate
726 2527 966 2593 factum
1001 2527 1409 2605 demovebat,
1449 2528 1541 2592 sic
1573 2528 1641 2592 in
1674 2527 1797 2592 hoc
1832 2527 1915 2591 ab
1950 2526 2087 2591 eius
2122 2525 2265 2590 offi-

201 2619 301 2685 cio
354 2643 429 2685 ac
481 2631 796 2707 potestate
809 2669 828 2698 ,
881 2620 991 2704 qui
1045 2631 1406 2698 accusatur,
1459 2620 1599 2706 ipse
1651 2629 1981 2684 accusator
2025 2619 2266 2683 factum

199 2714 586 2780 removendo
622 2712 746 2777 hac
778 2713 922 2800 ipsa
961 2713 1206 2779 ratione
1248 2713 1581 2779 confirmat
1623 2712 2109 2778 accusationem.
2197 2711 2267 2774 in
2307 2735 2361 2776 94

200 2809 323 2874 hac
377 2810 458 2874 ab
510 2819 780 2891 utroque
835 2831 916 2874 ex
967 2807 1262 2874 omnibus
1322 2807 1611 2894 partibus
1664 2806 2015 2873 honestatis
2068 2815 2135 2872 et
2184 2827 2269 2872 ex

201 2903 496 2970 omnibus
549 2902 837 2968 utilitatis
893 2900 1200 2988 exemplis
1213 2950 1232 2980 ,
1297 2901 1529 2989 signis,
1590 2899 2051 2978 ratiocinando,
2114 2897 2267 2985 quid

197 2997 506 3082 cuiusque
542 2997 764 3076 officii,
809 2996 964 3063 iuris
977 3045 996 3075 ,
1048 2996 1382 3084 potestatis
1420 2995 1531 3074 sit,
1580 2995 1798 3080 quaeri
1832 2993 2148 3083 oportebit
2180 3003 2263 3074 et,

197 3093 470 3158 fueritne
521 3091 609 3170 ei,
675 3114 800 3177 quo
855 3091 936 3158 de
989 3102 1242 3180 agetur,
1292 3091 1362 3156 id
1412 3088 1597 3169 iuris,
1654 3089 1875 3168 officii,
1928 3088 2263 3177 potestatis

197 3187 566 3254 attributum
618 3209 839 3255 necne.
937 3187 1115 3254 locos
1169 3199 1382 3253 autem
1436 3185 1789 3267 communis
1845 3205 1927 3252 ex
1977 3184 2121 3271 ipsa
2169 3205 2260 3262 re,

198 3281 254 3346 si
317 3281 470 3366 quid
527 3280 983 3369 indignationis
1045 3290 1154 3346 aut
1215 3279 1687 3366 conquestionis
1748 3278 2035 3357 habebit,
2100 3276 2265 3344 sumi

197 3375 536 3461 oportebit.

323 3465 672 3533 Concessio
708 3481 834 3547 est,
888 3492 1004 3556 per
1039 3491 1230 3553 quam
1263 3491 1396 3536 non
1439 3470 1681 3535 factum
1714 3467 1927 3558 ipsum
1960 3468 2263 3554 probatur
2296 3479 2365 3534 31

199 3563 284 3630 ab
317 3584 458 3640 reo,
513 3561 628 3626 sed
661 3573 732 3627 ut
763 3562 1159 3652 ignoscatur,
1213 3563 1281 3628 id
1323 3565 1585 3652 petitur-3
1642 3563 1821 3629 cuius
1866 3571 2079 3649 partes
2116 3571 2267 3626 sunt

198 3659 390 3736 duae,
443 3655 740 3744 purgatio
791 3669 884 3724 et
906 3658 1288 3745 deprecatio.
1375 3657 1671 3769 purgatio
1724 3668 1851 3736 est,
1903 3677 2019 3743 per
2072 3675 2264 3738 quam

196 3752 363 3830 eius,
401 3751 511 3836 qui
547 3763 907 3831 accusatur,
951 3774 1082 3818 non
1115 3752 1411 3818 factum
1389 3775 1632 3840 ipsum,
1670 3752 1788 3818 sed
1820 3750 2115 3817 voluntas
2154 3747 2265 3814 de-

197 3801 494 3912 fenditur.
601 3869 679 3912 ea
728 3847 924 3914 habet
969 3847 1170 3934 partis
1231 3847 1378 3926 tris,
1440 3844 1957 3934 imprudentiam,
2022 3864 2262 3920 casum,
2334 3877 2337 3880 ⁴

197 3939 751 4007 necessitudinem.
838 3940 1266 4028 imprudentia
1297 3952 1426 4020 est,
1472 3963 1618 4006 cum
1662 3938 1861 4004 scisse
1909 3935 2201 4020 aliquid
2180 3959 2257 4013 1s,
2301 3959 2358 4002 95

199 4034 309 4118 qui
361 4035 672 4121 arguitur,
728 4047 1028 4124 negatur3
1090 4049 1165 4103 ut
1216 4036 1388 4124 apud
1438 4034 1751 4120 quosdam
1800 4031 1908 4096 lex
1960 4042 2125 4098 erat:
2177 4052 2259 4095 ne

197 4128 342 4214 quis
377 4127 630 4196 Dianae
663 4131 932 4203 vitulum
961 4131 1350 4196 immolaret:
1404 4138 1637 4194 nautae
1671 4125 1930 4211 quidam
1964 4147 2112 4194 cum
2146 4125 2259 4192 ad-
