2784 4575
499 192 629 260 322
1115 196 1195 251 M.
1232 193 1506 252 TULLII
1541 187 1944 247 CICERONIS

390 357 469 398 184
502 336 693 392 cantu
744 319 1145 410 spoliaveris,
1198 317 1371 383 nuda
1415 335 1620 402 paene
1670 323 1956 378 remanet
2007 308 2238 388 oratio;
2297 328 2622 395 'quorum

504 416 734 484 similia
768 426 919 481 sunt
968 411 1281 498 quaedam
1324 409 1517 474 etiam
1568 405 1740 492 apud
1779 414 2066 482 nostros,
2118 403 2303 468 velut
2359 402 2498 468 ille
2552 404 2620 468 in

502 511 820 595 Thyeste:

592 620 933 690 quemnam
966 607 1031 664 te
1066 618 1210 662 esse
1245 594 1490 660 dicam?
1525 590 1636 678 qui
1669 590 1851 656 tarda
1883 589 1952 655 in
1987 600 2245 656 senecta
2281 637 2412 656 ....

506 709 574 765 et
606 718 769 782 quae
806 701 1183 777 sequuntur,
1227 711 1420 773 quae,
1461 685 1588 752 nisi
1621 706 1768 751 cum
1801 683 2036 750 tibicen
2071 683 2382 762 accessit,
2452 706 2608 749 ora?

505 789 695 858 tionis
732 797 881 853 sunt
916 785 1159 851 solutae
1207 781 1544 848 simillima.
1635 786 1702 842 at
1733 776 2118 844 comicorum
2153 775 2402 842 senarii
2443 799 2603 864 pro-

504 894 647 972 pter
700 879 1177 948 similitudinem
1230 873 1540 942 sermonis
1593 871 1688 938 sic
1739 892 1932 960 saepe
1985 881 2134 936 sunt
2183 870 2472 948 abiecti,
2531 883 2600 935 ut

504 1000 638 1043 non
693 995 1041 1059 numquam
1104 970 1216 1035 vix
1264 970 1333 1034 in
1384 967 1476 1034 eis
1530 989 1830 1032 numerus
1883 976 1951 1032 et
1997 987 2222 1030 versus
2283 963 2594 1051 intellegi

507 1069 741 1160 possit3
808 1091 934 1155 quo
986 1074 1089 1132 est
1138 1064 1222 1130 ad
1278 1061 1730 1128 inveniendum
1789 1059 2104 1126 difficilior
2153 1059 2222 1124 in
2284 1057 2588 1125 oratione

406 1194 484 1236 iss
509 1186 808 1232 numerus
870 1184 1062 1246 quam
1111 1159 1181 1224 in
1242 1157 1556 1224 versibus.
1659 1154 1915 1221 omnino
1977 1153 2104 1218 duo
2166 1162 2355 1231 sunt,
2417 1175 2590 1238 quae

511 1257 808 1324 condiant
862 1255 1238 1331 orationem,
1303 1251 1642 1316 verborum
1699 1268 2231 1340 numerorumque
2281 1245 2590 1312 iucundi-

511 1362 641 1416 tas:
692 1351 761 1415 in
794 1348 1004 1416 verbis
1047 1347 1215 1414 inest
1266 1344 1453 1430 quasi
1504 1343 1768 1410 materia
1811 1343 2151 1427 quaedam,
2203 1340 2272 1405 in
2305 1364 2586 1407 numero

512 1454 727 1509 autem
790 1441 1125 1529 expoliti03
1219 1439 1335 1506 sed
1384 1449 1463 1503 ut
1522 1436 1746 1503 ceteris
1798 1436 1867 1501 in
1914 1436 2108 1500 rebus
2169 1435 2586 1500 necessitatis

511 1537 773 1604 inventa
812 1535 1167 1622 antiquiora
1210 1543 1359 1600 sunt
1413 1554 1605 1618 quam
1653 1529 2025 1618 voluptatis,
2077 1529 2170 1594 ita
2217 1527 2286 1593 in
2331 1527 2462 1594 hac
2515 1552 2586 1594 re

516 1631 773 1708 accidit,
824 1641 897 1697 ut
936 1629 1152 1696 multis
1191 1628 1464 1694 saeculis
1500 1637 1648 1692 ante
1699 1625 1899 1691 oratio
1951 1623 2126 1690 nuda
2159 1643 2235 1689 ac
2273 1622 2460 1689 rudis
2501 1625 2585 1688 ad

516 1721 689 1790 solos
726 1722 1083 1786 animorum
1114 1745 1342 1788 sensus
1378 1720 1824 1810 exprimendos
1852 1718 2044 1784 fuerit
2073 1729 2342 1806 reperta,
2383 1739 2582 1802 quam

512 1816 675 1882 ratio
718 1836 1123 1880 numerorum
1176 1833 1373 1876 causa
1415 1814 1848 1881 delectationis
1894 1813 2140 1879 aurium
2183 1812 2548 1900 excogitata
2554 1837 2577 1890 3

405 1937 483 1980 iss
516 1909 729 1994 itaque
764 1921 829 1975 et
842 1931 847 1948 ¹
860 1907 1229 1975 Herodotus
1267 1916 1333 1970 et
1374 1908 1598 1970 eadem
1641 1907 2052 1995 superiorque
2087 1917 2256 1974 aetas
2297 1927 2576 1970 numero

519 2000 747 2080 caruit,
790 2001 917 2070 nisi
952 1997 1204 2084 quando
1238 2008 1477 2063 temere
1513 2020 1590 2062 ac
1621 1999 1915 2081 fortuito5
1955 2011 2022 2067 et
2056 2001 2371 2087 scriptores
2403 2020 2564 2084 per-

518 2105 766 2160 veteres
813 2093 895 2158 de
936 2113 1201 2157 numero
1234 2089 1396 2154 nihil
1446 2091 1732 2171 omnino,
1787 2095 1868 2160 de
1899 2095 2175 2162 oratione
2217 2102 2574 2179 praecepta

515 2187 718 2252 multa
748 2184 933 2251 nobis
968 2185 1383 2270 reliquerunt,
1427 2208 1576 2250 nam
1608 2185 1783 2270 quod
1815 2199 1881 2252 et
1910 2189 2162 2255 facilius
2204 2197 2302 2254 est
2331 2197 2402 2252 et
2429 2204 2576 2252 ma-

412 2297 482 2351 56
516 2279 616 2367 gis
668 2278 1125 2359 necessarium,
1187 2277 1256 2345 id
1308 2302 1560 2367 semper
1619 2290 1766 2345 ante
1836 2283 2255 2367 cognoscitur.
2357 2280 2574 2367 itaque

516 2374 744 2439 tralata
796 2384 907 2439 aut
956 2374 1127 2439 faeta
1179 2384 1290 2440 aut
1338 2373 1555 2439 iuncta
1603 2374 1800 2439 verba
1859 2374 2048 2439 facile
2100 2388 2249 2443 sunt
2299 2376 2572 2463 cognita,

517 2468 667 2555 quia
710 2468 1121 2535 sumebantur
1164 2491 1201 2534 e
1248 2466 1706 2534 consuetudine
1759 2467 2199 2555 cotidianoque
2251 2494 2572 2549 sermone3

514 2584 815 2629 numerus
854 2573 1067 2629 autem
1100 2585 1232 2630 non
1265 2562 1456 2629 domo
1513 2561 2000 2648 depromebatur
2048 2586 2257 2648 neque
2301 2564 2577 2631 habebat

516 2656 793 2741 aliquam
843 2656 1379 2725 necessitudinem
1432 2667 1542 2720 aut
1596 2656 2038 2745 cognationem
2079 2678 2226 2722 cum
2271 2659 2579 2738 oratione3

512 2749 729 2835 itaque
781 2751 983 2817 serius
1038 2752 1359 2836 aliquanto
1411 2760 1668 2817 notatus
1703 2762 1770 2816 et
1811 2752 2102 2839 cognitus
2147 2750 2332 2837 quasi
2375 2772 2579 2836 quan-

516 2843 667 2907 dam
700 2843 1101 2929 palaestram
1150 2856 1217 2911 et
1266 2854 1552 2911 extrema
1599 2844 1966 2911 liniamenta
2026 2844 2294 2912 orationi
2345 2846 2576 2911 attulit.

406 2962 479 3003 187
519 2934 749 3019 quodsi
798 2948 865 3002 et
915 2948 1191 3026 angusta
1253 2938 1568 3023 quaedam
1629 2950 1818 3023 atque
1879 2939 2134 3005 concisa
2183 2950 2250 3005 et
2301 2938 2428 3003 alia
2477 2950 2582 3004 est

516 3030 779 3094 dilatata
830 3042 895 3097 et
946 3032 1093 3097 fusa
1159 3032 1389 3110 oratio,
1454 3053 1717 3099 necesse
1770 3028 1898 3097 est'
1927 3033 1996 3097 id
2043 3052 2175 3100 non
2225 3033 2580 3099 litterarum

516 3122 803 3189 accidere
837 3135 1093 3203 natura,
1148 3124 1263 3189 sed
1296 3123 1772 3191 intervallorum
1815 3126 2150 3213 longorum
2185 3137 2250 3193 et
2283 3126 2576 3192 brevium

427 3240 435 3247 ’·
515 3214 847 3297 varietate3
903 3219 1130 3303 quibus
1171 3217 1496 3304 implicata
1530 3230 1718 3304 atque
1769 3221 2084 3307 permixta
2134 3220 2334 3287 oratio
2372 3243 2580 3305 quon-

512 3308 643 3375 iam
702 3320 838 3375 tum
902 3310 1144 3376 stabilis
1206 3322 1308 3377 est
1369 3324 1504 3377 tum
1564 3313 1890 3393 volubilis,
1959 3333 2224 3381 necesse
2277 3325 2378 3380 est
2435 3314 2580 3381 eius

513 3402 689 3471 modi
713 3415 1005 3470 naturam
1028 3406 1308 3471 numeris
1338 3407 1646 3474 contineri
1657 3433 1678 3487 3
1713 3432 1863 3475 nam
1899 3409 2194 3475 circuitus
2217 3409 2344 3487 ille,
2381 3430 2578 3494 quem

517 3521 709 3585 saepe
744 3500 885 3565 iam*
908 3500 1215 3580 diximus,
1260 3502 1576 3570 incitatior
1609 3526 1873 3571 numero
1905 3505 2048 3593 ipso
2082 3506 2283 3573 fertur
2317 3516 2383 3571 et
2414 3505 2579 3571 labi-

516 3603 650 3670 tur,
685 3593 896 3676 quoad
926 3596 1255 3681 perveniat
1289 3597 1373 3662 ad
1406 3597 1599 3661 finem
1632 3609 1698 3663 et
1729 3597 1998 3665 insistat.

634 3685 1059 3774 Perspicuum
1110 3702 1212 3756 est
1262 3690 1458 3779 igitur
1509 3692 1788 3759 numeris
1850 3693 2174 3759 astrictam
2222 3692 2588 3759 orationem

406 3800 483 3841 iss
517 3802 661 3845 esse
714 3780 974 3859 debere,
1028 3803 1243 3849 carere
1296 3784 1619 3863 versibus;
1683 3785 1801 3851 sed
1851 3786 1912 3852 ei
1963 3786 2211 3853 numeri
2232 3784 2590 3875 ‘poeticine‘

519 3872 645 3936 sint
678 3896 763 3937 an
796 3896 879 3939 ex
912 3873 1037 3941 alio
1080 3899 1315 3963 genere
1372 3878 1650 3962 quodam
1703 3876 2002 3969 deinceps
2055 3892 2156 3947 est
2185 3881 2566 3947 videndum.

517 3965 727 4029 nullus
764 3978 877 4045 est,
895 3967 1089 4053 igitur
1120 3992 1420 4035 numerus
1459 3982 1638 4037 extra
1666 3974 1980 4060 poeticos,
2031 3986 2368 4063 propterea
2400 3974 2568 4061 quod
