2784 4575
14 143 35 312 *nv--

16 2990 19 3001 -
16 2966 18 2969 v
14 2253 22 2945 --———-vv--—-v—-q-—-——-—--—-—--1-
16 2225 18 2230 -
14 2148 24 2210 ,-

1012 285 1325 343 BBUTUS
1358 285 1601 341 25-35.
2208 275 2339 341 203

281 414 508 492 oratio,
562 423 699 477 tum
732 408 925 475 etiam
966 408 1253 495 magistri
1298 408 1550 475 dicendi
1598 407 1780 472 multi
1824 409 2034 475 subito
2077 410 2342 477 exstite-

279 518 456 573 runt:
514 502 705 592 [tum]
753 503 1111 570 Leontinus
1150 501 1458 589 Gorgias,
1512 501 2029 587 Thrasymachus
2069 500 2339 569 Calche-

282 601 538 678 donius,
589 600 978 685 Protagoras
1014 597 1358 662 Abderites
1372 647 1391 676 ‚
1444 596 1758 661 Prodicus
1797 594 1972 663 Ceus
1987 646 2008 675 ,
2061 596 2337 684 Hippias

278 695 481 760 Eleus
522 690 617 779 [in
649 692 889 759 honore
940 713 1176 777 magno
1219 688 1365 777 fuit]
1381 739 1400 767 ,
1456 689 1686 775 aliique
1721 690 1906 754 multi
1949 692 2338 777 temporibus

282 788 542 866 eisdem,
596 790 705 874 qui
738 786 965 852 docere
1018 808 1089 851 se
1140 785 1624 872 profitebantur,
1679 784 2130 871 adrogantibus
2185 809 2340 853 sane

279 882 525 960 verbis,
579 902 769 965 quem
815 880 898 943 ad
940 880 1201 944 modum
1253 900 1448 943 causa
1498 878 1758 944 inferior
1790 914 1880 927 --
1910 879 2004 944 ita
2045 880 2214 945 enim
2245 880 2341 946 lo-

280 976 638 1059 quebantur
670 1010 759 1021 -—-
793 972 1061 1039 dicendo
1095 972 1233 1038 fieri
1268 972 1556 1059 superior
1588 985 1827 1059 posset.
1907 974 2007 1039 his
2043 974 2342 1062 opposuit
2365 996 2418 1037 31

284 1091 427 1133 sese
475 1064 805 1144 Socrates,
860 1066 970 1151 qui
1016 1065 1360 1131 subtilitate
1415 1066 1689 1149 quadam
1740 1066 2105 1153 disputandi
2152 1067 2341 1133 refel-

280 1163 412 1227 lere
448 1184 667 1227 eorum
700 1160 990 1225 instituta
1026 1160 1273 1225 solebat
1310 1158 1604 1248 [verbis]
1668 1160 1856 1225 huius
1894 1182 1975 1226 ex
2007 1161 2339 1227 uberrimis

283 1255 679 1321 sermonibus
734 1254 1111 1319 exstiterunt
1162 1254 1513 1320 doctissimi
1565 1253 1710 1333 viri3
1761 1254 2161 1341 primumque
2206 1267 2342 1321 tum

280 1348 685 1436 philosophia
717 1370 848 1413 non
880 1346 991 1412 illa
1025 1347 1105 1411 de
1139 1360 1385 1425 natura,
1424 1369 1586 1432 quae
1613 1348 1822 1413 fuerat
1856 1349 2189 1433 antiquior,
2227 1351 2341 1415 sed

282 1442 470 1520 haec,
524 1442 593 1505 in
636 1462 763 1525 qua
812 1440 893 1505 de
935 1440 1121 1506 bonis
1174 1442 1365 1506 rebus
1411 1455 1477 1505 et
1517 1441 1700 1507 malis
1756 1443 1963 1527 deque
2013 1442 2340 1507 hominum

280 1535 414 1599 vita
457 1546 521 1601 et
572 1535 854 1600 moribus
908 1534 1294 1621 disputatur,
1350 1536 1609 1601 inventa
1662 1536 1888 1601 dicitur
1895 1562 1915 1615 3
1969 1536 2141 1620 quod
2185 1558 2342 1621 quo-

280 1629 455 1693 niam
490 1651 695 1716 genus
734 1629 813 1694 ab
850 1628 999 1706 hoc,
1046 1630 1237 1739 quod·
1251 1630 1730 1716 proposuimus,
1776 1630 2098 1708 abhorret,
2134 1630 2341 1717 philo-

282 1724 517 1810 sophos
556 1723 779 1787 aliud
760 1748 827 1787 m
862 1734 1113 1809 tempus
1146 1723 1514 1789 reiciamus·
1495 1773 1514 1803 ,
1561 1724 1644 1788 ad
1679 1736 1989 1802 oratores,
2035 1747 2075 1789 a
2109 1724 2338 1808 quibus

281 1818 554 1904 digressi
606 1840 857 1895 sumus,
909 1828 1319 1883 revertamur.
1409 1818 1650 1883 exstitit
1681 1818 1874 1904 igitur
1906 1818 2035 1883 iam
2079 1818 2337 1885 senibus
2365 1847 2419 1887 32

279 1914 434 1991 illis,
490 1934 648 1997 quos
696 1912 887 2000 paulo
934 1924 1080 1977 ante
1124 1913 1429 1991 diximus,
1481 1913 1828 1991 Isocrates,
1886 1913 2067 1979 cuius
2113 1914 2338 1979 domus

280 2018 544 2072 cunctae
583 2005 892 2073 Graeciae
938 2006 1123 2089 quasi
1164 2007 1355 2072 ludus
1409 2006 1664 2091 quidam
1717 2006 1940 2097 patuit
1965 2018 2154 2091 atque
2199 2006 2343 2073 offi-

280 2102 424 2167 cina
483 2100 761 2179 dicend13
833 2124 1107 2187 magnus
1170 2113 1381 2167 orator
1447 2098 1540 2187 [et
1597 2102 1918 2189 perfectus
1981 2098 2338 2187 magister],

280 2218 663 2279 quamquam
697 2195 938 2261 forensi
963 2195 1104 2261 luce
1141 2196 1342 2261 caruit
1373 2196 1664 2279 intraque
1698 2196 1972 2282 parietes
2009 2194 2165 2259 aluit
2198 2216 2341 2259 eam

278 2289 576 2376 gloriam,
614 2311 805 2372 quam
837 2313 1025 2356 nemo
1059 2313 1203 2357 meo
1239 2290 1494 2375 quidem
1529 2291 1762 2356 iudicio
1800 2301 1900 2356 est
1930 2301 2157 2378 postea
2191 2311 2342 2354 con-

284 2393 571 2447 secutus:
633 2383 690 2447 is
746 2395 811 2447 et
861 2384 999 2468 ipse
1054 2385 1309 2470 scripsit
1366 2385 1570 2448 multa
1631 2384 1954 2469 praeclare
2007 2394 2070 2449 et
2129 2383 2343 2448 docuit

281 2475 469 2554 alios;
526 2485 591 2539 et
632 2496 779 2540 cum
831 2487 1041 2540 cetera
1089 2476 1315 2540 melius
1362 2497 1553 2558 quam
1599 2476 1983 2561 superiores,
2037 2488 2171 2540 tum
2213 2475 2343 2562 pri-

280 2593 425 2634 mus
460 2568 771 2634 intellexit
804 2569 995 2633 etiam
1028 2569 1096 2632 in
1132 2571 1339 2634 soluta
1364 2567 1668 2645 oratione,
1705 2567 1856 2632 dum
1891 2591 2148 2633 vernum
2183 2567 2342 2632 effu-

281 2685 499 2750 geres,
563 2662 823 2726 modum
886 2672 1098 2726 tamen
1153 2672 1218 2726 et
1275 2681 1612 2726 numerum
1671 2661 1990 2743 quendam
2051 2670 2341 2747 oportere

284 2756 551 2834 servari3
618 2766 763 2820 ante
814 2755 985 2819 hunc
1036 2755 1205 2820 enim
1268 2756 1608 2821 verborum
1668 2755 1852 2838 quasi
1913 2765 2226 2820 structura
2279 2764 2344 2819 et
2367 2782 2420 2822 33

282 2851 596 2934 quaedam
624 2850 707 2916 ad
730 2871 1061 2914 numerum
1089 2849 1412 2915 conclusio
1439 2848 1614 2916 nulla
1638 2859 1774 2913 erat
1781 2873 1801 2926 3
1839 2860 1967 2927 aut,
2006 2849 2060 2913 si
2089 2849 2340 2932 quando

282 2955 447 3023 erat,
500 2967 631 3010 non
676 2943 1024 3032 apparebat
1065 2967 1207 3010 eam
1260 2943 1476 3008 dedita
1527 2965 1722 3030 opera
1764 2965 1908 3008 esse
1961 2943 2340 3027 quaesitam:

284 3061 446 3124 quae
490 3039 759 3106 forsitan
800 3039 941 3104 laus
988 3039 1071 3104 sit
1078 3064 1096 3118 ;
1154 3061 1375 3104 verum
1427 3049 1640 3103 tamen
1690 3048 1916 3102 natura
1957 3036 2162 3124 magis
2208 3046 2344 3101 tum

282 3155 563 3218 casuque
607 3157 738 3200 non
779 3156 1154 3219 numquam,
1210 3133 1383 3198 haud
1434 3132 1677 3198 ratione
1732 3131 1942 3217 aliqua
1975 3143 2085 3195 aut
2127 3130 2343 3196 obser·
2453 3150 2458 3156 ’

281 3228 535 3293 vatione
594 3228 817 3305 fiebat3
870 3228 1015 3313 ipsa
1066 3228 1233 3294 enim
1284 3239 1513 3292 natura
1566 3224 2141 3312 circumscriptione
2188 3245 2343 3334 qua-
2369 3251 2424 3292 34

284 3321 435 3385 dam
500 3324 839 3387 verborum
900 3322 1378 3411 comprehendit
1439 3321 1880 3406 concluditque
1945 3319 2340 3396 sententiam,

282 3435 447 3497 quae
492 3435 639 3478 cum
684 3417 847 3501 aptis
896 3428 1258 3482 constructa
1307 3415 1520 3481 verbis
1575 3426 1702 3494 est,
1757 3414 1926 3480 cadit
1968 3413 2160 3478 etiam
2209 3410 2345 3498 ple-

280 3528 547 3590 rumque
584 3531 948 3575 numerose.
984 3533 1134 3575 nam
1169 3520 1234 3574 et
1269 3531 1454 3574 aures
1481 3509 1660 3595 ipsae
1696 3509 1850 3593 quid
1877 3508 2156 3595 plenum,
2195 3506 2346 3589 quid

267 3601 471 3667 inane
508 3601 592 3666 sit
625 3602 906 3667 iudicant
938 3613 1003 3668 et
1038 3603 1263 3690 spiritu
1298 3603 1482 3686 quasi
1526 3603 1904 3668 necessitate
1950 3601 2163 3685 aliqua
2205 3622 2347 3666 ver-

281 3697 508 3763 borum
545 3695 1023 3783 comprehensio
1060 3697 1457 3775 terminatum
1493 3695 1561 3761 in
1596 3718 1722 3780 quc
1747 3719 1878 3762 non
1913 3696 2102 3761 modo
2139 3693 2342 3770 defici,

282 3792 400 3856 sed
437 3790 629 3856 etiam
663 3789 951 3856 laborare
996 3801 1178 3878 turpe
1215 3801 1332 3859 est.
1423 3802 1558 3855 tum
1594 3790 1716 3856 fuit
1747 3789 1984 3875 Lysias
2030 3789 2170 3875 ipse
2207 3786 2345 3871 qui·
2377 3785 2413 3838 9

280 3887 432 3950 dem
466 3887 534 3950 in
569 3885 780 3951 causis
808 3885 1169 3951 forensibus
1196 3879 1326 3952 no'n
1361 3896 1672 3963 versatus,
1711 3885 1827 3950 sed
1852 3882 2108 3973 egregie
2146 3880 2345 3948 subti-
2371 3855 2424 3896 ⁸⁵

283 3977 363 4042 lis
402 3980 671 4066 scriptor
706 3990 896 4064 atque
940 3980 1230 4067 elegans,
1284 4002 1476 4063 quem
1516 3981 1646 4044 iam
1688 4001 1886 4065 prope
1931 3977 2166 4043 audeas
2204 3997 2346 4042 ora-

282 4083 485 4138 torem
518 4075 873 4162 perfectum
910 4074 1146 4142 dicere:
1193 4098 1343 4140 nam
1376 4075 1566 4162 plane
1603 4073 1858 4158 quidem
1889 4073 2246 4160 perfectum
2280 4079 2348 4134 et
