2784 4575
471 290 599 357 146
1090 300 1168 354 Μ.
1205 298 1478 355 TULLII
1513 295 1917 355 CICERONIS

467 424 788 491 offensum
821 432 946 501 est,
993 422 1166 507 quod
1201 444 1448 500 eorum,
1494 421 1604 506 qui
1640 420 1930 499 audiunt,
1976 418 2368 487 voluntatem
2400 422 2535 489 lae-

470 519 564 584 dit
570 543 590 599 ς
635 530 736 596 ut,
792 518 848 583 si
883 517 992 602 qui
1036 517 1208 603 apud
1251 517 1497 601 equites
1531 516 1859 581 Romanos
1907 516 2173 601 cupidos
2208 516 2529 583 iudicandi

363 610 436 667 50
472 612 816 701 Caepionis
843 612 1055 698 legem
1079 610 1473 677 iudiciariam
1496 610 1731 676 laudet.
1804 610 2187 675 contrarium
2212 622 2331 689 est,
2358 614 2530 696 quod

371 682 425 725 ⁹⁸
467 716 688 773 contra
723 706 949 771 dicitur
995 716 1184 790 atque
1227 705 1313 783 ei,
1361 706 1471 790 qui
1516 705 1805 783 audiunt,
1850 704 2165 781 fecerunt3
2218 714 2295 769 ut
2328 706 2384 771 si
2420 708 2527 790 qui

469 802 642 887 apud
675 800 1117 866 Alexandrum
1141 798 1569 864 Macedonem
1604 798 1823 864 dicens
1858 806 2079 864 contra
2112 796 2388 883 aliquem
2420 822 2529 865 ur-

467 894 568 960 bis
631 902 1136 981 expugnatorem
1198 892 1439 958 diceret
1498 891 1657 957 nihil
1718 912 1861 957 esse
1922 891 2271 970 crudelius,
2332 914 2525 976 quam

464 988 639 1053 urbis
677 987 946 1065 diruere,
983 1008 1130 1051 cum
1163 986 1303 1072 ipse
1328 985 1701 1051 Alexander
1743 984 2005 1050 Thebas
2040 985 2359 1051 diruisset.
2426 986 2523 1051 in-

466 1092 764 1147 constans
803 1092 929 1158 est,
976 1079 1151 1164 quod
1185 1080 1268 1145 ab
1311 1080 1537 1145 eodem
1573 1080 1653 1143 de
1696 1079 1923 1143 eadem
1962 1098 2035 1144 re
2078 1078 2326 1144 diverse
2372 1080 2525 1145 dici-

465 1186 567 1238 tur
577 1200 595 1251 3
649 1186 747 1251 ut,
795 1174 850 1238 si
894 1173 1029 1258 qui,
1076 1194 1222 1239 cum
1267 1172 1525 1251 dixerit,
1572 1172 1682 1257 qui
1724 1172 2021 1237 virtutem
2064 1173 2325 1252 habeat,
2379 1196 2526 1239 eum

464 1267 699 1333 nullius
733 1268 827 1331 rei
862 1268 945 1332 ad
978 1268 1143 1333 bene
1179 1266 1525 1333 vivendum
1556 1264 1868 1353 indigere,
1904 1276 2097 1354 neget
2126 1278 2352 1354 postea
2386 1267 2523 1332 sine

464 1362 634 1426 bona
675 1360 1038 1426 valetudine
1082 1383 1276 1448 posse
1321 1360 1487 1425 bene
1530 1360 1690 1425 vivi·
1742 1370 1879 1437 aut,
1937 1382 2007 1425 se
2052 1360 2255 1427 amico
2296 1360 2524 1427 adesse
2592 1424 2601 1433 ,

462 1464 722 1541 propter
772 1453 1310 1532 benevolentiam,
1375 1476 1631 1541 sperare
1694 1453 1863 1518 enim
1914 1453 2151 1538 aliquid
2210 1454 2525 1521 commodi

368 1578 422 1617 94
467 1549 549 1613 ad
585 1570 655 1613 se
688 1559 1158 1635 perventurum.
1250 1549 1589 1614 adversum
1626 1558 1743 1626 est,
1782 1547 2004 1631 quod·
1979 1548 2109 1657 .¹P⁸i
2144 1568 2375 1615 causae
2410 1549 2527 1613 ali-

465 1665 594 1727 qua
628 1666 709 1708 ex
750 1652 932 1730 parte
976 1644 1206 1722 officit,
1258 1654 1330 1707 ut
1366 1643 1423 1708 si
1458 1643 1567 1728 qui
1611 1642 1891 1709 hostium
1934 1642 2063 1706 vim
2099 1653 2165 1707 et
2208 1643 2425 1730 copias
2461 1654 2527 1708 et

461 1736 828 1802 felicitatem
881 1748 1142 1825 augeat,
1209 1758 1355 1801 eum
1408 1737 1491 1800 ad
1540 1736 1958 1845 pugnandum
2006 1735 2239 1801 milites
2294 1737 2527 1802 adhor-

463 1841 646 1896 tetur.
737 1832 794 1896 si
833 1854 966 1897 non
1019 1833 1102 1896 ad
1136 1831 1232 1908 id,
1288 1830 1460 1914 quod
1510 1829 1884 1908 instituitur,
1939 1830 2523 1896 adcommodabitur

463 1925 676 2009 aliqua
723 1947 874 2010 pars
931 1924 1527 2011 argumentationis,
1582 1923 1809 1989 horum
1862 1922 2073 2008 aliquo
2116 1924 2182 1988 in
2226 1924 2378 1990 vitio
2422 1946 2523 1990 re-

457 2018 764 2105 perietur:
803 2017 859 2083 si
891 2018 1078 2103 plura
1109 2016 1429 2103 pollicitus
1453 2018 1755 2105 pauciora
1780 2018 2262 2096 demonstrabit3
2300 2030 2411 2083 aut
2444 2020 2519 2096 si,

461 2132 609 2176 eum
643 2122 847 2175 totum
890 2111 1151 2177 debebit
1194 2113 1558 2191 ostendere,
1612 2113 1693 2178 de
1735 2123 1919 2200 parte
1954 2112 2165 2196 aliqua
2205 2112 2519 2197 loquatur,

461 2200 584 2270 hoc
617 2205 837 2270 modo:
886 2204 1250 2271 ‘mulierum
1292 2228 1496 2294 genus
1542 2230 1802 2273 avarum
1846 2218 1973 2285 est3
2016 2229 2168 2273 nam
2208 2206 2521 2294 Eriphyla

460 2321 616 2364 auro
649 2298 770 2364 viri
801 2299 1000 2364 vitam
1025 2300 1310 2365 vendidit
1320 2301 1358 2379 ς’
1398 2313 1509 2366 aut
1536 2302 1593 2367 si
1624 2325 1756 2369 non
1781 2303 1867 2380 id,
1904 2302 2076 2386 quod
2102 2302 2517 2380 accusabitur,

462 2391 792 2471 defendet,
838 2403 936 2471 ιιι,
985 2394 1040 2458 si
1076 2393 1212 2478 qui,
1258 2416 1404 2459 cum
1440 2395 1712 2461 ambitus
1750 2395 2176 2474 accusabitur,
2219 2417 2413 2462 manu
2449 2419 2521 2462 se

457 2486 690 2552 fortem
745 2510 892 2553 esse
939 2487 1240 2553 defendet
1247 2513 1266 2568 3
1313 2499 1424 2554 aut
1465 2500 1537 2554 ut
1568 2489 1899 2576 Amphion
1944 2489 2114 2577 apud
2145 2489 2520 2576 Euripidem

462 2577 645 2666 [item
689 2583 861 2668 apud
892 2581 1275 2670 Pacuvium]
1290 2632 1308 2661 ,
1363 2583 1500 2667 qui,
1546 2583 1902 2670 vituperata
1942 2584 2215 2663 musica,
2269 2585 2520 2672 sapien-

457 2674 611 2740 tiam
644 2675 890 2754 laudat3
927 2687 1038 2741 aut
1071 2676 1128 2742 si
1160 2698 1263 2742 res
1301 2699 1382 2742 ex
1416 2676 1691 2743 hominis
1728 2677 1881 2744 vitio
1916 2676 2389 2766 vituperabitur,
2425 2689 2517 2758 ut,

458 2768 514 2832 si
549 2769 658 2852 qui
692 2769 1045 2834 doctrinam
1078 2792 1161 2835 ex
1197 2769 1461 2836 alicuius
1506 2771 1677 2838 docti
1720 2771 1875 2838 vitio
1908 2771 2357 2858 reprehendat3
2410 2783 2521 2838 aut

457 2862 514 2926 si
547 2861 686 2945 qui,
723 2883 870 2928 cum
905 2864 1183 2949 aliquem
1217 2865 1391 2932 volet
1423 2864 1705 2944 laudare,
1744 2867 1826 2930 de
1859 2865 2157 2930 felicitate
2194 2865 2351 2943 eius,
2388 2888 2520 2931 non

457 2956 537 3019 de
581 2954 812 3020 virtute
857 2957 1052 3036 dicat3
1109 2969 1220 3024 aut
1263 2960 1319 3025 si
1360 2982 1498 3025 rem
1544 2981 1689 3024 cum
1729 2981 1799 3024 re
1842 2957 1933 3022 ita
1974 2958 2391 3044 comparabit,
2446 2972 2521 3024 ut

456 3048 717 3112 alteram
761 3071 832 3114 se
876 3073 1006 3117 non
1056 3061 1238 3138 putet
1279 3053 1568 3132 laudare,
1624 3051 1749 3117 nisi
1802 3051 2064 3115 alteram
2116 3051 2515 3136 vituperat-1123

457 3151 566 3204 aut
601 3141 658 3206 si
701 3141 964 3209 alteram
997 3144 1089 3210 ita
1131 3145 1377 3224 laudet,
1432 3156 1505 3210 ιιι
1539 3144 1797 3210 alterius
1838 3165 1970 3208 non
2013 3142 2206 3208 faciat
2246 3143 2519 3212 mentio-

359 3261 412 3302 95
455 3257 604 3300 nem
611 3259 630 3312 3
669 3244 780 3300 aut
815 3236 894 3315 si,
931 3259 1079 3303 cum
1113 3239 1193 3304 de
1230 3250 1405 3304 certa
1435 3261 1504 3304 re
1541 3246 1903 3321 quaeretur,
1950 3236 2030 3302 de
2065 3236 2385 3304 communi
2418 3237 2519 3305 in-

363 3404 366 3406 v
458 3327 750 3394 stituetur
785 3331 1013 3411 oratio,
1058 3342 1156 3411 ut,
1196 3333 1252 3398 si
1287 3333 1417 3416 qui,
1463 3353 1608 3396 cum
1642 3329 1835 3415 aliqui
1870 3329 2239 3411 deliberent,
2274 3331 2515 3398 bellum

456 3433 682 3509 gerant
714 3447 798 3489 an
831 3445 980 3505 non,
1014 3447 1239 3513 pacem
1262 3425 1479 3489 laudet
1504 3423 1781 3502 omnino,
1808 3447 1938 3491 non
1962 3425 2121 3492 illud
2144 3426 2382 3492 bellum
2415 3426 2517 3491 in-

455 3517 607 3584 utile
652 3542 796 3586 esse
839 3521 1230 3587 demonstret
1237 3544 1256 3597 ;
1311 3529 1423 3584 aut
1465 3519 1522 3584 si
1562 3519 1723 3586 ratio
1769 3520 2035 3586 alicuius
2077 3521 2171 3587 rei
2212 3520 2517 3586 reddetur

456 3610 646 3690 falsa,
690 3614 814 3680 hoc
845 3615 1067 3680 modo:
1109 3613 1382 3699 pecunia
1414 3613 1654 3679 bonum
1686 3626 1814 3693 est,
1858 3626 2195 3703 propterea
2228 3613 2399 3699 quod
2432 3634 2514 3676 ea

455 3705 727 3772 maxime
763 3707 959 3773 vitam
991 3710 1246 3774 beatam
1279 3707 1505 3787 efficit3
1544 3720 1655 3774 aut
1686 3709 1965 3788 infirma,
2002 3721 2074 3774 ut
2104 3709 2401 3774 Plautus:

625 3801 900 3866 amicum
933 3802 1246 3888 castigare
1281 3803 1366 3868 ob
1402 3802 1692 3868 meritam
1724 3803 2000 3881 noxiam,

624 3893 902 3959 immune
939 3905 1040 3961 est
1071 3895 1348 3977 facinus3
1385 3919 1608 3963 verum
1641 3897 1710 3963 in
1744 3909 1951 3963 aetate
1986 3896 2138 3961 utile

627 3998 692 4052 et
725 3989 1147 4069 conducibile3
1183 4013 1335 4057 nam
1370 4015 1493 4080 ego
1529 3992 1802 4058 amicum
1836 3990 2025 4057 hodie
2058 4009 2273 4054 meum

627 4082 1072 4168 concastigabo
1106 4106 1224 4170 pro
1260 4085 1629 4152 commerita
1661 4085 1879 4162 noxia3
