2784 4575
455 208 581 274 168
1065 217 1142 271 M.
1182 217 1456 275 TULLII
1492 214 1897 275 CICERONIS

455 348 608 437 [hoc
659 358 786 427 est,
839 348 1088 435 privata
1140 342 1445 432 quadam]
1492 342 1893 409 tribuniciam
1936 353 2319 429 potestatem
2368 340 2521 430 [hoc

451 454 570 523 est,
598 443 820 531 populi
844 438 1256 530 potestatem]
1285 440 1583 516 infirmat,
1612 437 1841 503 minuit
1862 438 2303 503 maiestatem?
2356 438 2525 503 iudi-

451 539 616 605 catio
670 548 798 604 ests
861 537 1187 601 minuatne
1237 536 1294 599 is
1346 534 1774 612 maiestatem,
1842 533 1949 617 qui
1998 533 2067 596 in
2118 532 2521 599 tribuniciam

447 642 832 721 potestatem
863 631 1072 719 patria
1103 640 1423 715 potestate
1458 628 1709 693 utatur?
1752 628 1837 693 ad
1869 627 2036 691 hane
2070 626 2519 695 iudicationem

451 726 1030 815 argumentationes
1043 774 1050 781 -
1065 723 1274 791 omnis
1319 722 1570 789 adferre
1606 721 1941 809 oportebit.

352 852 407 893 5³
569 822 674 886 Ac
715 842 798 887 ne
833 819 946 903 qui
995 818 1161 885 forte
1213 817 1553 883 arbitretur
1602 839 1723 882 uos
1758 838 1889 883 non
1922 816 2293 903 intellegere
2330 816 2519 881 aliam

445 938 700 1001 quoque
734 914 1014 981 incidere
1049 912 1565 979 constitutionem
1597 912 1665 977 in
1700 910 1867 977 hane
1904 932 2183 988 eausam,
2220 933 2362 977 eam
2394 934 2515 977 nos

445 1022 692 1100 partem
729 1010 933 1075 solam
969 1007 1306 1087 sumimus,
1351 1006 1421 1073 in
1456 1029 1649 1091 quam
1700 1015 2041 1092 praecepta
2082 1004 2269 1071 nobis
2306 1005 2516 1071 danda

449 1116 624 1183 sunt3
687 1104 982 1170 omnibus
1038 1114 1252 1168 autem
1312 1101 1599 1189 partibus
1654 1100 1775 1165 hoc
1826 1100 1895 1165 in
1938 1100 2101 1165 libro
2164 1099 2514 1185 explicatis,

449 1200 656 1285 quivis
695 1198 868 1264 omni
900 1198 969 1263 in
1005 1220 1225 1275 causa,
1273 1196 1330 1261 si
1363 1196 1703 1281 diligenter
1738 1194 2049 1273 attendet,
2096 1194 2301 1260 omnis
2338 1194 2519 1281 vide-

445 1295 542 1359 bit
595 1292 1074 1359 constitutiones
1110 1303 1176 1358 et
1219 1314 1437 1357 earum
1477 1291 1677 1377 partis
1728 1286 1823 1375 [et
1875 1288 2367 1377 controversias]
2383 1338 2401 1368 ,
2456 1290 2519 1355 si

449 1409 612 1473 quae
647 1386 812 1453 forte
845 1388 914 1452 in
957 1410 1066 1453 eas
1101 1384 1411 1463 incident,
1464 1406 1615 1448 nam
1662 1384 1741 1449 de
1788 1385 2081 1450 omnibus
2123 1384 2520 1471 praescribe-

447 1504 610 1547 mus.
698 1480 942 1568 primus
995 1502 1150 1567 ergo
1205 1478 1590 1545 accusatoris
1644 1477 1822 1544 locus
1878 1490 1978 1544 est
2029 1478 2165 1545 eius
2218 1478 2516 1557 nominis,

447 1575 628 1641 cuius
685 1576 766 1640 de
817 1575 883 1639 vi
935 1574 1284 1659 quaeritur,
1337 1573 1552 1639 brevis
1608 1584 1673 1638 et
1718 1583 1937 1659 aperta
1978 1584 2043 1638 et
2086 1596 2168 1638 ex
2218 1572 2517 1659 opinione

447 1669 776 1735 hominum
818 1669 1127 1747 definitio,
1181 1668 1306 1735 hoc
1355 1668 1577 1734 modo:
1632 1667 2031 1733 maiestatem
2079 1666 2364 1733 minuere
2416 1679 2520 1733 est

447 1765 528 1829 de
581 1763 889 1851 dignitate
943 1775 1053 1828 aut
1113 1761 1528 1848 amplitudine
1592 1772 1702 1826 aut
1758 1772 2073 1849 potestate
2132 1761 2355 1848 populi
2406 1772 2519 1826 aut

446 1882 693 1937 eorum,
747 1858 978 1943 quibus
1033 1856 1306 1944 populus
1357 1865 1742 1942 potestatem
1794 1856 1996 1934 dedit,
2052 1855 2289 1941 aliquid
2332 1856 2519 1921 dero-

444 1974 620 2039 gare.
707 1952 831 2017 hoc
867 1952 960 2017 sic
993 1950 1272 2015 breviter
1324 1949 1688 2036 expositum
1730 1949 2021 2037 pluribus
2068 1950 2281 2015 verbis
2316 1960 2417 2015 est
2450 1962 2519 2015 et

441 2045 794 2111 rationibus
859 2044 1364 2109 confirmandum
1426 2053 1491 2107 et
1548 2044 1639 2107 ita
1700 2066 1873 2121 esse,
1944 2054 2019 2107 ut
2078 2043 2513 2130 descripseris,

445 2139 937 2217 ostendendum3
972 2148 1202 2226 postea
1237 2138 1320 2203 ad
1353 2138 1449 2216 id,
1488 2138 1660 2221 quod
1695 2137 2041 2217 definieriS,
2077 2140 2317 2204 factum
2353 2138 2511 2217 eius,

445 2234 556 2320 qui
591 2234 1010 2312 accusabitur,
1049 2234 1394 2322 adiungere
1422 2232 1740 2320 oportebit
1766 2244 1831 2298 et
1858 2256 1938 2298 ex
1965 2255 2061 2313 eo,
2102 2233 2273 2318 quod
2298 2245 2514 2301 osten-

445 2327 613 2393 deris
661 2351 804 2396 esse
848 2329 1028 2395 verbi
1073 2349 1269 2394 causa
1310 2327 1709 2394 maiestatem
1760 2327 2072 2406 minuere,
2126 2327 2355 2394 docere
2401 2329 2515 2394 ad·-

443 2423 796 2488 versarium
858 2423 1257 2490 maiestatem
1318 2422 1626 2488 minuisse
1680 2432 1745 2487 et
1805 2421 1976 2487 hunc
2035 2431 2240 2488 totum
2300 2425 2514 2490 locum

445 2518 762 2584 communi
795 2519 939 2586 loco
973 2519 1368 2596 confirmare,
1405 2540 1522 2604 per
1558 2539 1747 2602 quem
1780 2517 1983 2604 ipsius
2019 2517 2174 2582 facti
2210 2519 2509 2586 atrocitas

443 2623 553 2678 aut
575 2612 930 2700 indignitas
967 2623 1078 2678 aut
1121 2613 1375 2678 omnino
1406 2611 1593 2697 culpa
1628 2633 1773 2676 cum
1804 2611 2240 2698 indignatione
2276 2635 2513 2700 augea-

347 2738 401 2780 54
443 2719 572 2786 tur3
609 2719 759 2794 post
786 2708 907 2773 erit
939 2707 1319 2773 infirmanda
1353 2706 1861 2772 adversariorum
1888 2706 2257 2794 descript-im
2296 2729 2374 2773 ea
2400 2729 2513 2772 au-

441 2813 572 2868 tem
597 2801 1032 2880 infirmabitur,
1073 2802 1128 2867 si
1153 2802 1318 2867 falsa
1345 2800 1897 2867 demonstrabitur.
1950 2801 2075 2868 hoc
2102 2825 2184 2867 ex
2210 2801 2508 2890 opinione

440 2895 769 2962 hominum
815 2906 1125 2975 sumetur,
1182 2917 1328 2960 cum
1381 2917 1573 2979 quem
1618 2896 1699 2960 ad
1744 2895 2007 2961 modum
2051 2907 2117 2960 et
2159 2896 2389 2980 quibus
2442 2898 2512 2962 in

440 2991 635 3056 rebus
697 2989 986 3056 homines
1049 2990 1117 3054 in
1181 2990 1638 3056 consuetudine
1711 2989 2029 3054 scribendi
2099 3001 2209 3055 aut
2270 3013 2511 3057 sermo-

444 3083 699 3149 cinandi
733 3107 810 3150 eo
855 3087 1050 3150 verbo
1094 3085 1190 3150 uti
1235 3085 1509 3162 soleant,
1558 3083 2057 3150 considerabitur
2066 3111 2085 3163 3
2138 3085 2292 3150 item
2333 3086 2511 3149 infir-

441 3179 742 3256 mabitur,
799 3179 854 3243 si
897 3180 1098 3266 turpis
1147 3189 1258 3244 aut
1306 3178 1546 3244 inutilis
1602 3200 1747 3244 esse
1792 3179 2163 3245 ostendetur
2214 3178 2349 3243 eius
2395 3179 2509 3244 de·-

444 3272 801 3359 scriptionis
857 3275 1229 3361 approbatio
1283 3284 1350 3338 et
1402 3295 1565 3357 quae
1627 3272 2030 3340 incommoda
2090 3283 2511 3340 consecutura

443 3368 570 3433 sint
603 3389 681 3434 eo
717 3389 1021 3435 concesso
1061 3365 1489 3454 [ostendetur]
1502 3393 1520 3446 3
1562 3365 1657 3454 [id
1692 3377 1905 3432 autem
1940 3391 2021 3433 ex
2055 3367 2408 3434 honestatis
2446 3381 2511 3434 et

441 3485 524 3528 ex
559 3459 844 3528 utilitatis
879 3462 1166 3550 partibus
1205 3472 1508 3539 sumetur,
1549 3462 1628 3526 de
1660 3461 1895 3545 'quibus
1930 3461 1999 3526 in
2036 3463 2508 3552 deliberationis
2626 3552 2632 3557 ἱ
2753 3453 2754 3464 ¹

440 3560 798 3646 praeceptis
863 3557 1308 3646 exponemus]
1420 3570 1485 3623 et
1538 3560 1621 3632 si,
1654 3580 1800 3623 cum
1863 3558 2226 3626 definitione
2288 3570 2511 3624 nostra

445 3654 948 3720 adversariorum
974 3652 1405 3719 definitionem
1442 3653 1839 3720 conferemus
1867 3665 1932 3720 et
1957 3665 2241 3720 nostram
2265 3675 2505 3730 veram,

441 3748 805 3826 honestam,
849 3747 1072 3812 utilem
1106 3769 1252 3812 esse
1289 3747 1894 3826 demonstrabimus,
1948 3748 2228 3827 illorum,
2266 3757 2507 3814 contra.

345 3866 398 3909 55
445 3862 820 3926 quaeremus
857 3851 1070 3906 autem
1111 3863 1214 3906 res
1253 3852 1365 3906 aut
1406 3841 1645 3908 maiore
1690 3855 1801 3908 aut
1842 3844 2087 3910 minore
2124 3855 2235 3910 aut
2266 3843 2407 3932 pari
2437 3843 2511 3908 in

442 3936 698 4022 negotio
753 3935 1003 4024 similis,
1059 3958 1141 4000 ex
1184 3936 1416 4018 quibus
1472 3935 1835 4002 adfirmetur
1878 3949 2100 4004 nostra
2143 3938 2509 4026 descriptio,

339 4043 409 4100 18
443 4029 571 4094 iam
608 4029 662 4094 si
696 4051 798 4103 res
833 4029 1048 4114 plures
1087 4039 1271 4094 erunt
1305 4027 1742 4110 definiendae,
1766 4041 1866 4110 ut,
1906 4033 1961 4097 si
1998 4043 2367 4120 quaeratur,
2404 4033 2517 4100 fur
