2784 4575
1477 27 1687 44 '‘z—*²¹⁹*

847 255 952 310 DE
985 252 1354 310 ORATORE
1389 253 1437 312 1.
1473 254 1712 312 74-84.
2226 243 2307 310 17

233 383 306 448 in
341 379 526 447 nobis
565 378 816 444 videtur
851 400 1015 456 esse,
1053 377 1282 462 quibus
1317 377 1566 445 etiamsi
1599 378 1945 466 ingenium,
1981 389 2053 444 ut
2085 389 2155 444 tu
2189 401 2308 467 pu-

237 487 342 542 tas
355 521 374 554 ,
425 496 560 540 11011
593 472 874 538 maxime
909 472 1136 550 defuit,
1192 473 1481 538 doctrina
1524 483 1695 539 certe
1730 483 1795 540 et
1828 473 2028 540 otium
2062 484 2129 540 et
2160 474 2306 540 her-

235 569 386 636 cule
419 567 614 634 etiam
650 567 933 644 studium
965 566 1124 632 illud
1159 566 1444 632 discendi
1480 566 1854 634 acerrimum
1890 567 2117 646 defuit,
2154 568 2308 652 quid

237 685 500 742 censes,
549 662 607 728 si
641 661 726 728 ad
761 660 1026 727 alicuius
1061 660 1386 749 ingenium
1419 661 1525 727 vel
1556 661 1762 728 maius
1805 661 1943 742 illa,
1988 684 2151 746 quae
2184 685 2307 750 ego

245 779 380 823 non
413 755 626 844 attigi,
683 755 1096 835 accesserint,
1147 755 1403 840 qualem
1435 756 1615 822 illum
1651 767 1717 822 et
1748 767 2055 840 quantum
2100 767 2309 824 orato—

239 873 381 916 rem
414 849 760 916 futurum?

377 944 549 1008 Tum
599 941 922 1012 Antonius
981 943 1240 1029 ‘probas
1291 942 1477 1008 mihi'
1538 942 1743 1028 inquit
1804 942 1982 1023 ‘ista‚
2048 941 2307 1025 Crasse,
2343 947 2411 1058 18

243 1059 416 1122 quae
453 1036 641 1115 dicis,
691 1058 814 1102 nec
849 1037 1070 1102 dubito
1104 1036 1258 1120 quin
1297 1037 1499 1104 multo
1533 1036 1958 1124 locupletior
1938 1061 2007 1104 111
2042 1018 2377 1105 dicendo8

249 1131 508 1195 futurus
545 1129 644 1208 sit,
679 1130 733 1196 si
769 1129 911 1214 quis
949 1129 1231 1196 omnium
1263 1153 1478 1196 rerum
1514 1141 1703 1216 atque
1740 1131 1967 1196 artium
1998 1132 2309 1198 rationem

242 1233 666 1308 naturamque
711 1223 1287 1311 comprehenderit3
1345 1225 1461 1290 sed
1500 1225 1778 1312 primum
1806 1225 1877 1290 id
1919 1225 2175 1292 difficile
2210 1236 2310 1292 est
2352 1256 2404 1298 ει

249 1318 451 1396 factu,
506 1317 879 1405 praesertim
919 1317 990 1382 in
1031 1318 1154 1383 hac
1203 1330 1425 1385 nostra
1465 1319 1597 1384 vita
1637 1318 1997 1405 nostrisque
2038 1341 2311 1407 occupa-

245 1410 525 1478 tionibus
535 1436 556 1490 ;
611 1411 839 1478 deinde
882 1411 1040 1478 illud
1084 1411 1274 1477 etiam
1318 1413 1669 1478 verendum
1717 1423 1817 1480 est
1856 1435 1939 1479 110
1982 1414 2311 1480 abstraha-

245 1527 393 1570 mur
437 1504 519 1569 ab
563 1504 688 1570 hac
740 1505 1188 1572 exercitatione
1224 1517 1290 1570 et
1325 1505 1781 1580 consuetudine
1825 1506 2075 1574 dicendi
2106 1530 2311 1596 popu-

248 1598 368 1664 lari
403 1609 468 1664 et
501 1598 761 1664 forensi.
833 1598 1005 1664 aliud
1039 1598 1209 1664 enim
1232 1599 1390 1664 mihi
1424 1600 1745 1684 quoddam
1768 1601 2071 1668 orationis
2104 1624 2308 1688 genus

242 1715 394 1758 esse
420 1691 672 1759 videtur
700 1714 918 1758 eorum
942 1692 1289 1772 hominum,
1319 1693 1401 1759 de
1427 1693 1655 1778 quibus
1680 1695 1873 1780 paulo
1900 1705 2045 1760 ante
2072 1695 2309 1774 dixisti,

241 1785 542 1870 quamvis
579 1786 673 1852 illi
724 1798 944 1852 ornate
980 1798 1044 1853 et
1085 1788 1365 1874 graviter
1400 1799 1511 1854 aut
1544 1789 1626 1854 de
1676 1799 1904 1854 natura
1953 1811 2166 1854 rerum
2202 1801 2311 1854 aut

247 1881 336 1945 de
367 1879 662 1946 humanis
697 1881 892 1947 rebus
925 1881 1292 1966 loquantur.
1329 1881 1599 1948 nitidum
1624 1883 1945 1967 quoddam
1971 1905 2175 1969 genus
2208 1895 2311 1949 est
2378 1941 2381 1946 .

250 1976 591 2041 verborum
623 1985 688 2040 et
720 1974 986 2054 laetum,
1043 1976 1158 2041 sed
1189 1977 1548 2062 palaestrae
1580 1976 1788 2064 magis
1825 1987 1891 2042 et
1924 1976 2073 2056 0101,
2120 1999 2313 2062 quam
2373 2018 2379 2025 ›·

251 2068 440 2140 huius
487 2067 690 2135 civilis
745 2070 966 2135 turbae
1013 2091 1090 2136 ac
1131 2070 1274 2136 fori.
1357 2093 1634 2156 namque
1678 2083 1958 2158 egomet,
2012 2070 2123 2155 qui
2168 2095 2309 2138 sero
2354 2091 2405 2132 82

243 2185 330 2228 ac
375 2162 600 2228 leviter
653 2161 936 2230 Graecas
987 2163 1230 2230 litteras
1285 2165 1669 2253 attigissem,
1732 2177 1945 2231 tamen
1996 2186 2143 2230 cum
2192 2189 2309 2254 pro

243 2255 565 2322 consule
545 2280 613 2322 m
648 2255 940 2324 Ciliciam
973 2258 1382 2347 proficiscens
1418 2259 1741 2327 venissem
1771 2259 2095 2340 Athenas,
2142 2281 2314 2329 com-

245 2349 455 2439 pluris
501 2360 636 2415 tum
667 2350 755 2416 ibi
799 2352 934 2418 dies
973 2376 1115 2419 sum
1166 2364 1427 2440 propter
1476 2354 1823 2441 navigandi
1874 2354 2313 2419 difficultatem

243 2456 710 2524 commoratus3
775 2447 915 2525 sed,
971 2469 1116 2513 cum
1167 2448 1398 2513 cotidie
1456 2471 1708 2514 mecum
1758 2448 2060 2514 haberem
2110 2447 2315 2514 homi—

247 2562 366 2605 nes
437 2538 872 2619 doctissimos,
950 2563 1062 2607 eos
1132 2542 1267 2607 fere
1334 2541 1543 2629 ipsos,
1626 2540 1735 2626 qui
1805 2541 1919 2607 abs
1990 2550 2053 2606 te
2120 2540 2313 2605 modo

249 2641 404 2699 sunt
445 2633 780 2713 nominati,
833 2657 1105 2721 cumque
1147 2636 1272 2702 hoc
1311 2636 1531 2703 nescio
1566 2659 1692 2721 quo
1742 2636 1934 2701 modo
1986 2634 2159 2720 apud
2200 2656 2312 2699 eos

249 2728 718 2838 increbruisset,
754 2751 858 2796 me
891 2731 962 2796 in
996 2731 1207 2797 causis
1239 2730 1587 2798 maioribus
1613 2730 1801 2796 >sicuti
1835 2740 1899 2795 te
1935 2730 2139 2795 solere
2174 2750 2309 2793 ver-

245 2821 410 2902 sari,
460 2846 578 2933 pro
633 2847 703 2890 se
755 2825 1025 2910 quisque
1076 2848 1242 2911 quae
1290 2835 1544 2913 poterat
1586 2824 1667 2889 de
1710 2823 1921 2890 officio
1968 2834 2033 2889 et
2070 2821 2315 2888 ratione

247 2918 521 2982 oratoris
559 2920 944 3007 disputabat.
1031 2921 1260 2987 horum
1295 2921 1431 2999 alii,
1468 2919 1655 2986 sicuti
1685 2919 1809 2986 iste
1843 2918 1983 3005 ipse
2016 2918 2313 2983 Mnesar-
2356 2944 2407 2985 ss

253 3010 443 3091 chus,
481 3013 598 3081 hos
607 3062 626 3093 ,
666 3038 828 3099 quos
863 3011 980 3081 nos
1017 3026 1300 3081 oratores
1337 3036 1739 3092 vocaremus,
1776 3012 1934 3079 nihil
1968 3034 2111 3078 esse
2147 3012 2317 3079 dice-

251 3106 368 3171 bat
415 3107 541 3173 nisi
590 3110 904 3192 quosdam
955 3110 1278 3221 operarios
1323 3110 1547 3197 lingua
1600 3108 1789 3175 celeri
1832 3118 1897 3173 et
1946 3107 2314 3186 exercitata3

250 3213 571 3267 oratorem
613 3214 854 3281 autem,
909 3204 1032 3270 nisi
1077 3205 1186 3289 qui
1231 3206 1487 3292 sapiens
1539 3215 1739 3283 esset,
1793 3225 1937 3269 esse
1978 3202 2314 3281 neminem,

252 3306 450 3380 atque
480 3294 690 3382 ipsam
725 3298 1181 3383 eloquentiam,
1235 3300 1411 3383 quod
1444 3322 1526 3365 ex
1558 3298 1723 3364 bene
1769 3297 2023 3363 dicendi
2054 3296 2319 3363 0010111111.

250 3400 598 3469 constaret,
632 3414 826 3457 unam
859 3394 1180 3477 quandam
1215 3416 1360 3459 esse
1392 3394 1688 3459 virtutem
1724 3404 1788 3457 et
1822 3393 1932 3477 qui
1964 3414 2159 3457 unam
2194 3391 2320 3455 vir-

253 3492 460 3549 tutem
495 3484 780 3564 haberet,
819 3486 1024 3552 omnis
1061 3486 1296 3552 habere
1331 3509 1567 3571 easque
1604 3509 1749 3553 esse
1781 3486 1947 3551 inter
1982 3507 2052 3549 se
2088 3505 2320 3567 aequa-

256 3575 338 3643 lis
375 3589 440 3643 et
471 3579 674 3665 paris3
721 3580 838 3661 ita,
891 3581 1001 3665 qui
1035 3593 1208 3647 esset
1251 3582 1583 3667 eloquens,
1630 3604 1773 3647 eum
1810 3581 2074 3645 virtutes
2112 3576 2316 3643 omnis

255 3671 496 3738 habere
549 3684 740 3757 atque
802 3697 948 3741 0000
1009 3675 1379 3762 sapientem.
1488 3676 1605 3741 sed
1653 3675 1815 3740 haec
1865 3683 2001 3738 erat
2062 3672 2321 3758 spinosa

253 3766 576 3847 quaedam
611 3778 676 3832 et
709 3768 894 3835 exilis
931 3769 1130 3835 oratio
1175 3770 1491 3856 longeque
1526 3792 1566 3833 a
1598 3767 1831 3836 nostris
1879 3766 2171 3833 sensibus
2208 3764 2321 3829 ab·

257 3857 578 3926 horrebat.
669 3860 1069 3929 Charmadas
1105 3885 1258 3929 vero
1293 3864 1493 3929 multo
1528 3861 1785 3928 uberius
1830 3859 2071 3925 eisdem
2106 3857 2187 3923 de
2218 3880 2321 3923 re-
2362 3880 2415 3924 ει

259 3949 386 4015 bus
421 3952 825 4037 loquebatur,
879 3979 1010 4022 non
1044 3978 1170 4041 quo
1213 3957 1487 4045 aperiret
1530 3954 1907 4021 sententiam
1954 3974 2163 4031 suam3
2216 3951 2321 4017 hic

253 4044 434 4111 enim
469 4070 608 4161 mos
645 4062 784 4117 erat
825 4051 1068 4139 patrius
1106 4051 1496 4118 Academiae
1542 4047 1864 4115 adversari
1901 4069 2150 4135 semper
2185 4070 2321 4115 om-

365 4148 416 4192 G·
399 4161 536 4194 nucero
612 4152 698 4195 v.ol
724 4152 783 4197 11.
1942 4154 1973 4203 2
