2784 4575
511 268 598 333 30
1001 274 1423 333 OORNIFICII
1456 274 2079 335 RHETORICORUM

511 402 601 469 ita
653 423 823 479 esse,
881 422 1069 486 quem
1121 400 1204 465 ad
1253 398 1515 465 modum
1566 395 1925 488 expositum
1978 411 2105 479 est,
2166 402 2345 467 velut
2393 404 2581 490 apud

511 496 844 562 Plautum:

767 590 1054 655 amicum
1075 587 1388 675 castigare
1424 588 1507 653 ob
1542 589 1832 653 meritam
1866 589 2127 655 noxiam

765 684 1044 749 immune
1079 693 1180 748 est
1211 681 1489 761 facinus,
1526 705 1747 748 verum
1780 682 1849 747 in
1884 693 2089 749 aetate
2123 684 2277 749 utile

766 788 832 843 et
865 774 1282 843 conducibile.

506 873 666 940 haec
701 871 1012 958 expositio
1049 881 1175 935 estz
1211 869 1571 949 videamus,
1610 892 1771 955 quae
1806 870 1968 937 ratio
2004 871 2353 939 adferatur:

933 988 1083 1030 nam
1119 986 1242 1051 ego
1277 964 1551 1029 amicum
1584 964 1773 1032 hodie
1807 987 2022 1029 meum

763 1058 1212 1145 concastigabo
1247 1080 1363 1144 pro
1398 1060 1741 1125 commissa
1773 1059 1984 1125 noxia.

505 1177 585 1219 ex
623 1176 728 1231 eo,
766 1153 938 1236 quod
968 1152 1108 1237 ipse
1144 1152 1427 1217 facturus
1463 1164 1581 1231 est,
1617 1174 1747 1218 non
1782 1175 1865 1219 ex
1898 1175 1997 1231 eo,
2033 1154 2204 1237 quod
2236 1154 2375 1219 fieri
2408 1175 2575 1221 con-

503 1246 704 1325 venit,
750 1245 904 1313 utile
950 1245 1103 1329 quid
1147 1246 1254 1324 sit,
1298 1246 1725 1313 ratiocinatur.
1812 1271 1981 1313 vana
2010 1248 2173 1315 ratio
2217 1260 2344 1328 est,
2394 1272 2568 1335 quae

503 1362 585 1405 ex
618 1340 784 1405 falsa
819 1361 1012 1405 causa
1046 1350 1319 1419 constat,
1367 1341 1491 1407 hoc
1530 1342 1749 1408 modo:
1804 1348 2011 1411 ‘amor
2052 1342 2391 1431 fugiendus
2427 1368 2565 1413 non

502 1445 630 1513 est,
683 1458 835 1499 nam
889 1456 971 1499 ex
1023 1456 1100 1499 eo
1154 1435 1489 1501 verissima
1542 1436 1823 1503 nascitur
1874 1437 2207 1517 amicitia3'
2274 1450 2385 1503 aut
2432 1439 2565 1506 hoc

501 1528 720 1594 modo:
777 1526 1207 1615 ‘philosophia
1257 1530 1519 1595 vitanda
1560 1540 1686 1609 est3
1742 1530 1950 1597 adfert
1990 1530 2159 1607 enim
2202 1532 2563 1599 socordiam

501 1632 690 1707 atque
745 1622 1092 1689 desidiam?
1181 1647 1332 1689 nam
1381 1624 1505 1691 hae
1554 1625 1831 1692 rationes
1888 1625 2015 1691 nisi
2059 1625 2267 1691 falsae
2318 1638 2559 1708 essent,

402 1740 456 1781 se
499 1717 926 1807 expositiones
957 1740 1208 1803 quoque
1237 1742 1457 1785 earum
1480 1742 1666 1785 veras
1694 1741 1839 1785 esse
1866 1720 2327 1787 confiteremur.
2369 1722 2557 1789 item-

498 1835 622 1898 que
653 1814 904 1879 infirma
934 1814 1096 1879 ratio
1133 1825 1259 1893 est,
1307 1836 1471 1897 quae
1504 1837 1633 1879 non
1675 1815 2103 1881 necessariam
2144 1836 2405 1881 causam
2440 1818 2559 1883 ad-

496 1906 622 1973 fert
655 1906 1068 1994 expositionis
1080 1932 1098 1984 3
1135 1907 1312 1972 velut
1341 1906 1697 1973 Pacuvius:

622 2000 974 2066 Fortunam
1016 2000 1308 2065 insanam
1353 2022 1497 2065 esse
1541 2011 1607 2065 et
1650 2021 1905 2068 caecam
1947 2012 2013 2067 et
2045 2002 2297 2069 brutam
2340 2004 2557 2091 perhi-

1008 2093 1165 2157 bent
1195 2092 1580 2180 philosophi,

626 2206 907 2269 saxoque
941 2184 1176 2252 instare
1212 2187 1282 2252 in
1314 2188 1584 2274 globoso
1616 2189 1985 2276 praedicant
2016 2189 2309 2256 volubili:

623 2277 691 2343 id
724 2300 850 2364 quo
887 2303 1114 2346 saxum
1145 2279 1445 2369 inpulerit
1486 2281 1648 2361 fors,
1694 2306 1772 2351 eo
1816 2283 2043 2352 cadere
2084 2284 2405 2352 fortunam
2439 2307 2555 2352 au-

1008 2385 1273 2440 tumant.

622 2487 878 2534 caecam
923 2467 1006 2534 ob
1043 2491 1186 2534 eam
1234 2491 1371 2536 rem
1416 2491 1561 2536 esse
1606 2469 1865 2550 iterant,
1920 2472 2070 2556 quia
2110 2471 2267 2536 nihil
2312 2483 2549 2552 cernat,

1007 2584 1132 2647 quo
1171 2587 1316 2630 sese
1353 2564 1629 2653 adplicet
1638 2591 1657 2644 ;

618 2657 909 2724 insanam
953 2670 1165 2725 autem
1209 2660 1411 2740 aiunt,
1468 2661 1616 2746 quia
1662 2672 1871 2740 atrox,
1923 2663 2165 2728 incerta
2204 2660 2551 2729 instabilis-

1006 2777 1131 2840 que
1169 2755 1280 2836 sit3

618 2848 897 2927 brutam,
936 2849 1084 2933 quia
1126 2850 1391 2936 dignum
1436 2861 1625 2933 atque
1670 2850 2007 2936 indignum
2048 2861 2322 2933 nequeat
2355 2851 2551 2917 inter-

1005 2963 1289 3008 noscere.

621 3041 770 3094 sunt
795 3041 1007 3096 autem
1035 3034 1140 3096 alii
1163 3033 1548 3118 philosophi,
1585 3033 1693 3116 qui
1720 3043 1939 3099 contra
1963 3033 2283 3098 fortunam
2308 3051 2549 3122 negant

615 3121 812 3186 ullam
845 3135 1090 3202 extare,
1127 3127 1479 3190 temeritate
1514 3125 1685 3190 enim
1719 3136 2049 3190 autumant
2083 3149 2227 3192 esse
2259 3129 2501 3197 omnia:

615 3214 684 3278 id
733 3216 938 3302 magis
998 3217 1132 3282 veri
1186 3218 1388 3282 simile
1452 3241 1596 3284 esse
1646 3240 1803 3284 usus
1862 3241 2090 3306 reapse
2154 3224 2542 3308 experiundo

1006 3311 1246 3376 edocet.

615 3400 791 3466 velut
826 3400 1092 3470 Orestes
1127 3405 1318 3470 modo
1353 3405 1477 3471 fuit
1508 3427 1653 3483 rex,
1700 3406 1937 3472 factust
1978 3409 2304 3476 mendicus
2349 3413 2538 3480 modo

615 3493 978 3581 naufragio:
1031 3521 1260 3584 nempe
1303 3521 1458 3585 ergo
1501 3499 1570 3563 id
1610 3499 1835 3579 fluctu,
1882 3501 2039 3567 haut
2080 3503 2243 3570 forte
2286 3506 2540 3572 fortuna

1002 3592 1246 3678 optigit.

486 3703 636 3745 nam
670 3680 774 3744 hic
807 3681 1128 3750 Pacuvius
1163 3686 1412 3754 infirma
1452 3689 1695 3756 ratione
1735 3689 1959 3768 utitur,
2014 3713 2160 3755 cum
2195 3690 2283 3755 ait
2326 3691 2535 3757 verius

487 3795 630 3840 esse
666 3774 1014 3863 temeritate
1051 3799 1239 3862 quam
1273 3782 1529 3848 fortuna
1561 3807 1665 3850 res
1700 3785 1867 3870 regit
1912 3807 2061 3850 nam
2094 3795 2363 3868 utraque
2399 3787 2537 3871 opi-

485 3864 674 3930 nione
716 3867 1238 3956 philosophorum
1273 3875 1417 3941 fieri
1460 3877 1691 3963 potuit,
1734 3889 1810 3942 -ut
1850 3877 1935 3954 is,
1980 3877 2088 3960 qui
2128 3900 2247 3942 rex
2286 3877 2532 3959 fuisset,

383 3957 454 4014 24
485 3959 812 4027 mendicus
847 3963 1054 4032 factus
1091 3981 1280 4035 esset.
1349 3970 1504 4036 item
1536 3971 1786 4037 infirma
1817 3971 1977 4036 ratio
2006 3979 2122 4047 est,
2160 3991 2323 4054 quae
2358 3973 2535 4039 vide-

388 4035 442 4076 ³⁷
485 4062 588 4116 tur
619 4075 738 4139 pro
779 4057 1022 4126 ratione
1067 4063 1325 4144 adferri,
1373 4065 1490 4131 sed
1530 4065 1701 4132 idem
1745 4063 1922 4141 dicit,
1968 4063 2137 4146 quod
2170 4065 2239 4130 in
2282 4067 2535 4154 exposi-
