2784 4575
414 659 490 702 105

410 1569 487 1610 106

408 2412 481 2452 10⁷

407 3540 479 3576 2⁴33

522 264 653 332 300
739 276 749 281 “
1139 273 1217 329 Μ.
1256 271 1530 331 TULLII
1565 271 1966 329 CICERONIS

525 399 805 479 dicendi,
859 408 1072 464 tamen
1105 407 1235 463 non
1283 418 1535 482 semper
1577 393 1799 484 implet
1842 397 2010 462 amis
2056 421 2262 479 meas3
2314 399 2410 464 ita
2448 415 2608 468 sunt

525 496 750 562 avidae
785 507 851 560 et
883 512 1151 580 capaces
1188 501 1254 557 et
1288 513 1540 577 semper
1565 490 1854 602 aliquid·
1835 513 2217 558 1mmensum
2242 492 2606 560 infinitum-

419 588 491 642 30
525 613 648 677 que
693 587 1076 673 desiderant.
1166 585 1282 652 sed
1323 597 1567 663 tamen,
1622 585 1923 669 quoniam
1958 596 2024 652 et
2064 585 2244 652 hunc
2271 599 2344 652 tu
2378 586 2605 656 orato-

520 709 660 752 rem
694 706 843 750 cum
873 683 1010 748 eius
1048 680 1515 748 studiosissimo
1548 681 1929 760 Pammene,
1975 702 2123 748 cum
2168 705 2350 748 esses
2381 685 2603 751 Athe-

522 782 654 861 nis,
699 791 904 846 totum
949 776 1433 864 diligentissime
1478 775 1836 862 cognovisti
1878 798 2088 862 neque
2132 800 2280 843 eum
2324 779 2597 846 dimittis

524 900 560 943 e
595 876 890 943 manibus
926 884 993 940 et
1025 884 1239 938 tamen
1272 882 1497 938 nostra
1530 871 1723 936 etiam
1756 871 2036 952 lectitas,
2083 873 2266 939 vides
2298 875 2596 961 profecto

523 973 701 1037 illum
734 969 936 1036 multa
966 969 1300 1057 perficere,
1335 988 1455 1031 nos
1490 965 1690 1031 multa
1725 967 1969 1046 conari3
2004 967 2184 1032 illum
2216 991 2437 1056 posse,
2474 995 2595 1036 nos

523 1066 716 1145 velle,
763 1085 1164 1150 quocumque
1199 1061 1390 1126 modo
1427 1083 1623 1126 causa
1653 1061 1964 1148 postulet,
2009 1061 2239 1129 dicere.
2310 1065 2455 1129 »sed
2484 1065 2594 1130 ille

523 1184 795 1247 magnus
804 1185 824 1239 3
877 1182 1026 1225 nam
1065 1169 1129 1223 et
1163 1156 1475 1222 successit
1515 1155 1655 1242 ipse
1698 1156 1951 1242 magnis
1988 1167 2076 1222 et‘
2096 1157 2413 1225 maximos
2452 1183 2593 1225 ora-

522 1269 693 1324 tores
736 1255 961 1321 habuit
1003 1252 1316 1339 aequalis:
1367 1274 1488 1317 nos
1531 1273 1839 1339 magnum
1890 1252 2294 1332 fecissemus,
2350 1252 2409 1318 si
2455 1255 2594 1339 qui-

523 1350 671 1416 dem
695 1349 1146 1438 potuissemus,
1185 1369 1311 1432 quo
1347 1346 1808 1426 contendimus,
1843 1346 2175 1433 pervenire
2201 1347 2271 1413 in
2296 1370 2377 1414 ea
2407 1351 2590 1428 urbe,

520 1445 588 1510 in
640 1466 794 1529 qua,
860 1453 932 1508 ut
983 1443 1071 1506 ait
1101 1440 1457 1520 Antonius,
1520 1440 1771 1506 auditus
1828 1442 2132 1526 eloquens
2185 1464 2375 1509 nemo
2432 1456 2590 1510 erat.

522 1539 697 1623 atqui
732 1539 789 1604 si
819 1537 1106 1603 Antonio
1144 1534 1421 1602 Crassus
1458 1536 1760 1620 eloquens
1797 1535 1974 1601 visus
2018 1558 2150 1602 non
2184 1549 2285 1603 est
2320 1549 2433 1604 aut
2466 1539 2593 1604 sibi

519 1634 688 1721 ipse,
743 1631 858 1698 tibi
902 1652 1250 1715 numquam
1287 1628 1482 1696 Cotta
1516 1630 1693 1696 visus
1729 1641 1929 1709 esset,
1983 1652 2331 1715 numquam
2368 1628 2590 1719 Sulpi-

519 1728 654 1794 cius
667 1776 684 1805 ,
747 1747 1095 1810 numquam
1151 1723 1571 1790 Hortensius:
1643 1725 1801 1790 nihil
1862 1724 2034 1790 enim
2095 1725 2304 1811 ample
2369 1724 2586 1805 Cotta,

518 1822 676 1888 nihil
727 1821 953 1887 leniter
999 1817 1352 1906 Sulpicius,
1405 1842 1536 1886 non
1585 1820 1786 1885 multa
1837 1820 2116 1906 graviter
2164 1820 2585 1899 Hortensius3

521 1917 879 2004 superiores
922 1913 1130 2000 magis
1167 1912 1251 1978 ad
1294 1935 1482 1979 omne
1528 1936 1732 2000 genus
1778 1914 1938 2000 apti,
1996 1912 2303 1980 Crassum
2336 1914 2481 1980 dico
2516 1927 2588 1980 et

517 2010 892 2076 Antonium.
979 2007 1225 2072 ieiunas
1265 2007 1474 2093 igitur
1525 2006 1713 2072 huius
1764 2008 2129 2094 multiplicis
2175 2021 2235 2074 et
2273 2008 2583 2089 aequabi-

517 2104 660 2169 liter
729 2103 799 2167 in
868 2100 1083 2166 omnia
1148 2122 1386 2186 genera
1447 2099 1631 2166 fusae
1692 2102 1995 2167 orationis
2068 2101 2225 2168 auris
2292 2099 2581 2166 civitatis

519 2195 910 2281 accepimus,
979 2215 1216 2278 easque
1276 2216 1396 2260 nos
1466 2195 1682 2282 primi,
1755 2197 2134 2281 quicumque
2194 2219 2441 2262 eramus
2515 2207 2587 2261 et

517 2287 1161 2374 quantulumcumque
1197 2287 1593 2369 dicebamus,
1632 2290 1716 2356 ad
1749 2290 1937 2357 huius
1974 2292 2226 2379 generis
2244 2287 2578 2379 [dicendi]

519 2383 816 2450 audiendi
848 2382 1244 2449 incredibilia
1279 2383 1491 2449 studia
1518 2385 1964 2451 convertimus.
2019 2386 2272 2471 quantis
2306 2385 2417 2450 illa
2451 2386 2583 2451 cla-

516 2478 798 2545 moribus
853 2476 1312 2543 adulescentuli
1375 2479 1650 2544 diximus
1709 2476 1819 2565 [de
1874 2480 2185 2567 supplicio
2236 2479 2583 2567 parricida-

514 2571 718 2662 rum],
772 2595 934 2658 quae
985 2594 1388 2658 nequaquam
1442 2574 1595 2639 satis
1650 2573 2000 2640 defervisse
2046 2585 2203 2662 post
2254 2573 2579 2659 aliquanto

519 2669 751 2735 sentire
779 2667 1134 2757 coepimus:
1173 2668 1353 2754 ‘quid
1379 2668 1556 2751 enim¹
1575 2678 1709 2734 tam
1735 2690 2067 2735 commune
2095 2691 2287 2754 quam
2317 2668 2578 2755 spiritus

519 2764 706 2842 vivis,
743 2774 912 2829 terra
943 2764 1238 2841 mortuis,
1273 2785 1450 2829 mare
1484 2763 1965 2843 fluctuantibus,
2000 2764 2151 2829 litus
2190 2764 2449 2829 eiectis?
2483 2763 2577 2828 ita

519 2856 766 2935 vivunt,
822 2858 976 2924 dum
1024 2869 1323 2946 possunt,
1376 2869 1449 2924 ut
1492 2857 1721 2925 ducere
1767 2858 2043 2924 animam
2095 2859 2175 2924 de
2221 2858 2397 2924 caelo
2450 2881 2584 2924 non

519 2960 779 3032 queant3
831 2950 922 3015 ita
955 2952 1336 3030 moriuntur,
1387 2962 1463 3016 ut
1496 2974 1718 3018 eorum
1761 2975 1913 3019 ossa
1944 2963 2113 3018 terra
2154 2976 2283 3019 non
2324 2963 2581 3041 tangat3

516 3044 605 3108 ita
653 3042 970 3110 iactantur
1017 3045 1314 3111 fluctibus
1327 3094 1345 3123 ,
1403 3057 1475 3111 ut
1524 3068 1872 3131 numquam
1925 3048 2286 3126 adluantur3
2338 3047 2430 3112 ita
2460 3070 2583 3133 po-

519 3148 752 3203 stremo
807 3139 1149 3217 eiciuntur,
1209 3151 1286 3205 ut
1343 3162 1427 3206 ne
1480 3142 1564 3206 ad
1616 3164 1773 3208 saxa
1823 3142 2079 3227 quidem
2139 3142 2374 3210 mortui
2426 3164 2584 3208 con-

516 3230 896 3312 quieseant:
949 3244 1014 3298 et
1056 3254 1220 3317 quae
1275 3246 1643 3319 sequuntur.
1734 3249 1883 3303 sunt
1932 3237 2103 3303 enim
2146 3237 2360 3303 omnia
2412 3237 2584 3303 sicut

515 3323 939 3391 adulescentis
989 3349 1122 3392 non
1165 3338 1297 3392 tam
1329 3351 1402 3395 re
1437 3340 1503 3394 et
1551 3330 1911 3397 maturitate
1964 3353 2156 3414 quam
2200 3354 2314 3419 spe
2358 3343 2425 3397 et
2466 3355 2583 3397 ex-

519 3419 903 3504 spectatione
927 3418 1186 3487 laudati.
1260 3423 1341 3488 ab
1375 3421 1499 3488 hac
1531 3422 1797 3490 indole
1776 3446 1907 3489 ram
1940 3425 2050 3491 illa
2065 3436 2349 3491 matura.
2388 3432 2583 3493 ‘uxor

519 3514 764 3600 generi,
818 3536 1096 3581 noverca
1141 3515 1286 3595 filii,
1347 3516 1516 3583 filiae
1567 3518 1820 3605 pellex?
1907 3540 2028 3586 nec
2081 3541 2231 3586 vero
2284 3518 2389 3586 hic
2440 3534 2585 3587 erat

515 3629 679 3674 unus
716 3609 955 3675 ardor'
935 3633 1004 3673 m
1037 3610 1242 3690 nobis,
1278 3621 1352 3676 ut
1383 3610 1507 3677 hoc
1542 3613 1731 3679 modo
1768 3612 1983 3679 omnia
2014 3614 2399 3693 diceremus3
2432 3613 2587 3701 ipsa

519 3700 690 3767 enim
721 3702 832 3769 illa
869 3700 1013 3791 [pro
1048 3660 1325 3815 Roscio]
1352 3704 1648 3773 iuvenilis
1682 3707 2104 3774 redundantia
2144 3708 2348 3774 multa
2378 3664 2589 3774 habet

515 3807 856 3875 attenuata,
894 3799 1207 3882 quaedam
1243 3800 1436 3865 etiam
1468 3802 1661 3889 paulo
1697 3801 2014 3882 hilariora,
2050 3813 2124 3869 u't
2154 3826 2273 3890 pro
2306 3802 2582 3883 Habito,

513 3913 627 3973 pro
665 3888 964 3957 Cornelio
1001 3894 1486 3981 compluresque
1522 3895 1711 3976 aliae3
1764 3921 1953 3964 nemo
1990 3898 2160 3964 enim
2195 3908 2407 3965 orator
2440 3908 2583 3964 tam

515 3983 714 4048 multa
753 4006 836 4050 ne
878 3985 948 4050 in
994 3984 1245 4054 Graeco
1298 3988 1557 4072 quidem
1609 3991 1739 4057 otio
1793 3992 2073 4079 scripsit,
2129 4016 2321 4079 quam
2370 3993 2583 4059 multa

519 4083 664 4137 sunt
715 4087 962 4155 nostra,
1025 4100 1226 4163 eaque
1279 4081 1447 4147 hanc
1496 4083 1704 4169 ipsam
1766 4085 2031 4166 habent,
2096 4110 2289 4173 quam
2344 4088 2579 4175 pr0b0,
