2784 4575
726 288 834 345 DE
868 288 1354 349 mmmmm:
1388 290 1466 345 11.
1502 290 1810 371 loa-loa
2172 275 2299 343 185

244 413 464 481 scendi
496 412 886 479 voluntatem
922 411 1170 479 ducere.
1227 432 1356 497 qua
1394 431 1471 479 re'
1502 412 1625 479 hoc
1658 435 1881 499 genus,
1920 432 2303 498 quamquam
2338 438 2417 483 ios

240 510 312 573 in
351 506 598 573 iudiciis
641 529 772 573 non
815 518 1133 585 versatur,
1187 508 1312 573 nisi
1363 508 1639 591 quadam
1684 528 1767 572 ex
1807 516 2015 593 parte,
2069 519 2302 587 tamen,

243 602 394 687 quia
435 611 500 667 et
539 624 690 689 pars
733 602 892 667 haec
934 601 1080 687 ipsa
1127 602 1487 667 inducenda
1536 624 1667 667 non
1709 623 2057 685 numquam
2100 612 2201 667 est
2242 614 2307 667 et

240 696 311 761 in
345 706 571 762 senatu
605 706 716 762 aut
745 695 816 761 in
849 696 1112 763 consilio
1151 718 1342 783 saepe
1379 696 1552 761 omni
1584 696 1653 761 in
1687 718 1921 783 genere
1956 695 2304 775 tractanda,

239 792 310 857 in
357 790 428 857 id
477 813 728 876 quoque
778 801 1121 878 praecepta
1169 813 1502 878 ponemus.
1590 814 1741 856 nam
1782 792 1851 855 in
1894 800 2121 857 senatu
2167 787 2308 877 [aut

240 885 310 951 in
353 884 646 973 consilio]
695 885 775 951 de
821 882 1120 971 Syphace
1173 885 1282 949 diu
1337 884 1755 950 deliberatum
1805 895 1905 951 est
1912 910 1931 965 3
1987 894 2051 951 et
2095 885 2175 950 de
2218 882 2303 967 Q.

239 979 594 1046 Numitorio
645 979 836 1044 Pullo
903 979 1074 1065 apud
1124 979 1208 1043 L.
1265 978 1599 1065 Opimium
1650 990 1715 1043 et
1774 978 1910 1046 eius
1974 978 2305 1044 consilium

243 1073 355 1138 diu
387 1074 628 1138 dietum
664 1084 781 1149 est,
821 1082 886 1137 et
917 1072 1122 1159 magis
1157 1072 1226 1137 in
1261 1072 1383 1138 hoc
1420 1073 1677 1158 quidem
1710 1072 2086 1160 ignoscendi
2114 1094 2305 1157 quam

244 1166 674 1255 cognoscendi
722 1164 1062 1253 postulatio
1115 1167 1339 1246 valuit3
1393 1190 1544 1233 nam
1588 1188 1839 1253 semper
1882 1166 2092 1233 animo
2137 1168 2305 1234 bono

243 1282 316 1329 se
346 1262 428 1333 ‚in
469 1262 776 1349 populum
812 1260 1178 1329 Romanum
1227 1261 1447 1327 fuisse
1475 1284 1605 1327 non
1656 1272 1789 1325 tam
1838 1260 2024 1327 facile
2074 1262 2309 1349 proba-

240 1356 380 1433 bat,
445 1378 591 1421 cum
651 1356 1058 1422 coniecturali
1116 1356 1564 1422 constitutione
1623 1365 1930 1434 uteretur,
1994 1378 2184 1441 quam
2232 1367 2308 1422 ut

242 1461 500 1536 propter
533 1450 849 1535 posterius
902 1449 1279 1515 beneficium
1325 1450 1449 1517 sibi
1489 1450 1952 1537 ignosceretur,
2005 1466 2153 1517 cum
2195 1450 2307 1517 de-

241 1544 622 1631 precationis
657 1544 858 1629 partis
895 1544 1286 1630 adiungeret.
1373 1544 1692 1630 oportebit
1729 1544 1925 1631 igitur
1966 1568 2141 1624 eum,
2195 1546 2365 1653 qui
2338 1540 2409 1595 35

244 1636 367 1704 sibi
400 1649 474 1703 ut
505 1638 902 1725 ignoscatur,
954 1637 1331 1724 postulabit,
1369 1658 1889 1717 commemorare,
1936 1639 1991 1704 si
2024 1661 2153 1723 qua
2189 1614 2365 1705 sua1

239 1732 474 1819 poterit
505 1730 818 1798 beneficia
851 1742 940 1809 et,
987 1731 1043 1797 si
1076 1730 1336 1819 poterit,
1383 1731 1717 1797 ostendere
1754 1755 1833 1798 ea
1862 1732 2105 1798 maiora
2140 1754 2303 1812 esse,

243 1848 436 1911 quam
479 1826 669 1905 haec,
721 1848 886 1910 quae
941 1824 1301 1910 deliquerit,
1354 1836 1429 1891 ut
1469 1826 1615 1912 plus
1662 1827 1743 1891 ab
1788 1848 1866 1893 eo
1910 1826 2062 1892 boni
2114 1847 2307 1909 quam

240 1922 392 1988 mali
426 1922 784 2009 profectum
827 1942 972 1987 esse
1029 1920 1349 2000 videatur3
1404 1921 1633 1987 deinde
1684 1920 1995 1988 maiorum
2047 1942 2306 1988 suorum

236 2015 573 2095 beneficia,
629 2016 686 2081 si
728 2036 856 2099 qua
898 2016 1266 2097 exstabunt,
1317 2016 1631 2101 proferre3
1688 2015 1917 2081 deinde
1970 2014 2309 2081 ostendere

237 2133 370 2176 non
404 2110 550 2176 odio
585 2132 794 2195 neque
829 2103 1200 2177 crudelitate
1215 2146 1220 2148 ·
1234 2110 1497 2189 fecisse,
1544 2110 1716 2195 quod
1748 2108 1997 2189 fecerit,
2044 2110 2161 2176 sed
2196 2120 2306 2175 aut

241 2203 510 2270 stultitia
543 2214 653 2269 aut
685 2204 968 2293 impulsu
1002 2196 1274 2271 alicuius
1287 2216 1416 2271 -aut
1450 2205 1663 2291 aliqua
1702 2204 1973 2272 honesta
2016 2215 2126 2271 aut
2158 2228 2306 2293 pro-
2430 2250 2433 2255 -

238 2297 438 2363 babili
489 2320 711 2378 causa3
771 2311 999 2386 postea
1055 2295 1342 2387 polliceri
1394 2313 1461 2367 et
1521 2301 1893 2368 confirmare
1945 2321 2015 2366 se
2068 2311 2132 2366 et
2184 2300 2307 2366 hoc

239 2402 504 2480 peccato
549 2393 806 2458 doctum
841 2405 906 2459 et
937 2394 1246 2461 beneficio
1299 2417 1546 2474 eorum,
1600 2395 1709 2480 qui
1754 2395 1876 2460 sibi
1926 2394 2304 2481 ignoverint,

241 2487 708 2566 confirmatum,
781 2487 954 2554 omni
1021 2499 1306 2574 tempore
1370 2513 1411 2554 a
1468 2489 1581 2554 tali
1640 2489 1883 2554 ratione
1954 2489 2303 2566 afuturum3

242 2580 472 2646 deinde
509 2602 690 2666 spem
732 2582 1067 2647 ostendere
1112 2581 1322 2666 aliquo
1359 2605 1429 2648 se
1464 2583 1530 2646 in
1565 2582 1719 2648 loco·
1750 2604 1986 2669 magno
2021 2581 2142 2658 eis,
2198 2579 2307 2665 qui

244 2675 368 2740 sibi
403 2674 860 2752 concesserint,
913 2676 1060 2739 usui
1092 2675 1403 2754 futurum3
1456 2686 1713 2762 postea,
1770 2676 1825 2740 si
1858 2675 2129 2740 facultas
2166 2674 2303 2752 erit,
2341 2698 2417 2739 10⁷

243 2791 314 2835 se
350 2781 462 2834 aut
495 2767 1037 2854 consanguineum
1067 2771 1310 2855 mayn-is
1345 2781 1403 2834 et
1426 2771 1817 2856 mndpibm
1850 2771 1999 2834 viris
2036 2777 2147 2833 aut
2175 2767 2309 2833 iam

241 2887 282 2929 a
331 2861 677 2929 maioribus
729 2861 799 2926 in
849 2861 1071 2949 primis
1139 2863 1412 2928 amicum
1472 2885 1617 2928 esse
1672 2859 2184 2948 [demonstrabit]
2242 2873 2307 2928 et

242 2954 722 3044 amplitudinem
751 2977 906 3022 suae
933 2955 1298 3035 voluntatis,
1335 2955 1729 3023 nobilitatem
1755 2956 2029 3043 generis,
2066 2978 2304 3034 eorum,

242 3051 352 3136 qui
405 3074 476 3118 se
529 3051 778 3117 salvum
836 3050 1066 3130 velint,
1130 3051 1505 3138 dignitatem
1558 3050 1923 3129 ostendere,
1980 3061 2047 3116 et
2098 3062 2309 3116 cetera

241 3168 346 3224 ea,
400 3168 562 3231 quae
595 3146 886 3232 personis
941 3146 1025 3210 ad
1075 3144 1477 3211 honestatem
1520 3157 1585 3210 et
1628 3144 2106 3231 amplitudinem
2131 3154 2307 3210 sunt

241 3241 567 3318 attributa,
623 3261 768 3305 cum
802 3240 1255 3324 conquestione
1302 3240 1440 3306 sine
1487 3239 1887 3327 adrogantia,
1942 3239 2010 3305 in
2055 3263 2124 3305 se
2162 3262 2305 3306 esse

245 3331 760 3422 [demonstrabit]
774 3385 792 3414 ,
847 3347 920 3401 ut
952 3336 1192 3403 honore
1227 3337 1439 3423 potius
1496 3335 1707 3421 aliquo
1761 3357 1953 3419 quam
1986 3336 2117 3402 ullo
2154 3359 2307 3422 sup-

240 3427 432 3516 plicio
469 3427 701 3512 dignus
737 3434 882 3494 esse
915 3430 1233 3509 videatur3
1271 3430 1501 3496 deinde
1538 3440 1781 3496 ceteros
1817 3429 2129 3516 proferre,
2167 3429 2307 3512 qui-

244 3523 364 3588 bus
419 3521 662 3587 maiora
712 3543 1017 3589 concessa
1069 3524 1302 3589 delicta
1351 3525 1507 3603 sint3
1562 3545 1637 3590 ac
1678 3524 1948 3589 multum
1998 3521 2303 3608 proficiet,

243 3616 302 3683 si
355 3635 426 3682 se
476 3614 978 3694 misericordem,
1039 3617 1106 3680 in
1155 3627 1472 3703 potestate
1530 3639 1919 3705 propensum
1983 3615 2067 3681 ad
2120 3613 2307 3701 igno-

243 3709 552 3778 scendum
603 3708 805 3775 fuisse
858 3707 1169 3776 ostendet.
1259 3721 1451 3796 atque
1500 3709 1715 3797 ipsum
1764 3709 1923 3776 illud
1972 3715 2306 3796 peccatum
2484 3786 2490 3791 ,

241 3807 362 3872 erit
405 3805 904 3882 extenuandum,
955 3816 1029 3870 ut
1071 3817 1262 3890 q'uam
1301 3807 1635 3872 minimum
1685 3805 1970 3872 obfuisse
2016 3803 2305 3868 videatur
2428 3829 2431 3834 ·

245 3911 310 3964 et
355 3911 466 3964 aut
516 3911 702 3988 turpe
757 3910 866 3964 aut
906 3899 1128 3966 inutile
1181 3897 1745 3966 demonstrandum
1778 3898 1890 3963 tali
1924 3897 2005 3962 de
2048 3895 2303 3962 homine

245 3992 626 4079 supplicium
662 4017 938 4072 sumere3
995 3993 1223 4060 deinde
1257 3995 1417 4061 locis
1464 3991 1903 4059 communibus
1946 3989 2303 4056 misericor·
2334 4015 2413 4056 108

243 4087 416 4153 diam
451 4099 703 4176 captare
745 4088 1062 4177 oportebit
1095 4108 1178 4154 ex
1212 4089 1304 4155 eis
1347 4085 1739 4176 praeceptis,
1788 4107 1951 4172 quae
1983 4085 2054 4152 in
2094 4084 2299 4174 primo
