2784 4575
895 225 1215 317 oizA‘roa
1249 261 1396 315 95-
1407 259 1525 315 104.
1613 259 1615 262 ’
2110 247 2244 316 299

165 387 291 454 tite
300 382 352 474 ,]
411 383 696 462 definite',
723 349 1043 450 ¹distincte
1053 432 1074 464 ,
1126 382 1332 449 facete
1385 383 1623 461 dicere,
1675 381 2051 470 praesertim
2092 405 2240 451 cum

76 505 84 542 z
167 503 411 548 causae
446 479 678 568 partim
712 488 882 545 totae
917 479 1047 544 sint
1079 502 1156 544 eo
1190 479 1401 556 mode,
1438 479 1667 566 partim
1702 479 1915 564 aliqua
1947 501 2031 544 ex
2061 491 2243 566 parte

76 601 86 640 ε
169 575 579 652 tractandae,
617 573 673 639 si
705 570 762 640 is
797 594 928 639 non
961 571 1356 660 praeparatis
1391 572 1647 638 auribus
1682 572 2075 638 inflammare
2106 595 2244 639 rem

169 670 422 757 coepit,
465 668 678 734 furere
713 667 886 753 apud
921 688 1114 733 sanos
1151 675 1215 731 et
1249 665 1437 777 quasi
1466 665 1631 731 inter
1666 666 1913 732 sobrios
1946 665 2244 732 bacchari

171 764 547 829 vinolentus
583 761 852 828 videtur.
941 771 1229 827 tenemus
1264 760 1479 848 igitur,
1512 761 1735 839 Brute,
1773 781 1963 845 quem
1997 761 2244 846 quaeri-
2280 789 2363 830 100

170 880 356 936 mus,
411 856 532 923 sed
575 856 818 934 anim03
875 850 1060 943 [non]
1105 877 1302 920 manu
1337 854 1392 920 si
1426 854 1937 964 prehendissem,
1986 878 2071 922 ne
2103 853 2243 943 ipse
2344 935 2352 943 κ

79 983 82 989 ·
175 952 446 1036 quidem
481 974 601 1016 sua
633 960 812 1015 tanta
846 949 1208 1033 eloquentia
1237 948 1394 1014 mihi
1430 948 1905 1035 persuasisset,
1895 959 2009 1014 ut
2044 973 2115 1015 se
2150 951 2274 1015 di-

75 1079 82 1117 ς
172 1045 516 1111 mitterem.
571 1045 690 1109 sed
720 1052 1018 1108 inventus
1054 1043 1341 1130 profecto
1367 1053 1469 1108 est
1492 1043 1599 1107 ille
1630 1039 2019 1132 [eloquens],
2055 1063 2247 1127 quem
2279 1061 2354 1114 29

76 1173 82 1212 ς
173 1160 530 1224 numquam
563 1137 722 1204 vidit
753 1136 1099 1203 Antonius.
1168 1136 1330 1221 ,quis
1367 1146 1469 1202 est
1499 1136 1694 1224 igitur
1734 1137 1831 1202 is?
1860 1137 2248 1224 complectar

76 1271 78 1276 ·
173 1234 390 1311 brevi,
445 1233 756 1299 disseram
798 1231 1108 1318 pluribus.
1193 1231 1251 1296 is
1296 1242 1397 1297 est
1442 1231 1612 1296 enim
1654 1231 1987 1315 eloquens,
2040 1231 2149 1316 qui
2184 1242 2249 1296 et

76 1383 77 1386 ,
175 1327 448 1393 humilia
501 1326 814 1393 subtiliter
857 1335 922 1391 et
963 1348 1200 1412 magna
1249 1325 1531 1412 graviter
1580 1335 1646 1390 et
1693 1325 2038 1392 mediocria
2087 1336 2247 1390 tem-

174 1431 400 1549 perate
450 1431 663 1507 potest
706 1419 934 1485 dicere.
1028 1426 1242 1485 ‘nemo
1302 1419 1386 1484 is'
1439 1419 1688 1503 inquies
1734 1425 2042 1504 ‘unquam
2083 1419 2223 1485 fuit.
2226 1419 2243 1448 ’
2279 1449 2359 1489 101

181 1521 294 1579 ‘ne
330 1514 549 1580 fuerit.
605 1535 726 1600 ego
763 1514 934 1578 enim
981 1513 1134 1598 quid
1177 1512 1565 1592 desiderem,
1618 1536 1750 1578 non
1792 1513 1947 1598 quid
1980 1512 2247 1578 viderim
2338 1583 2343 1589 ,

154 1609 468 1696 disputo,
519 1608 837 1692 redeoque
871 1608 964 1673 ad
1007 1607 1183 1672 illam
1225 1607 1517 1673 Platonis
1576 1603 1685 1694 [de
1729 1628 1858 1692 qua
1910 1605 2243 1694 dixeram,]

178 1703 275 1768 rei
309 1702 580 1769 formam
617 1711 682 1767 et
717 1701 1023 1788 speciem,
1079 1722 1271 1786 quam
1306 1701 1430 1767 etsi
1470 1724 1601 1766 non
1636 1701 1979 1779 cernimus,
2032 1710 2245 1765 tamen

185 1795 398 1862 animo
441 1808 658 1862 tenere
711 1819 1076 1882 possumus.
1163 1819 1294 1862 non
1347 1795 1516 1860 enim
1568 1795 1967 1878 eloquentem
2010 1816 2248 1902 quaero

179 1910 390 1973 neque
441 1889 780 1975 quicquam
830 1889 1096 1954 mortale
1143 1899 1208 1954 et
1251 1889 1590 1966 caducum,
1646 1889 1762 1954 sed
1804 1887 1964 1952 illud
2013 1887 2249 1972 ipsum,
2296 1894 2301 1904 “

181 1983 362 2048 6111116
411 1983 520 2068 qui
558 1983 641 2048 sit
683 2005 977 2069 compos,
1026 1982 1111 2047 sit
1155 1982 1488 2066 eloquens3
1534 1981 1707 2066 quod
1747 1980 1906 2046 nibil
1941 1991 2041 2046 est
2076 1981 2250 2046 aliud

176 2077 307 2143 nisi
340 2076 702 2162 eloquentia
733 2079 898 2163 ipsa,
936 2098 1126 2161 quam
1162 2077 1354 2140 nullis
1383 2076 1509 2143 nisi
1535 2075 1767 2140 mentis
1796 2074 1997 2140 oeulis
2031 2074 2249 2140 videre

177 2195 545 2260 possumus.
633 2173 690 2238 is
737 2173 858 2238 erit
898 2171 1094 2258 igitur
1148 2172 1482 2256 eloquens,
1536 2181 1609 2236 ut
1650 2170 1821 2236 idem
1862 2169 2021 2235 illud
2060 2169 2249 2235 itere-

178 2290 354 2344 mus,
427 2267 536 2350 qui
585 2267 818 2353 poterit
867 2290 1068 2353 parva
1130 2266 1497 2343 summisse,
1568 2264 1821 2332 modica
1878 2275 2246 2352 temperate,

179 2383 418 2445 magna
451 2361 730 2447 graviter
774 2360 1004 2425 dicere.
1097 2370 1233 2425 tota
1263 2360 1423 2424 mihi
1465 2380 1661 2425 causa
1694 2382 1812 2445 pro
1850 2357 2132 2425 Caecina
2165 2360 2245 2423 de
2282 2386 2361 2427 102³

183 2452 396 2519 verbis
429 2453 746 2519 interdicti
789 2453 938 2516 fuit:
989 2474 1095 2517 res
1140 2453 1461 2517 involutas
1506 2452 1863 2517 definiendo
1907 2451 2249 2537 explicavi-

182 2570 358 2626 mus,
401 2546 502 2611 ius
540 2546 724 2611 civile
769 2545 1199 2622 laudavimus,
1251 2544 1453 2613 verba
1487 2546 1789 2631 ambigua
1824 2543 2246 2610 distinximus.

184 2641 308 2707 fuit
340 2640 660 2705 ornandus
688 2637 961 2703 Manilia
992 2639 1137 2724 lege
1163 2638 1545 2725 Pompeius:
1583 2649 1933 2724 temperata
1966 2636 2247 2703 orafione

186 2734 452 2801 ornandi
503 2734 751 2819 copiam
783 2732 1103 2818 persecuti
1138 2755 1378 2799 sumus.
1485 2732 1586 2797 ius
1641 2755 1827 2798 omne
1878 2731 2249 2797 retinendae

185 2827 534 2895 maiestatis
567 2826 813 2892 Rabirii
857 2842 1051 2891 causa
1087 2826 1553 2891 continebatur:
1610 2848 1763 2913 ergo
1808 2825 1876 2891 in
1919 2825 2093 2891 omni
2136 2848 2249 2912 ge-

186 2946 338 2991 nere
383 2923 888 3012 amplificationis
937 2922 1312 2989 exarsimus.
1400 2934 1469 2989 at
1510 2923 1670 2988 haee
1720 2922 2039 2988 interdum
2090 2933 2249 2987 tem-
2284 2946 2364 2991 108.

186 3019 470 3106 peranda
513 3030 578 3083 et
629 3018 938 3083 varianda
989 3028 1158 3083 sunt.
1247 3018 1419 3102 quod
1467 3017 1659 3103 igitur
1709 3015 1777 3080 in
1830 3016 2249 3083 accusationis

188 3123 434 3199 septem
467 3112 646 3179 libris
681 3136 812 3178 non
845 3112 1155 3197 reperitur
1189 3111 1433 3199 genus?
1478 3111 1649 3195 quod
1682 3110 1749 3174 in
1783 3109 2045 3175 Habiti?
2080 3110 2253 3195 quod
2344 3142 2348 3145 ·

188 3208 256 3271 in
283 3204 601 3273 Cornelii?
637 3208 808 3291 quod
840 3208 906 3271 in
941 3206 1230 3295 plurimis
1263 3206 1499 3273 nostris
1537 3205 2053 3271 defensionibus?
2087 3226 2250 3289 quae

192 3300 481 3385 exempla
544 3300 944 3387 selegissem,
1007 3301 1135 3365 nisi
1185 3301 1290 3367 vel
1340 3312 1496 3367 nota
1554 3322 1698 3366 esse
1760 3299 2097 3365 arbitrarer
2146 3298 2251 3363 vel

191 3414 382 3479 posse
420 3392 654 3479 eligere
691 3393 800 3475 qui
835 3404 1226 3477 quaererent.
1315 3394 1494 3459 nulla
1528 3405 1631 3459 est
1670 3393 1840 3459 enim
1872 3392 2003 3458 ullo
2036 3391 2105 3455 in
2138 3413 2253 3477 ge·-

193 3508 342 3551 nere
384 3486 525 3550 laus
579 3487 879 3564 oratoris,
901 3534 908 3541 .
934 3487 1113 3551 6111116
1163 3488 1233 3551 111
1283 3487 1520 3552 nostris
1566 3486 1953 3553 orationibus
1997 3507 2129 3551 non
2172 3484 2254 3549 sit
2344 3524 2351 3530 ·

195 3578 404 3664 aliqua
448 3579 505 3644 si
544 3602 676 3645 non
715 3580 1056 3666 perfectiO,
1112 3590 1178 3645 at
1221 3592 1485 3646 conatus
1532 3590 1745 3647 tamen
1788 3591 1978 3665 atque
2032 3579 2255 3645 adum-

194 3674 436 3741 bratio.
502 3696 632 3741 non
677 3674 1112 3759 adsequimur3
1167 3685 1234 3739 at
1283 3675 1439 3759 quid
1490 3676 1711 3741 deceat
1760 3675 2080 3741 videmusz
2130 3694 2251 3739 nec
2286 3700 2365 3739 104

197 3768 362 3834 enim
393 3790 566 3835 nunc
600 3769 681 3835 de
725 3768 942 3847 nobis,
999 3770 1116 3834 sed
1157 3769 1237 3833 de
1270 3792 1342 3834 re
1377 3768 1674 3848 dicimus3
1724 3769 1793 3835 in
1835 3791 1963 3854 quo
2006 3778 2253 3834 tantum

199 3864 402 3941 abest,
451 3873 526 3929 ut
557 3873 778 3929 nostra
818 3862 1148 3940 miremur,
1201 3874 1274 3927 ut
1315 3885 1520 3948 usque
1556 3885 1634 3929 eo
1678 3863 1967 3929 difficiles
2004 3883 2081 3929 ac
2114 3883 2252 3926 mo-

195 3956 324 4023 rosi
359 3957 591 4037 simus,
644 3968 717 4023 ut
749 3958 938 4023 nobis
980 3979 1112 4024 non
1147 3957 1302 4023 satis
1345 3958 1541 4023 faeiat
1571 3958 1711 4045 ipse
1745 3956 2247 4033 Demosthenes3

199 4047 304 4141 qui
338 4072 720 4137 quamquam
771 4074 936 4117 unus
982 4052 1217 4119 eminet
1248 4052 1413 4119 inter
1457 4052 1662 4145 omnis
1696 4052 1764 4118 in
1800 4052 1972 4119 omni
2014 4072 2251 4139 genere
