2784 4575
928 299 1240 359 BRUTUS
1276 299 1583 357 274-280.
1660 292 1665 296 ·
1957 283 1965 296 “
2156 289 2282 358 261

219 429 518 513 actioque
547 413 726 492 'esset
759 415 1104 502 ardentior,
1151 413 1360 489 fiirere
1398 431 1586 508 atque
1619 423 1916 490 bacchari
1952 416 2285 492 arbitrare-³

218 535 358 602 tur,
405 521 540 586 sive
575 518 748 604 quod
781 529 1008 583 natura
1040 539 1172 582 non
1207 527 1378 582 esset
1412 517 1503 582 ita
1533 517 1743 583 faetus
1780 518 1917 584 sive
1951 517 2125 602 quod
2156 542 2285 586 non

222 624 603 681 consuesset
635 608 801 699 [sive
828 610 1001 696 quod
1025 633 1156 676 non
1181 609 1455 700 posset}
1526 609 1649 677 hoc
1673 633 1871 676 unum
1895 611 2006 690 illi,
2046 609 2103 677 si
2128 610 2286 676 nihil

223 708 518 774 utilitatis
555 706 858 784 habebat,
895 704 1080 785 afuit3
1119 703 1176 770 si
1211 726 1370 792 opus
1408 715 1563 784 erat,
1600 703 1820 770 defixit.
1908 704 2061 789 quin
2096 705 2285 770 etiam
2320 733 2398 774 επ

221 800 520 878 memini,
576 821 723 866 cum
773 799 844 865 in
895 797 1296 865 accusatione
1349 821 1469 865 sua
1510 796 1847 881 Q.·Ga11i0
1888 797 2133 864 crimini
2176 795 2289 865 de-

223 895 434 961 disset
476 893 599 960 sibi
645 915 792 960 eum
834 914 1152 958 venenum
1174 891 1533 980 ,paravisse
1582 891 1774 980 idque
1810 915 1849 957 a
1882 915 1953 958 se
1996 914 2139 959 esse
2175 892 2287 959 de-

224 987 618 1076 prehensum
661 1008 929 1071 seseque
977 985 1427 1074 chirographa,
1482 984 1951 1053 testificationes
1960 1033 1981 1064 ,
2033 986 2284 1074 indicia,

225 1080 668 1166 quaestiones,
720 1080 1128 1146 manifestam
1175 1103 1313 1146 rem
1365 1080 1614 1146 deferre
1666 1081 1903 1147 diceret
1952 1081 2157 1166 deque
2210 1077 2286 1146 eo

231 1175 495 1240 crimine
548 1174 849 1240 adcurate
901 1183 967 1240 et
1015 1174 1330 1262 exquisite
1381 1174 1862 1262 disputavisset,
1915 1197 2019 1240 me
2071 1175 2139 1240 in
2186 1197 2288 1240 re-

229 1267 635 1355 spondendo,
672 1288 819 1334 cum
853 1290 1063 1334 essem
1100 1278 1607 1356 argumentatus,
1644 1279 1951 1353 quantum
1981 1291 2085 1334 res
2122 1267 2289 1333 fere-

225 1363 368 1439 bat,
414 1362 535 1430 hoe
578 1362 790 1449 ipsum
833 1361 1024 1452 etiam
1054 1361 1350 1450 posuisse
1383 1385 1501 1448 pro
1538 1374 1939 1448 argumento,
1984 1369 2118 1428 eum
2160 1373 2285 1428 non

225 1459 360 1520 veri
390 1458 584 1522 simile
619 1458 842 1522 dixisse
887 1456 1057 1541 quod
1089 1455 1196 1521 ille
1232 1477 1377 1520 eum
1410 1465 1659 1541 pestem
1693 1455 1914 1544 capitis
1952 1456 2078 1535 sui,
2140 1475 2285 1520 eum

227 1549 494 1615 insidias
545 1550 768 1616 mortis
817 1572 888 1616 se
933 1550 1317 1636 comperisse
1359 1548 1701 1616 manifesto
1736 1559 1801 1616 et
1833 1573 2028 1616 manu
2068 1560 2283 1615 tenere
2399 1592 2411 1598 -

227 1643 497 1721 diceret,
551 1653 682 1708 tam
718 1644 924 1708 solute
967 1643 1234 1730 egisset,
1288 1653 1421 1708 tam
1453 1643 1705 1722 leniter,
1758 1653 1891 1708 tam
1924 1643 2288 1709 oscitanter:

221 1737 348 1800 “tu
365 1736 557 1814 istuc,
609 1737 708 1803 M.
746 1734 985 1815 Calidi,
1039 1736 1164 1802 nisi
1195 1737 1501 1824 fingeres,
1558 1737 1650 1802 sie
1685 1737 1948 1824 ageres?
1998 1757 2283 1828 praeser-
2320 1761 2400 1802 278

227 1829 347 1894 tim
383 1851 527 1894 eum
559 1831 687 1896 ista
719 1830 1080 1915 eloquentia
1115 1830 1465 1896 alienorum
1499 1829 1827 1896 hominum
1859 1829 2141 1918 pericula
2174 1819 2286 1893 de-

229 1923 493 1989 fendere
547 1923 848 1989 acerrime
903 1923 1138 2002 soleas,
1201 1935 1380 1989 tuum
1434 1923 1848 2010 neglegeres?
1906 1923 2018 1988 ubi
2069 1922 2287 1988 dolor?

228 2017 342 2082 ubi
376 2017 564 2082 ardor
597 2017 818 2095 animi,
872 2018 981 2102 qui
1015 2018 1206 2083 etiam
1239 2039 1323 2082 ex
1364 2016 1761 2098 infantium
1741 2017 2013 2104 mgeniis
2060 2016 2286 2082 elicere

230 2133 423 2176 voces
460 2121 526 2175 et
576 2111 888 2195 querellas
945 2111 1144 2177 solet?
1194 2111 1370 2176 nulla
1408 2109 1799 2198 perturbatio
1842 2110 2061 2189 animi,
2113 2109 2290 2174 nulla

228 2205 544 2293 corporis,
597 2207 774 2272 frons
818 2229 950 2271 non
995 2227 1330 2293 percussa,
1382 2227 1515 2272 non
1564 2205 1797 2284 femur3
1851 2204 2063 2293 pedis,
2118 2202 2289 2289 quod

228 2299 560 2363 minimum
613 2309 737 2377 est,
796 2299 972 2365 nulla
1023 2300 1349 2388 supplosio
1359 2324 1380 2378 3
1433 2300 1647 2384 itaque
1690 2309 1937 2365 tantum
1980 2300 2165 2380 afuit,
2218 2308 2289 2362 ut

230 2392 656 2457 inflammares
691 2404 944 2458 nostros
983 2394 1255 2471 animos,
1310 2414 1605 2458 somnum
1637 2393 1761 2459 isto
1795 2394 1936 2459 loco
1972 2393 2082 2457 vix
2116 2403 2291 2455 tene-

232 2483 556 2572 bamus.”¹
590 2484 683 2548 sie
725 2507 842 2550 nos
907 2486 1138 2549 summi
1190 2484 1457 2550 oratoris
1510 2484 1613 2549 vel
1666 2484 1933 2550 sanitate
1978 2484 2081 2548 vel
2134 2482 2287 2547 vitio

231 2601 348 2667 pro
395 2587 766 2663 argumento
813 2577 896 2641 ad
943 2577 1310 2643 diluendum
1361 2577 1599 2641 crimen
1649 2578 1752 2642 usi
1805 2576 2065 2643 sumus?
2153 2585 2289 2641 tum
2324 2598 2401 2639 279

231 2672 472 2737 Brutus
511 2676 727 2753 ‘atque
754 2669 1156 2749 dubitamus‚’
1191 2669 1399 2754 inquit
1424 2674 1664 2734 ‘utrum
1687 2669 1812 2735 ista
1838 2670 2075 2735 sanitas
2100 2668 2290 2734 fuerit

233 2788 318 2829 an
351 2764 612 2853 vitium?
647 2762 788 2847 quis
825 2763 996 2828 enim
1029 2785 1158 2829 non
1193 2764 1485 2841 fateatur,
1523 2784 1669 2829 eum
1704 2785 1786 2827 ex
1820 2762 2111 2827 omnibus
2147 2784 2289 2827 ora-

232 2858 388 2930 toris
421 2856 719 2923 laudibus
755 2856 946 2944 longe
981 2856 1108 2922 ista
1141 2856 1225 2923 sit
1257 2856 1563 2935 maxima,
1617 2856 2008 2922 inflammare
2045 2854 2288 2922 animos

233 2951 625 3017 audientium
685 2960 750 3015 et
801 2971 1200 3035 quocumque
1261 2973 1366 3016 res
1430 2949 1709 3037 postulet
1766 2948 1955 3014 modo
2015 2950 2287 3026 flectere,

230 3045 343 3130 qui
393 3046 515 3110 hac
565 3044 796 3111 virtute
849 3043 1146 3123 caruerit,
1199 3044 1267 3109 id
1317 3044 1405 3123 ei,
1460 3044 1632 3129 quod
1682 3042 2029 3108 maximum
2081 3043 2289 3121 fuerit,

231 3137 582 3204 defuisse?
927 3222 930 3225 ἦ

241 3263 250 3268 -
313 3250 318 3253 ·
355 3232 490 3298 ‘Sit
525 3253 678 3297 sane
712 3231 851 3311 ita,’
904 3232 1166 3318 inquam
1219 3231 1367 3299 ‘sed
1407 3232 1745 3299 redeamus
1792 3231 1875 3297 ad
1918 3252 2093 3309 eum,
2147 3230 2255 3315 qui
2324 3244 2392 3299 81

236 3325 363 3389 iam
413 3346 580 3389 unus
633 3334 860 3403 restat,
911 3326 1360 3404 Hortensium,
1424 3336 1561 3391 tum
1613 3326 1693 3391 de
1743 3325 2061 3391 nobismet
2110 3323 2288 3409 ipsis,

234 3417 536 3502 quoniam
563 3417 632 3481 id
657 3418 866 3496 etiam,
889 3418 1112 3497 Brute,
1147 3420 1457 3507 postulas,
1492 3440 1699 3506 pauca
1724 3418 2035 3500 dicemus3
2072 3438 2292 3501 quam-

236 3526 429 3595 quam
463 3510 759 3575 facienda
789 3510 1026 3578 mentio
1061 3522 1188 3589 est,
1225 3523 1298 3576 ut
1331 3512 1589 3596 quidem
1622 3512 1779 3577 mihi
1812 3511 2089 3589 videtur,
2135 3510 2295 3575 duo-

236 3627 380 3669 rum
430 3602 958 3682 adulescentium,
1024 3604 1132 3689 qui
1185 3603 1243 3670 si
1293 3603 1528 3670 diutius
1591 3605 1929 3682 vixissent,
1990 3626 2290 3691 magnam

239 3707 454 3765 essent
487 3696 881 3782 eloquentiae
914 3697 1168 3763 laudem
1221 3698 1581 3765 consecuti?
1671 3695 1781 3764 Ὀ.
1820 3696 2164 3764 Curionem
2198 3696 2287 3761 te'
2324 3724 2405 3765 aso

241 3795 440 3879 inquit
470 3796 713 3861 Brutus
766 3800 860 3859 ‘et
904 3790 984 3859 O.
1017 3793 1342 3859 Licinium
1385 3791 1660 3860 Calvum
1724 3793 1989 3859 arbitror
2041 3790 2288 3857 dicere?

240 3887 465 3954 ‘recte’
501 3889 762 3973 inquam
796 3886 1166 3967 ‘arbitraris‚
1204 3910 1473 3999 quorum
1508 3888 1763 3972 quidem
1790 3886 1949 3953 alter
1981 3886 2071 3951 ita
2103 3884 2290 3950 faeile

240 3980 567 4065 soluteque
603 3982 814 4048 verbis
851 3982 1152 4048 volvebat
1184 3982 1338 4049 satis
1382 3983 1699 4047 interdum
1734 3990 1980 4059 acutas,
2035 3979 2288 4045 crebras

237 4074 493 4163 quidem
545 4087 714 4143 certe
770 4076 1144 4157 sententias,
1195 4088 1270 4142 ut
1319 4076 1477 4144 nihil
1526 4086 1749 4164 posset
1798 4073 2080 4142 ornatius
2122 4081 2289 4149 esse,-
