2784 4575
784 285 895 339 DE
934 282 1301 339 ORATORE
1337 285 1414 339 11.
1451 285 1758 339 156-165.
2209 274 2294 339 95

234 408 539 495 Diogene
577 406 827 474 venisse
856 427 1331 487 commemoras,
1367 418 1523 495 puto
1556 406 1702 494 plus
1738 406 1886 473 huic
1909 420 2128 474 nostro
2165 421 2300 476 stu-

238 503 349 569 dio
401 502 708 590 prodesse
754 503 1041 589 potuisse
1050 527 1071 581 3
1124 511 1262 567 erat
1310 502 1482 567 enim
1533 502 1616 567 ab
1668 500 1794 581 isto
1826 501 2206 582 Aristotele,
2260 528 2302 569 a

237 596 424 663 cuius
458 596 733 662 inventis
770 596 886 662 tibi
920 619 1042 683 ego
1077 595 1297 661 videor
1328 618 1460 661 non
1490 596 1683 683 longe
1719 596 2029 661 aberrare.
2109 606 2300 681 atque

232 690 407 755 inter
440 690 609 755 hunc
647 687 1121 777 [Aristotelem]
1134 739 1153 768 ,
1208 690 1387 755 cuius
1427 701 1490 755 et
1523 690 1702 754 illum
1744 689 1876 777 legi
1918 690 2178 769 librum,
2231 690 2301 756 in

237 806 371 869 quo
398 785 703 871 'exposuit
736 784 988 850 dicendi
1030 786 1185 850 artis
1230 783 1514 850 omnium
1559 784 1980 871 superiorum,
2033 796 2100 850 et
2131 784 2298 863 illos,

232 878 309 943 in
352 879 582 962 quibus
626 878 765 965 ipse
820 902 938 945 sua
978 878 1293 963 quaedam
1340 876 1452 964 [de
1505 881 1728 945 eadem
1781 877 1943 965 arte]
1994 878 2181 957 dixit,
2235 892 2302 946 et

234 972 361 1037 hos
396 994 736 1059 germanos
785 971 974 1038 huius
1011 973 1163 1037 artis
1216 974 1558 1059 magistros
1612 973 1735 1039 hoc
1765 972 1924 1037 mihi
1957 972 2167 1039 visum
2201 985 2300 1039 est

232 1068 579 1147 interesse,
632 1068 806 1153 quod
836 1068 945 1133 ille
988 1068 1213 1134 eadem
1256 1068 1391 1134 acie
1435 1068 1696 1147 mentis,
1749 1088 1878 1151 qua
1917 1090 2130 1133 rerum
2163 1090 2304 1133 om·-

232 1160 419 1227 nium
478 1161 609 1227 vim
668 1172 1084 1247 naturamque
1143 1162 1418 1240 viderat,
1490 1162 1648 1227 haec
1717 1183 1967 1246 quoque
2030 1161 2297 1249 aspexit,

234 1278 406 1340 quae
444 1256 527 1321 ad
563 1256 815 1321 dicendi
850 1249 1079 1335 artem,
1116 1278 1309 1342 quam
1347 1254 1512 1345 [ille]
1552 1256 1969 1344 despiciebat,
2021 1256 2301 1343 pertine-

231 1352 397 1415 bant
403 1375 424 1429 ς
476 1351 569 1415 illi
606 1361 845 1430 autem,
882 1351 992 1435 qui
1027 1352 1149 1417 hoc
1186 1352 1391 1418 solum
1428 1352 1764 1417 colendum
1799 1352 2140 1429 ducebant,
2185 1352 2302 1417 ha-

231 1443 522 1509 bitarunt
569 1444 638 1509 in
688 1445 809 1509 hac
859 1464 989 1509 una
1038 1445 1281 1510 ratione
1326 1445 1656 1510 tractanda
1702 1468 1834 1510 non
1875 1446 2097 1511 eadem
2148 1468 2302 1532 pru-

236 1536 486 1615 dentia,
540 1558 669 1623 qua
708 1536 847 1617 ille,
904 1540 1019 1603 sed
1060 1562 1184 1605 usu
1225 1538 1294 1603 in
1334 1538 1460 1604 hoc
1503 1561 1630 1603 uno
1674 1561 1908 1625 genere
1962 1539 2298 1623 studioque

232 1630 498 1697 maiore.
602 1630 921 1697 Carneadi
972 1655 1125 1699 vero
1176 1632 1275 1697 vis
1328 1632 1715 1699 incredibilis
1767 1632 1878 1698 illa
1928 1633 2178 1699 dicendi
2231 1644 2298 1699 et

234 1724 515 1791 varietas
557 1748 867 1812 perquam
910 1738 1085 1793 esset
1134 1727 1415 1813 optanda
1455 1726 1671 1805 nobis,
1723 1726 1834 1811 qui
1873 1726 2116 1791 nullam
2156 1749 2301 1791 um-

232 1840 433 1905 quam
474 1820 541 1884 in
592 1820 718 1886 illis
773 1820 907 1885 suis
960 1818 1496 1909 disputationibus
1549 1843 1688 1885 rem
1739 1820 2053 1899 defendit,
2105 1841 2298 1904 quam

229 1936 369 1979 non
418 1914 730 2006 probarit,
782 1914 1024 1980 nullam
1076 1914 1503 2002 oppugnavit,
1559 1935 1754 1999 quam
1803 1938 1937 1981 non
1979 1913 2294 1979 everterit.

236 2007 359 2073 sed
392 2006 514 2074 hoc
546 2007 753 2073 maius
791 2019 891 2074 est
925 2009 1255 2093 quiddam,
1310 2028 1504 2093 qua-m
1539 2010 1622 2073 ab
1655 2008 1779 2086 eis,
1833 2007 1944 2092 qui
1975 2007 2138 2073 haec
2171 2018 2299 2072 tra-

238 2102 403 2166 dunt
436 2112 503 2168 et
552 2103 811 2181 docent,
863 2102 1317 2190 postulandum
1353 2104 1455 2169 sit.
1544 2123 1667 2189 ego
1711 2112 1955 2181 autem,
2008 2101 2066 2166 si
2107 2122 2297 2185 quem
2329 2092 2400 2147 39

232 2216 412 2260 nunc
442 2197 667 2261 rudem
700 2195 889 2283 plane
923 2197 1169 2263 institui
1205 2197 1289 2262 ad
1323 2196 1662 2264 dicendum
1695 2195 1907 2273 velim,
1943 2194 2044 2261 his
2078 2194 2294 2281 potius

235 2289 489 2355 tradam
524 2290 807 2356 adsiduis
824 2315 953 2358 uno
983 2315 1173 2380 opere
1206 2293 1474 2358 eandem
1499 2291 1794 2364 incudem
1823 2291 1990 2356 diem
2013 2302 2300 2357 noctem-

236 2404 365 2467 que
400 2383 839 2462 tundentibus,
892 2385 1003 2469 qui
1036 2385 1242 2452 omnis
1278 2385 1685 2450 tenuissimas
1727 2385 2069 2471 particulas
2107 2393 2298 2468 atque

237 2475 454 2542 omnia
486 2475 749 2542 minima
788 2499 1016 2544 mansa
1048 2491 1121 2544 ut
1153 2479 1434 2544 nutrices
1476 2477 1825 2544 infantibus
1868 2478 2084 2565 pueris
2119 2477 2188 2543 in
2222 2499 2298 2542 os

235 2570 549 2648 inserant3
606 2568 706 2634 sin
742 2569 827 2634 sit
857 2570 945 2648 is,
996 2571 1107 2655 qui
1143 2581 1208 2636 et
1252 2571 1540 2636 doctrina
1589 2570 1932 2636 liberaliter
1971 2570 2296 2635 institutus

238 2673 307 2728 et
358 2662 569 2746 aliquo
621 2662 753 2727 iam
801 2663 1083 2730 imbutus
1133 2687 1257 2730 usu
1310 2675 1377 2730 et
1437 2663 1593 2730 satis
1647 2662 1778 2728 acri
1835 2663 2091 2750 ingenio
2154 2685 2298 2728 esse

237 2756 549 2834 videatur,
584 2757 735 2822 illuc
762 2779 911 2822 eum
944 2756 1209 2844 rapiam,
1242 2757 1357 2823 ubi
1388 2779 1520 2823 non
1549 2755 1808 2838 seclusa.
1827 2757 2042 2840 aliqua
2066 2757 2300 2840 aquula

238 2861 559 2929 teneatur,
614 2851 731 2916 sed
770 2850 941 2917 unde
982 2851 1353 2916 universum
1396 2851 1634 2916 flumen
1687 2860 1975 2938 erumpat
1982 2875 2002 2928 3
2056 2849 2166 2934 qui
2206 2849 2299 2914 illi

240 2944 413 3010 sedis
449 2955 513 3010 et
547 2945 731 3030 quasi
767 2945 1086 3010 domicilia
1112 2945 1396 3011 omnium
1424 2955 1938 3030 argumentorum
1975 2965 2299 3010 common-

240 3047 401 3104 stret
452 3052 517 3105 et
567 3063 645 3106 ea
694 3040 974 3106 breviter
1021 3040 1318 3106 inlustret
1375 3039 1715 3123 verbisque
1777 3038 2054 3104 definiat.
2144 3037 2298 3122 quid

238 3132 409 3198 enim
446 3143 573 3213 est,
608 3134 676 3198 in
710 3156 837 3220 quo
873 3134 1161 3213 haereat,
1240 3132 1308 3199 ui
1341 3133 1574 3200 viderit
1605 3153 1823 3211 omne,
1878 3131 2050 3217 quod
2085 3155 2299 3197 suma-

236 3230 341 3282 tur
373 3218 442 3284 in
476 3219 757 3286 oratione
790 3221 1191 3307 probandum
1248 3217 1696 3306 refellendum]
1727 3229 1836 3284 aut
1869 3241 1952 3284 ex
1987 3240 2104 3283 sua
2131 3217 2299 3283 sumi

238 3313 306 3377 vi
341 3323 529 3396 atque
563 3324 793 3379 natura
825 3325 935 3380 aut
968 3314 1217 3380 adsumi
1251 3313 1446 3380 foris?
1480 3336 1560 3379 ex
1599 3335 1716 3378 sua
1747 3311 1832 3391 vi,
1870 3333 2016 3377 cum
2049 3321 2159 3376 aut
2189 3333 2294 3377 res

238 3425 404 3489 quae
460 3406 544 3470 sit
594 3415 729 3472 tota
778 3409 1129 3491 quaeritur,
1192 3419 1302 3473 aut
1351 3431 1502 3495 pars
1557 3406 1694 3472 eius
1747 3416 1860 3472 aut
1916 3402 2296 3472 vocabulum

238 3499 413 3584 quod
446 3498 679 3566 habeat
712 3511 821 3566 aut
854 3501 1208 3589 quippiam,
1250 3525 1389 3567 rem
1421 3501 1596 3567 illam
1631 3500 1804 3585 quod
1837 3499 2134 3585 attingat3
2187 3520 2301 3562 ex-

236 3591 551 3660 trinsecus
588 3604 818 3673 autem,
855 3617 1001 3660 cum
1036 3619 1132 3674 ea,
1168 3617 1331 3679 quae
1368 3607 1517 3662 sunt
1541 3595 1698 3661 foris
1727 3615 1934 3679 neque
1967 3591 2300 3658 inhaerent

235 3687 307 3753 in
338 3688 434 3754 rei
466 3698 719 3767 natura,
773 3689 1194 3776 conliguntur.
1283 3689 1340 3755 si
1371 3711 1477 3755 res
1513 3699 1648 3756 tota
1681 3688 2028 3773 quaeritur,
2075 3685 2297 3752 defini-

237 3781 410 3848 tione
444 3782 743 3848 universa
786 3783 1162 3870 explicanda
1204 3793 1333 3862 est,
1388 3783 1510 3850 sic:
1565 3781 1648 3848 ‘si
1680 3781 1984 3848 maiestas
2027 3789 2130 3846 est
2163 3801 2298 3842 am-

238 3875 482 3962 plitudo
518 3899 595 3942 ac
629 3876 905 3966 dignitas
959 3877 1261 3955 civitatiS,
1312 3876 1371 3943 is
1407 3900 1550 3942 eam
1591 3875 1846 3954 minuit,
1903 3873 2014 3960 qui
2056 3873 2296 3938 exerci-

238 3980 375 4034 tum
410 3969 697 4036 hostibus
732 3971 953 4059 populi
986 3970 1264 4038 Romani
1298 3965 1583 4051 tradidit,
1637 3995 1768 4036 non
1804 3969 1915 4054 qui
1957 3992 2132 4048 eum,
2185 3967 2296 4053 qui

236 4061 307 4128 id
354 4062 643 4142 fecisset,
692 4065 913 4154 populi
945 4064 1223 4132 Romani
1261 4065 1564 4153 potestati
1597 4062 1890 4131 tradidit:
1981 4062 2082 4128 sin
2122 4083 2293 4149 pars,

2331 1652 2409 1695 161

2332 2164 2412 2206 162

2333 3059 2410 3102 163

2331 3709 2411 3751 164

2331 4085 2408 4145 ιω
