2784 4575
484 274 572 340 36
975 265 982 280 “
1104 284 1179 340 Μ.
1219 283 1493 342 TULLII
1530 282 1931 342 omanoms

377 440 456 480 ιη
488 408 756 496 insignis
793 418 892 472 est
925 405 1382 494 impudentiae3
1436 406 1547 472 illa
1579 430 1731 473 vero
1782 404 2129 473 deridenda
2170 407 2550 494 adrogantia
2728 445 2742 486 Α

487 513 612 582 est,
647 501 715 566 in
747 500 1095 566 minoribus
1131 499 1405 588 navigiis
1448 500 1673 566 rudem
1706 522 1851 566 esse
1886 523 1957 566 se
1994 501 2305 580 confiteri,
2364 501 2551 586 quin·
2735 497 2742 580 l

485 595 799 683 queremis
837 605 947 660 aut
980 595 1173 661 etiam
1204 595 1478 661 maiores
1504 597 1859 682 gubernare
1897 594 2214 661 didicisse.
2284 605 2356 660 tu
2389 596 2551 662 mihi
2739 601 2742 616 ⁴

484 714 630 757 cum
661 691 732 755 in
763 689 998 755 circulo
1034 687 1350 775 decipiare
1378 688 1725 754 adversarii
1752 687 2265 774 stipulatiuncula
2298 700 2363 754 et
2400 711 2551 754 cum

483 785 786 872 obsignes
839 783 1106 864 tabellas
1157 782 1406 848 clientis
1460 783 1581 862 tui,
1636 783 1865 868 quibus
1917 783 1987 848 in
2039 782 2287 850 tabellis
2341 781 2411 848 id
2466 784 2551 848 sit

483 880 806 966 scriptum,
843 899 969 962 quo
1003 876 1110 942 ille
1147 876 1451 963 capiatur,
1489 899 1610 964 ego
1648 876 1763 942 tibi
1794 877 1991 942 ullam
2018 899 2278 944 causam
2314 874 2549 963 [maio-

359 1038 362 1040 ,
479 971 645 1060 rem]
693 970 1210 1038 committendam
1254 971 1511 1057 putem?
1564 971 1747 1036 citius
1793 970 2049 1036 hercule
2090 971 2179 1050 is,
2232 971 2341 1056 qui
2388 971 2548 1038 duo-

481 1090 623 1134 rum
659 1067 1040 1132 scalmorum
1083 1065 1444 1130 naviculam
1476 1064 1544 1130 in
1577 1075 1765 1150 portu
1809 1063 2131 1142 everterit,
2184 1064 2253 1128 in
2284 1065 2546 1131 Euxino

373 1187 448 1230 175
481 1171 677 1249 ponto
703 1160 1220 1246 Argonautarum
1255 1181 1486 1225 navem
1508 1159 1897 1246 gubernarit.
1968 1158 2158 1243 quid?
2194 1158 2249 1224 si
2280 1181 2363 1223 ne
2395 1182 2548 1245 par-

479 1277 598 1320 vae
634 1254 890 1338 quidem
925 1275 1157 1320 causae
1192 1264 1370 1331 sunt,
1428 1254 1545 1320 sed
1578 1275 1771 1339 saepe
1814 1253 2161 1330 maximae,
2210 1252 2275 1316 in
2306 1253 2543 1337 quibus

481 1358 756 1414 certatur
791 1346 869 1412 de
904 1347 1041 1414 iure
1085 1345 1284 1426 civili,
1339 1347 1511 1431 quod
1554 1347 1813 1413 tandem
1846 1370 1920 1413 os
1966 1357 2065 1412 est
2100 1344 2234 1411 eius
2266 1348 2545 1433 patroni,

481 1441 592 1528 qui
626 1442 708 1507 ad
743 1463 852 1506 eas
891 1462 1116 1506 causas
1155 1441 1290 1506 sine
1324 1440 1459 1506 ulla
1493 1439 1758 1507 scientia
1788 1441 1944 1506 iuris
1975 1440 2169 1506 audet
2201 1439 2547 1506 accedere?

479 1531 644 1621 quae
679 1535 886 1623 potuit
917 1536 1110 1622 igitur
1143 1557 1289 1602 esse
1325 1557 1522 1602 causa
1571 1534 1801 1614 maior,
1862 1557 2053 1618 quam
2094 1534 2265 1600 illius
2300 1534 2543 1613 militis,

479 1630 560 1695 de
603 1629 782 1696 cuius
833 1639 1037 1698 morte
1089 1650 1234 1694 cum
1268 1629 1529 1696 domum
1579 1628 1781 1694 falsus
1818 1629 1900 1693 ab
1951 1627 2229 1694 exercitu
2282 1629 2545 1694 nuntius

479 1724 762 1792 venisset
803 1734 872 1790 et
911 1733 1094 1811 pater
1145 1722 1281 1790 eius
1322 1747 1393 1790 re
1441 1722 1681 1789 credita
1730 1731 2181 1788 testamentum
2230 1732 2547 1788 mutasset

477 1829 570 1897 et,
606 1841 797 1904 quem
833 1819 893 1884 ei
928 1819 1136 1884 visum
1170 1829 1370 1897 esset,
1422 1817 1686 1884 fecisset
1718 1816 2018 1884 heredem
2068 1827 2367 1900 essetque
2402 1816 2543 1903 ipse

475 1923 793 1989 mortuus,
846 1934 950 1977 res
985 1911 1198 1976 delata
1231 1922 1332 1977 est
1365 1911 1450 1976 ad
1500 1910 1958 1988 centumviros,
2016 1931 2165 1976 cum
2206 1910 2391 1976 miles
2431 1910 2544 1975 do-

473 2027 652 2070 mum
684 2003 1039 2070 revenisset
1073 2003 1437 2091 egissetque
1469 2003 1614 2092 lege
1648 2004 1716 2070 in
1750 2003 2167 2071 hereditatem
2206 2013 2543 2090 paternam

481 2093 888 2183 [testamento
925 2097 1192 2164 exheres
1238 2095 1437 2184 filius]
1453 2147 1471 2174 ,
1510 2095 1769 2185 [nempe
1804 2098 1871 2162 in
1909 2120 1988 2163 ea
2024 2095 2243 2184 causa]
2292 2097 2544 2181 quaesi-

477 2200 728 2277 tumque
781 2199 878 2256 est
915 2186 1026 2277 [de
1067 2189 1204 2256 iure
1257 2189 1492 2278 civili]‚
1542 2202 1846 2278 possetne
1889 2202 2298 2277 paternorum
2338 2190 2541 2256 bono-

476 2306 620 2349 rum
665 2283 931 2351 exheres
987 2308 1130 2351 esse
1173 2283 1370 2365 filius,
1425 2308 1619 2371 quem
1666 2296 1849 2374 pater
1901 2296 2279 2353 testamento
2331 2308 2540 2370 neque

372 2375 441 2430 39
476 2378 777 2445 heredem
819 2401 1026 2464 neque
1062 2379 1443 2446 exheredem
1478 2380 1841 2468 scripsisset
1888 2379 2299 2447 nominatim?
2350 2379 2542 2462 quid?

362 2447 443 2489 ²⁷⁸
479 2495 605 2557 qua
640 2473 718 2539 de
753 2496 823 2539 re
865 2474 1031 2540 inter
1062 2473 1411 2541 Marcellos
1454 2486 1523 2541 et
1557 2472 1863 2541 Claudios
1914 2474 2214 2561 patricios
2252 2484 2541 2540 centum-
2738 2512 2740 2555 5

474 2566 596 2632 viri
628 2566 1012 2646 iudicarunt,
1049 2590 1196 2633 cum
1227 2567 1523 2633 Marcelli
1556 2570 1639 2635 ab
1674 2568 1883 2634 liberti
1922 2568 2052 2634 filio
2090 2567 2305 2655 stirpe,
2340 2565 2545 2633 Clau-
2738 2570 2740 2589 '

475 2660 564 2726 dii
597 2662 844 2748 patricii
890 2662 1176 2729 eiusdem
1218 2662 1493 2728 hominis
1538 2661 1954 2727 hereditatem
1994 2673 2185 2749 gente
2220 2660 2305 2726 ad
2339 2682 2409 2726 se
2446 2662 2545 2725 di-

477 2768 692 2822 cerent
723 2756 996 2834 redisse,
1041 2778 1252 2823 nonne
1283 2755 1354 2821 in
1390 2778 1469 2821 ea
1502 2777 1699 2859 causa
1731 2756 1854 2821 fuit
1900 2756 2253 2821 oratoribus
2290 2755 2370 2820 de
2406 2764 2543 2820 toto

365 2874 440 2915 1⁷¹1
477 2849 690 2935 stirpis
729 2860 794 2915 et
827 2849 1196 2937 gentilitatis
1233 2850 1370 2917 iure
1406 2850 1783 2915 dicendum?
1834 2849 2025 2933 quid?
2068 2849 2240 2933 quod
2278 2848 2435 2913 item
2472 2848 2544 2911 in

475 2942 910 3008 centumvirali
960 2942 1192 3009 iudicio
1237 2954 1545 3009 certatum
1589 2965 1733 3009 esse
1786 2942 2174 3029 accepimus,
2229 2962 2373 3007 cum
2404 2940 2543 3007 Ro-
2736 2954 2738 2987 ὲ

473 3058 648 3099 mam
677 3034 744 3099 in
779 3036 1075 3102 exsilium
1108 3036 1421 3116 venisset,
1438 3036 1561 3102 -cui
1592 3036 1839 3103 Romae
1882 3036 2173 3103 exsulare
2206 3036 2305 3101 ius
2342 3045 2541 3113 esset,

475 3128 532 3193 si
565 3151 636 3194 se
673 3130 756 3195 ad
790 3130 1065 3215 aliquem
1099 3132 1288 3216 quasi
1319 3143 1660 3219 patronum
1714 3131 2165 3219 applicavisset
2202 3130 2541 3193 intestato-

473 3244 598 3306 que
643 3234 815 3288 esset
864 3234 1180 3304 mortuus,
1233 3249 1445 3292 nonne
1489 3226 1556 3290 in
1590 3248 1669 3291 ea
1710 3246 1908 3291 causa
1948 3225 2051 3290 ius
2096 3221 2539 3312 applicationis

473 3316 816 3383 obscurum
869 3342 1022 3385 sane
1065 3332 1132 3386 et
1173 3321 1465 3410 ignotum
1515 3319 1907 3408 patefactum
1948 3319 2015 3384 in
2056 3318 2289 3384 iudicio
2344 3326 2539 3401 atque

360 3436 438 3477 1⁷8
469 3411 875 3479 inlustratum
927 3425 1029 3479 est
1078 3438 1119 3479 a
1167 3416 1477 3502 patrono?
1537 3414 1729 3500 quid?
1780 3436 2012 3501 nuper,
2076 3435 2223 3478 cum
2275 3434 2397 3499 ego
2454 3410 2536 3477 O.

473 3506 686 3597 Sergii
738 3506 980 3575 Oratae
1033 3520 1253 3577 contra
1312 3509 1485 3575 hunc
1542 3524 1833 3576 nostrum
1882 3506 2241 3575 Antonium
2300 3504 2537 3571 indicio

467 3601 718 3689 privato
753 3623 1014 3668 causam
1065 3602 1503 3683 defenderem,
1554 3626 1767 3669 nonne
1801 3602 2008 3669 omnis
2044 3612 2265 3668 nostra
2296 3600 2365 3665 in
2398 3598 2539 3665 iure

470 3706 724 3762 versata
773 3695 1065 3763 defensio
1111 3697 1248 3762 est?
1297 3719 1445 3763 cum
1490 3697 1661 3763 enim
1695 3697 1795 3763 M.
1828 3696 2080 3763 Marius
2119 3693 2537 3762 Gratidianus
2735 3744 2736 3763 2

470 3788 646 3855 aedis
685 3788 927 3878 Oratae
971 3789 1366 3857 vendidisset
1417 3812 1626 3876 neque
1672 3789 1912 3858 servire
1957 3790 2279 3875 quandam
2313 3810 2543 3853 earum
2734 3794 2736 3837 ῐ

469 3881 721 3947 aedium
755 3894 1002 3970 partem
1035 3884 1102 3949 in
1135 3884 1435 3971 mancipii
1466 3885 1615 3972 lege
1658 3883 1953 3969 dixisset,
2008 3882 2537 3960 defendebamus,

470 3974 769 4057 quicquid
817 3976 1046 4045 fuisset
1095 3977 1479 4045 incommodi
1504 3980 1588 4044 ‘in
1624 3979 1973 4066 mancipio,
2026 3978 2097 4043 id
2139 3978 2195 4044 si
2238 3975 2538 4041 venditor

359 4088 436 4130 1⁷9
473 4064 701 4131 scisset
733 4091 940 4152 neque
975 4071 1388 4151 declarasset,
1431 4082 1759 4159 praestare
1794 4073 2055 4150 debere3
2110 4093 2234 4156 quo
2272 4067 2537 4155 quidem
