2784 4575
897 253 1210 315 BRUTUS
1247 255 1558 312 187—197.
2126 246 2257 314 239

191 373 439 452 clarum
487 385 746 489 poetam
795 378 1037 458 ferunt,
1088 377 1200 465 qui
1251 399 1400 444 cum
1448 379 1813 447 convocatis
1867 380 2257 449 auditoribus

195 478 442 564 legeret
471 473 566 540 eis
601 494 910 559 magnum
941 471 1127 550 illud,
1183 467 1355 556 quod
1396 472 1693 552 novistis,
1738 471 2037 540 volumen
2072 497 2259 541 suum

200 583 268 638 et
317 592 468 636 eum
515 567 839 654 legentem
893 588 1115 632 omnes
1166 575 1420 652 praeter
1466 565 1808 632 Platonem
1857 566 2262 653 reliquissent

197 661 508 752 “''legam
546 660 806 746 inquit‘
810 659 1034 726 ‘nihilo
1067 659 1308 726 minus.
1339 659 1533 726 Plato
1577 660 1749 727 enim
1780 661 1938 726 mihi
1962 683 2129 728 unus
2163 661 2262 728 in-

197 770 336 824 star
366 767 468 824 est
499 766 755 822 centum
787 754 1094 820 milium.”
1184 766 1251 820 et
1299 766 1503 822 rectez
1562 761 1793 842 poema
1834 755 2007 822 enim
2038 778 2263 824 recon-
2330 807 2341 813 κ

196 853 399 918 ditum
431 871 781 939 paucorum
822 849 1371 937 approbationem,
1428 851 1628 917 oratio
1670 851 1995 939 popularis
2032 851 2263 919 adsen-

198 969 344 1012 sum
377 944 554 1033 volgi
605 944 796 1010 debet
837 965 1123 1023 movere3
1177 954 1244 1009 at
1293 943 1353 1010 si
1396 944 1669 1010 eundem
1724 943 1894 1010 hunc
1925 945 2263 1012 Platonem

195 1061 398 1105 unum
431 1037 786 1104 auditorem
811 1036 1074 1104 haberet
1095 1037 1593 1116 Demosthenen,
1629 1059 1776 1104 cum
1800 1050 1973 1105 esset
2004 1039 2277 1122 relictus

200 1156 242 1199 a
281 1131 540 1210 ceteris,
595 1132 861 1198 verbum
911 1130 1124 1197 facere
1174 1154 1303 1198 non
1353 1143 1595 1218 posset.
1683 1133 1837 1218 quid
1886 1144 1986 1213 tu,
2035 1133 2259 1212 Brute,
2299 1159 2376 1200 ιω

198 1248 458 1314 posses,
515 1224 572 1290 si
606 1236 669 1291 te
703 1235 776 1290 ut
811 1221 1160 1292 Curionem
1212 1226 1534 1310 quondam
1576 1225 1786 1293 contio
1836 1227 2259 1312 reliquisset?

202 1324 354 1407 ‘ego
409 1317 590 1385 vero'
645 1317 854 1403 inquit
908 1317 1015 1384 ille
1069 1325 1170 1384 ‘ut
1201 1341 1304 1384 me
1349 1319 1463 1384 tibi
1496 1318 1798 1399 indicem,
1838 1319 1909 1386 in
1944 1321 2035 1387 eis
2072 1320 2264 1388 etiam

201 1413 442 1492 causis,
479 1412 548 1478 in
583 1412 814 1496 quibus
847 1411 1053 1479 omnis
1088 1434 1192 1478 res
1227 1411 1415 1480 nobis
1450 1433 1596 1478 cum
1628 1413 1941 1486 iudicibus
1979 1425 2097 1494 est,
2132 1436 2263 1493 non

201 1529 348 1572 cum
379 1507 647 1594 populo,
683 1517 918 1584 tamen,
955 1506 1014 1572 si
1048 1530 1089 1572 a
1121 1527 1355 1573 corona
1387 1508 1644 1574 relictus
1682 1508 1832 1587 sim,
1867 1532 1997 1575 non
2032 1529 2263 1594 queam

198 1600 452 1667 dicere?
541 1599 658 1666 ‘ita
708 1599 806 1666 se'
859 1600 1122 1686 inquam
1174 1605 1304 1667 ‘res
1367 1601 1591 1669 habete
1644 1613 1744 1682 ut,
1800 1603 1857 1668 si
1917 1603 2110 1669 tibiae
2162 1601 2263 1667 in-

197 1695 388 1760 flatae
437 1717 570 1760 non
617 1694 900 1760 referant
951 1717 1206 1772 sonum,
1272 1694 1637 1762 abiciendas
1691 1719 1801 1762 eas
1855 1696 1978 1761 sibi
2029 1694 2263 1761 tibicen

199 1797 409 1874 putet,
448 1787 540 1852 sic
573 1787 807 1854 oratori
850 1787 1072 1897 populi
1107 1809 1291 1853 aures
1306 1799 1651 1898 ‘tamquam
1686 1789 1877 1855 tibiae
1914 1799 2093 1868 sunt3
2146 1809 2262 1855 eae

204 1881 260 1946 si
293 1879 580 1946 inflatum
615 1903 745 1947 non
776 1880 1092 1968 recipiunt
1126 1893 1236 1947 aut
1269 1881 1327 1948 si
1363 1883 1611 1949 auditor
1644 1883 1902 1950 omnino
1938 1894 2264 1968 tamquam

203 1995 404 2058 equus
441 1996 572 2040 non
605 1974 790 2054 facit,
827 1975 1112 2063 agitandi
1143 1976 1290 2043 finis
1334 1976 1667 2043 faciendus
1704 1988 1834 2057 est3
1893 1977 2017 2043 hoc
2050 1988 2264 2044 tamen
2293 1971 2365 2026 52

201 2067 492 2148 interest,
530 2069 704 2155 quod
735 2069 964 2158 volgus
999 2070 1317 2138 interdum
1351 2094 1481 2138 non
1514 2073 1915 2160 probandum
1947 2083 2263 2138 oratorem
2299 2043 2376 2084 ¹⁹³

201 2163 456 2249 probat,
509 2164 628 2232 sed
669 2165 900 2252 probat
943 2165 1080 2231 sine
1135 2165 1634 2254 comparatione.
1688 2189 1835 2233 cum
1876 2189 1919 2232 a
1958 2164 2262 2232 mediocri

201 2269 312 2325 aut
345 2258 536 2325 etiam
574 2282 614 2325 a
646 2260 815 2327 malo
852 2260 1228 2340 delectatur,
1283 2285 1360 2328 eo
1398 2273 1500 2329 est·
1532 2273 1896 2341 contentus,
1950 2279 2094 2328 esse
2128 2283 2264 2327 me-

201 2352 326 2417 lius
361 2374 492 2417 non
527 2352 747 2432 sentit3
802 2353 988 2433 illud,
1045 2356 1219 2439 quod
1259 2368 1386 2434 est,
1443 2358 1900 2442 qualecumque
1937 2368 2063 2435 est,
2116 2378 2265 2442 pro·-

200 2445 339 2524 bat;
383 2455 558 2511 tenet
591 2444 762 2510 enim
798 2446 969 2513 auris
1007 2448 1112 2513 vel
1145 2449 1487 2516 mediocris
1522 2462 1761 2529 orator,
1808 2451 1892 2516 sit
1922 2450 2114 2516 modo
2150 2449 2266 2513 ali-

201 2538 357 2622 quid
403 2538 472 2605 in
523 2560 632 2604 eo·
683 2559 806 2604 nec
855 2561 960 2605 res
1015 2541 1149 2606 ulla
1197 2539 1343 2650 plus
1398 2542 1569 2627 apud
1618 2542 1863 2608 animos
1916 2540 2263 2617 hominum,

202 2655 396 2717 quam
437 2633 594 2699 ordo
641 2642 707 2697 et
746 2644 1008 2699 ornatus
1063 2633 1364 2700 orationis
1418 2634 1607 2700 valet.
1694 2656 1823 2719 qua
1870 2657 1942 2701 re
1993 2632 2135 2719 quis
2182 2654 2264 2697 ex
2298 2658 2377 2699 194

199 2726 470 2814 populo,
525 2747 673 2790 cum
723 2725 812 2808 Q.
860 2723 1240 2794 Scaevolam
1289 2750 1408 2814 pro
1456 2726 1559 2793 Μ.
1604 2724 1897 2837 ΟοΡοιιὶο
1950 2726 2267 2791 dicentem

201 2818 503 2885 audiret
482 2842 552 2885 m
586 2841 664 2886 ea
699 2840 924 2899 causa,
969 2820 1048 2886 de
1084 2841 1213 2931 qua
1245 2832 1391 2886 ante
1428 2820 1588 2899 dixi,
1635 2820 1973 2905 quicquam
2005 2818 2263 2908 politius

201 2926 314 2981 aut
366 2914 721 3002 elegantius
777 2925 889 2981 aut
937 2916 1196 2982 omnino
1256 2914 1483 2981 melius
1537 2925 1647 2980 aut
1705 2924 2105 3001 exspectaret
2155 2926 2265 2978 aut

201 3031 394 3097 posse
445 3008 584 3075 fieri
616 3011 908 3096 putaret?
959 3030 1108 3076 cum
1139 3008 1198 3075 is
1233 3009 1358 3075 hoc
1387 3009 1659 3097 probare
1702 3007 1921 3086 vellet,
1973 3008 2091 3074 M.’
2132 3004 2266 3074 Cu·
2301 3030 2379 3073 195

201 3102 395 3183 rium,
457 3124 604 3170 cum
657 3103 750 3170 ita
801 3103 986 3171 heres
1038 3103 1366 3169 institutus
1421 3113 1621 3183 esset,
1683 3102 1739 3169 si
1789 3102 2067 3191 pupillus
2119 3110 2265 3167 ante

203 3208 488 3263 mortuus
535 3208 738 3277 esset,
791 3219 985 3283 quam
1027 3197 1095 3263 in
1139 3219 1322 3263 suam
1355 3196 1629 3263 tutelam
1662 3196 1971 3274 venisset,
2024 3194 2265 3281 pupillo

203 3312 334 3355 non
365 3299 516 3355 nato
541 3290 852 3357 heredem
879 3294 1032 3359 'esse
1066 3315 1196 3358 non
1229 3313 1445 3379 posse,
1490 3290 1646 3375 quid
1674 3290 1783 3357 ille
1826 3313 1957 3357 non
1992 3288 2151 3354 dixit
2186 3288 2265 3354 de

206 3392 731 3449 testamentorum
761 3384 937 3452 iure?
983 3386 1063 3452 de
1099 3386 1374 3471 antiquis
1409 3385 1737 3453 formulis?
1789 3407 1980 3470 quem
2014 3384 2096 3449 ad
2130 3404 2270 3447 mo-

205 3476 362 3541 dum
395 3476 588 3541 scribi
621 3478 1036 3565 oportuisset,
1089 3480 1146 3545 si
1179 3479 1373 3545 etiam
1408 3478 1539 3545 filio
1582 3502 1713 3546 non
1754 3489 1904 3545 nato
1950 3477 2135 3543 heres
2168 3475 2268 3540 in·-

155 3606 161 3613 ·
205 3569 607 3636 stitueretur?
639 3592 833 3656 quam
867 3572 1221 3658 captiosum
1256 3583 1429 3640 esset
1460 3573 1716 3661 populo,
1754 3571 1927 3657 quod
1960 3570 2265 3657 scriptum
2298 3595 2381 3637 196

205 3674 409 3743 esset,
459 3663 718 3752 neglegi
751 3676 816 3731 et
859 3664 1156 3752 opinione
1198 3666 1418 3751 quaeri
1460 3667 1817 3733 voluntates
1855 3675 1920 3731 et
1958 3664 2267 3751 interpre-

206 3757 444 3823 tatione
488 3757 868 3825 disertorum
921 3759 1158 3847 scripta
1209 3760 1592 3849 simplicium
1643 3758 1970 3825 hominum
2010 3778 2267 3847 perver-

204 3852 380 3917 tere?
432 3872 624 3935 quam
657 3853 766 3919 ille
800 3854 1000 3919 multa
1035 3854 1116 3919 de
1151 3854 1523 3921 auctoritate
1556 3853 1755 3940 patris
1790 3852 1919 3931 sui,
1955 3851 2063 3936 qui
2098 3872 2267 3917 sem·
2310 3874 2389 3915 19?

205 3967 322 4031 per
370 3944 470 4010 ius
524 3946 685 4012 illud
733 3970 879 4014 esse
933 3948 1337 4014 defenderat?
1391 3970 1585 4032 quam
1636 3947 1893 4013 omnino
1944 3945 2145 4011 multa
2184 3944 2265 4009 de

202 4042 642 4108 conservando
678 4042 812 4109 iure
858 4042 1065 4109 civili?
1117 4064 1279 4127 quae
1325 4043 1581 4127 quidem
1624 4042 1838 4109 omnia
1885 4062 2031 4107 cum
2062 4040 2263 4128 perite
