2784 4575
765 309 874 365 DE
908 309 1396 368 INVENTIONE
1433 310 1480 366 1.
1514 309 1754 366 46—50.
2178 301 2324 368 129-

229 433 424 500 fuerit
467 441 576 498 aut
627 431 694 497 in
743 431 888 519 ipso
938 432 1197 520 negotio
1251 443 1364 504 aut
1405 443 1556 520 post
1608 433 1691 498 sit
1742 445 2182 516 consecutum,
2237 449 2303 502 et

231 540 449 593 tamen
498 525 744 614 indiget
793 525 1138 592 testimonii
1182 536 1248 592 et
1289 526 1601 614 gravioris
1656 528 2145 596 confirmationis
2157 577 2175 608 ,
2230 542 2303 596 ut

233 642 438 699 cruor,
475 621 650 706 fuga,
684 619 908 706 pallor,
943 620 1179 707 pulvis,
1213 630 1279 686 et
1312 643 1478 705 quae·
1512 620 1611 686 his
1648 632 1799 687 sunt
1833 622 2079 688 similia.
2168 645 2303 689 cre—

233 714 428 780 dibile
463 725 590 792 est,
634 714 812 798 quod
847 713 984 779 sine
1017 714 1150 780 ullo
1197 725 1360 780 teste
1406 714 1709 782 auditoris
1753 715 2049 802 opinione
2090 716 2303 782 firma-

235 819 358 887 tur,
393 809 518 874 hoc
551 808 771 874 modo:
811 813 1026 874 ‘nemo
1063 819 1180 886 est,
1220 808 1328 893 qui
1359 831 1493 874 non
1516 808 1753 876 liberos
1782 831 1935 876 suos
1968 809 2301 876 incolumis

235 915 300 968 et
333 905 560 969 beatos
595 924 742 968 esse
777 901 1029 988 cupiat!
1116 902 1467 968 iudicatum
1502 915 1603 970 est
1632 927 1737 970 res
1774 904 2165 970 adsensiones
2190 916 2303 970 aut

235 996 610 1062 auctoritate
663 1006 775 1061 aut
822 995 1056 1062 iudicio
1119 996 1384 1072 alicuius
1438 1008 1549 1062 aut
1600 997 1955 1082 aliquorum
2014 1017 2303 1085 compro-

232 1093 406 1157 bata.
464 1091 564 1156 'id
597 1089 798 1156 tribus
841 1089 910 1156 in
951 1090 1294 1178 generibus
1343 1101 1694 1178 spectatur,
1746 1091 2076 1178 religioso,
2132 1113 2303 1158 com-

234 1186 440 1264 muni,
496 1185 864 1272 approbata
975 1184 1347 1274 religiosum
1381 1196 1528 1263 est,
1590 1186 1763 1269 quod
1810 1185 2001 1250 iurati
2050 1185 2300 1272 legibus

233 1279 592 1346 iudicarunt
603 1303 624 1358 ς
661 1299 994 1345 commune
1029 1290 1158 1358 est,
1196 1280 1368 1363 quod
1400 1279 1689 1346 homines
1726 1278 1919 1368 volgo
1938 1281 2303 1367 ‘probarunt
2318 1340 2337 1356 Ι

237 1384 304 1440 et
339 1373 544 1438 secuti
585 1383 763 1451 sunt,
807 1373 995 1438 huius
1040 1373 1243 1440 modi:
1286 1385 1362 1440 ut
1404 1372 1748 1439 maioribus
1790 1383 1950 1438 natu
1994 1375 2303 1464 adsurga-

237 1477 368 1544 tur,
403 1476 478 1530 ut
511 1466 870 1553 supplicum
903 1465 1278 1532 misereatur
1285 1492 1304 1545 3
1351 1467 1775 1554 approbatum
1808 1477 1936 1545 est,
1982 1468 2155 1552 quod
2186 1468 2303 1533 ho-

235 1560 470 1637 mines,
527 1581 672 1624 cum
716 1558 982 1624 dubium
1021 1571 1226 1638 esset,
1279 1562 1467 1644 quale
1511 1559 1735 1626 haberi
1785 1570 2131 1646 oporteret,
2186 1584 2303 1626 sua

237 1652 699 1720 constituemt
733 1651 1131 1730 auctoritate,
1177 1651 1352 1718 velut
1389 1651 1675 1738 [Horatii
1716 1653 1957 1718 factum
1992 1677 2032 1718 a
2064 1653 2301 1740 populo

239 1747 685 1835 approbatum,
751 1746 924 1829 quod
975 1745 1208 1812 occidit
1261 1768 1574 1825 sororem,
1627 1768 1773 1812 cum
1824 1747 1937 1812 illa.
1986 1747 2304 1832 devictum

240 1840 596 1909 Curiatium
629 1841 881 1906 hostem
915 1840 1206 1920 defleret3
1241 1841 1346 1907 vel
1378 1839 1479 1928 ut]
1521 1839 1798 1908 Gracchi
1830 1840 2029 1928 patris
2063 1841 2307 1906 suctim

234 1935 512 2024 populus
547 1934 912 2014 Romanus,
961 1935 1070 2019 qui
1103 1957 1250 2002 eum
1289 1933 1403 2021 [ob
1446 1936 1515 2000 id
1558 1933 1826 2022 factum]
1874 1957 1951 2000 eo
1996 1935 2167 2018 quod
2208 1934 2305 1998 in-

237 2030 475 2096 sciente
510 2029 780 2118 conlega
809 2028 880 2094 in
925 2051 1195 2096 censura
1233 2053 1369 2096 non
1399 2029 1561 2106 nihil
1605 2030 1835 2118 gessit,
1884 2039 2037 2116 post
2078 2049 2304 2093 censu-

234 2149 375 2192 ram
426 2124 756 2192 consulem
807 2124 978 2191 fecit.
1085 2125 1512 2214 comparabile
1566 2135 1781 2191 autem
1831 2135 1958 2203 est,
2015 2124 2187 2208 quod
2236 2123 2303 2187 in
2344 2149 2397 2190 49

235 2221 426 2286 rebus
473 2219 742 2284 diversis
787 2218 1060 2285 similem
1103 2221 1382 2306 aliquam
1432 2220 1745 2286 rationem
1778 2218 2077 2286 continet.
2166 2216 2302 2283 eius

236 2324 451 2400 partes
487 2326 639 2379 sunt
671 2324 830 2382 tres.
864 2314 1109 2402 imago,
1145 2316 1449 2393 conlatio,
1486 2316 1869 2403 exemplum.
1955 2314 2171 2401 imago
2206 2323 2306 2378 est

240 2406 439 2473 oratio
483 2408 925 2475 demonstrans
977 2428 1314 2519 corporum
1363 2420 1478 2475 aut
1526 2421 1895 2475 naturarum
1948 2404 2303 2491 similitudi-

236 2524 413 2580 nem3
451 2503 723 2569 conlatio
759 2515 860 2569 est
893 2504 1096 2569 oratio
1129 2527 1268 2569 rem
1301 2523 1453 2569 cum
1482 2526 1553 2569 re
1590 2527 1671 2569 ex
1708 2486 2119 2572 similitudine
2154 2523 2305 2567 con-

236 2596 482 2675 ferens3
544 2598 908 2683 exemplum
961 2607 1089 2674 est,
1152 2598 1326 2682 quod
1376 2619 1515 2661 rem
1566 2598 1939 2668 auctoritate
1990 2606 2103 2661 aut
2152 2615 2307 2659 casu

239 2689 503 2755 alicuius
523 2690 806 2756 ⁴hominis
835 2700 947 2755 aut
971 2691 1212 2775 negotii
1239 2691 1573 2757 confirmat
1598 2702 1709 2756 aut
1730 2691 2026 2755 infirmat.
2080 2690 2307 2754 horum

239 2782 533 2869 exempla
567 2794 633 2848 et
668 2782 1126 2869 descriptiones
1163 2783 1232 2848 in
1265 2785 1624 2871 praeceptis
1662 2782 2033 2850 elocutionis
2070 2804 2306 2869 cogno-

239 2888 514 2945 scentur.
587 2899 664 2943 ac
699 2876 845 2943 fons
883 2877 1141 2962 quidem
1177 2878 1694 2957 confirmationis,
1728 2890 1803 2943 ut
1834 2877 2107 2957 facultas
2142 2876 2303 2954 tulit,

239 2984 496 3061 apertus
533 2984 632 3039 est
665 2994 785 3039 nec
819 2973 1032 3039 minus
1069 2974 1371 3053 dilucide,
1419 2996 1613 3059 quam
1644 2973 1739 3053 rei
1770 2984 1999 3039 namra
2039 2972 2303 3049 ferebat,

239 3068 708 3135 demonstratus
721 3116 741 3146 ‚
784 3088 977 3153 quem
1013 3069 1096 3134 ad
1128 3070 1392 3135 modum
1428 3078 1643 3135 autem
1676 3089 1967 3153 quaeque
2000 3065 2306 3133 constitu-

238 3164 328 3229 tio
373 3174 437 3228 et
477 3186 630 3251 pars
673 3162 1140 3229 constitutionis
1185 3166 1250 3229 e't
1293 3162 1501 3229 omnis
1547 3161 2003 3240 controversia,
2060 3161 2195 3227 sive
2238 3160 2307 3225 in

237 3256 481 3323 ratione
517 3258 654 3323 sive
686 3258 756 3323 in
791 3258 1027 3345 scripto
1063 3258 1450 3337 versabitur,
1486 3257 1743 3323 tractari
1778 3258 2009 3335 debeat
2042 3257 2107 3321 et
2142 3277 2305 3339 quae

240 3352 312 3416 in
355 3373 670 3435 quamque
724 3353 1306 3439 argumentationes
1359 3352 1768 3431 conveniant,
1824 3349 2193 3437 singillatim
2236 3348 2306 3413 in

243 3446 525 3511 seamdo
567 3446 732 3511 libro
773 3448 853 3512 de
894 3466 1027 3512 uno·
1067 3468 1320 3531 quoque
1366 3470 1603 3534 genere
1646 3446 1961 3523 dicemus,
1942 3470 1959 3487 ·
2012 3444 2081 3509 in
2122 3465 2307 3530 prae-

244 3537 412 3604 senti
445 3540 881 3605 tantummodo
923 3560 1224 3607 numeros
1261 3552 1326 3607 et
1357 3542 1583 3608 modos
1620 3552 1686 3606 et
1725 3539 1923 3627 partis
1970 3558 2307 3623 argumen-

241 3632 422 3699 tandi
447 3632 712 3699 confuse
747 3643 814 3713 et
843 3633 1206 3721 permixtim
1233 3633 1677 3724 dispersimus3
1712 3644 1862 3721 post
1894 3629 2210 3715 descripte
2242 3640 2308 3693 et

243 3728 499 3794 electe
478 3751 547 3793 m
580 3730 786 3815 genus
824 3728 1120 3813 quodque
1164 3750 1426 3809 causae,
1484 3729 1639 3814 quid
1680 3727 1909 3811 cuique
1952 3722 2304 3800 conveniat,

245 3845 328 3889 ex
360 3822 484 3889 hac
517 3822 704 3911 copia
739 3822 1122 3910 digeremus.

364 3916 645 4002 Atque
625 3916 895 3983 mveniri
939 3916 1196 4002 quidem
1239 3918 1444 3983 omnis
1488 3936 1575 3983 ex-
1615 3915 1717 3979 his
1758 3912 1919 3979 locis
1972 3932 2306 3997 argumen-
2348 3937 2403 3977 50

245 4010 401 4077 tatio
451 4012 711 4098 poterit,
765 4016 875 4079 ced
915 4011 1241 4079 inventam
1293 4011 1589 4079 exornari
1631 4019 1697 4074 et
1738 4018 1944 4073 certas
1987 4005 2055 4070 in
2106 4004 2305 4093 partis

245 4104 552 4193 distingui
585 4120 847 4195 oportet,
895 4110 1078 4195 quod
1095 4117 1160 4174 et
1195 4106 1645 4173 suavissimum
1680 4112 1779 4169 est
1812 4112 1877 4167 et
1914 4123 2158 4167 summe
2192 4122 2305 4165 ne‘-

358 4206 580 4252 Ciceronis
597 4210 682 4254 vol.
701 4208 739 4253 1.
1932 4209 1961 4257 9
