2784 4575
431 1672 495 1720 ‚ln

435 3769 483 3805 M

538 223 663 289 110
1143 233 1223 290 Μ.
1266 233 1537 290 TULLII
1575 229 1976 289 CICERONIS

531 357 781 445 generis
828 379 1056 423 causae
1107 355 1344 443 putari3
1401 355 1626 421 eadem
1670 355 1839 422 enim
1879 378 1984 420 res
2021 355 2128 420 alii
2171 378 2377 443 genus
2423 380 2598 440 esse,

531 452 638 516 alii
679 475 829 539 pars
873 462 1111 538 potest,
1167 451 1373 516 eidem
1426 472 1629 537 genus
1684 473 1829 516 esse
1874 464 1937 514 et
1976 450 2128 537 pars
2175 472 2304 516 non
2356 465 2596 538 potest.

533 545 899 613 deliberatio
935 557 1148 612 autem
1183 557 1248 612 et
1281 545 1735 611 demonstratio
1769 567 2007 631 genera
2040 555 2190 611 sunt
2224 566 2592 626 causarum;

530 663 680 708 nam
731 650 839 705 aut
889 641 1134 706 nullum
1186 661 1416 706 causae
1469 662 1672 727 genus
1727 651 1827 704 est
1879 649 1988 704 aut
2036 639 2330 705 iudiciale
2383 642 2594 707 solum

531 745 639 799 aut
665 746 729 800 et
752 734 1044 800 iudiciale
1080 745 1146 799 et
1178 733 1744 800 demonstrativum
1779 744 1844 798 et
1879 733 2378 801 deliberativum.
2448 736 2595 801 nul-

530 831 663 894 lum
708 830 914 895 dicere
960 851 1190 894 causae
1237 851 1381 893 esse
1426 851 1657 914 genus,
1715 849 1863 893 oum
1904 846 2130 894 causas
2176 851 2320 894 esse
2354 830 2590 896 multas

535 924 701 988 disat
743 935 808 988 et
850 923 919 987 in
965 945 1073 987 eas
1119 933 1459 1009 praeoepta
1494 922 1629 1000 det,
1686 920 1963 986 amentia
2005 934 2132 1000 est;
2186 945 2383 987 unum
2423 923 2591 987 iudi-

535 1018 688 1082 ciiale
743 1028 954 1082 autem
1007 1014 1214 1081 solum
1263 1038 1409 1081 esse
1464 1015 1573 1099 qui
1623 1027 1861 1102 potest,
1915 1037 2059 1080 eum
2103 1016 2469 1082 deliberatio
2523 1028 2593 1082 et

539 1111 985 1177 demonstratio
1021 1130 1227 1193 neque
1264 1110 1443 1196 ipsae
1472 1108 1711 1175 similes
1746 1110 1909 1174 inter
1945 1132 2014 1175 se
2051 1110 2178 1174 sint
2212 1122 2276 1176 et
2312 1111 2392 1175 ab
2427 1110 2607 1188 iudi<

539 1204 678 1268 *itali
714 1226 946 1291 genere
980 1204 1321 1290 plurimum
1356 1203 1709 1268 dissideant
1743 1215 1807 1268 et
1843 1226 2029 1268 suum
2075 1225 2362 1288 quaeque
2396 1204 2591 1268 finem

539 1299 788 1375 habeat,
843 1319 968 1382 quo
1018 1298 1242 1363 referri
1297 1299 1563 1363 debeat?
1614 1297 1985 1380 relinquitur
2029 1319 2209 1384 ergo,
2262 1308 2338 1362 ut
2376 1298 2592 1362 omnia

539 1396 652 1457 tria
701 1415 939 1479 genera
981 1392 1108 1458 sint
1151 1413 1518 1457 causarum:
1573 1390 1941 1458 deliberatio
1984 1390 2177 1478 igitur
2216 1402 2282 1456 et
2328 1392 2592 1472 demon-

535 1487 750 1553 stratio
793 1510 923 1553 non
962 1498 1236 1574 possunt
1276 1485 1450 1553 recte
1484 1497 1698 1574 partes
1743 1485 2006 1551 alicuius
2054 1485 2305 1572 generis
2357 1506 2592 1551 causae

535 1582 755 1668 putari.
850 1579 1042 1668 [male
1093 1582 1288 1668 igitur
1341 1604 1451 1648 eas
1504 1580 1819 1668 generalis
1874 1580 2336 1646 constitutionis
2388 1579 2590 1666 partis

535 1699 672 1742 esse
727 1674 935 1762 dixit]
1026 1675 1254 1761 quodsi
1299 1675 1551 1761 generis
1600 1696 1829 1739 causae
1880 1685 2093 1760 partes
2146 1696 2276 1738 non
2318 1685 2590 1759 possunt

535 1783 698 1836 reste
731 1770 959 1858 putari,
996 1770 1194 1836 multo
1220 1770 1433 1834 minus
1468 1780 1639 1835 reete
1672 1768 1872 1856 partis
1900 1789 2129 1833 causae
2164 1779 2377 1854 partes
2402 1779 2590 1854 putav-
2680 1792 2686 1797 ·

535 1868 790 1942 huntur,
844 1887 992 1950 pars
1047 1874 1259 1928 autem
1312 1884 1545 1928 causae
1599 1873 1698 1928 est
1749 1863 2113 1928 constitutio
2165 1862 2370 1927 omnis
2382 1887 2400 1939 ;
2458 1883 2587 1927 non

533 1958 700 2021 *mim
733 1979 930 2021 eausa
964 1957 1048 2022 ad
1081 1956 1621 2034 constitutionem,
1661 1957 1776 2022 sed
1809 1955 2173 2022 constitutio
2212 1956 2295 2020 ad
2327 1977 2587 2020 oausam

532 2050 1064 2117 adcommodatur.
1157 2047 1250 2136 [et
1291 2051 1743 2117 demonstratio
1797 2062 1862 2116 et
1912 2050 2281 2116 deliberatio
2335 2051 2585 2138 generis

532 2166 759 2209 {musae
801 2154 1014 2229 partes
1058 2165 1187 2209 non
1227 2154 1502 2230 possunt
1542 2156 1713 2210 reete
1755 2146 1992 2232 putari,
2048 2145 2219 2229 quod
2261 2146 2403 2231 ipsa
2439 2155 2588 2210 sunt

532 2259 790 2320 genera:
844 2237 1042 2303 multo
1085 2237 1279 2325 igitur
1321 2238 1530 2305 minus
1574 2249 1745 2305 reete
1788 2239 1987 2326 partis
2030 2239 2200 2316 eius,
2254 2261 2447 2322 quam
2482 2238 2587 2303 hie

531 2332 706 2410 dizit,
758 2343 972 2419 partes
1014 2332 1455 2420 putabuntur]
1546 2333 1773 2399 deinde
1822 2334 1877 2399 si
1921 2332 2283 2399 constitutio
2331 2344 2395 2397 et
2446 2332 2591 2419 ipsa

531 2440 595 2488 et
625 2448 773 2512 pars
811 2427 947 2491 eius
984 2427 1302 2511 quaelibet
1325 2426 1690 2493 intentionis
1721 2427 2010 2514 depulsio
2039 2437 2157 2505 est,
2194 2448 2356 2511 quae
2381 2427 2590 2492 inten-

535 2520 716 2586 tionis
753 2520 1042 2608 depulsio
1077 2542 1208 2586 non
1242 2532 1368 2598 est,
1416 2543 1494 2585 ea
1526 2542 1646 2585 neo
1690 2521 2052 2585 constitutio
2087 2541 2205 2586 neo
2250 2543 2399 2605 pars
2436 2541 2590 2592 oon-

531 2614 869 2681 stitutionis
907 2625 1032 2680 est:
1088 2626 1154 2679 at
1194 2614 1279 2693 si,
1334 2636 1496 2698 quae
1548 2614 1913 2680 intentionis
1958 2613 2247 2701 depulsio
2293 2637 2423 2679 non
2466 2627 2586 2693 est,

531 2737 603 2773 [εει
637 2732 756 2776 nee
792 2703 1155 2775 constitutio
1190 2730 1309 2774 neo
1350 2732 1499 2796 pars
1538 2710 2001 2775 constitutionis
2040 2719 2167 2786 est,
2214 2708 2584 2776 deliberatio

531 2817 591 2865 nt
634 2804 1084 2869 demonstratio
1136 2825 1344 2888 neque
1399 2802 1763 2869 constitutio
1816 2825 2023 2887 neque
2074 2825 2225 2889 pars
2281 2801 2589 2868 eonstitu-

531 2896 713 2961 tionis
776 2908 902 2961 est:
967 2894 1054 2982 [si
1112 2897 1304 2984 igitur
1364 2898 1730 2964 constitutio
1793 2908 1857 2963 et
1906 2898 2049 2983 ipsa
2109 2907 2174 2961 et
2231 2920 2381 2983 pars
2446 2898 2585 2962 eius

531 2989 843 3073 quaelibet
883 2989 1247 3056 intentionis
1293 2992 1584 3078 depulsio
1628 3002 1756 3069 est,
1812 2991 2180 3057 deliberatio
2216 3002 2282 3055 et
2325 2992 2588 3056 demon-

531 3081 744 3147 stratio
793 3102 1001 3165 neque
1053 3085 1416 3151 constitutio
1468 3107 1675 3169 neque
1718 3108 1868 3172 pars
1922 3084 2387 3151 constitutionis
2430 3083 2581 3170 est.]

531 3177 734 3261 placet
779 3187 991 3241 autem
1032 3176 1158 3264 ipsi
1205 3180 1719 3245 constitutionem
1761 3180 2126 3245 intentionis
2173 3201 2317 3244 esse
2362 3178 2585 3263 depul-

531 3269 798 3349 sionem3
851 3270 1099 3358 placeat
1140 3272 1332 3360 igitur
1377 3284 1627 3359 oportet
1678 3272 2279 3339 demonstrationem
2323 3283 2387 3338 et
2429 3271 2587 3335 deli-

531 3363 917 3431 berationem
948 3388 1078 3431 non
1113 3388 1256 3432 esse
1294 3367 1810 3433 constitutionem
1843 3389 1963 3432 nee
1996 3378 2244 3454 partem
2280 3366 2585 3431 eonstitu-

531 3459 734 3525 tionis.
823 3470 1012 3545 atque
1047 3460 1171 3526 hoo
1207 3461 1432 3527 eodem
1475 3460 1833 3548 urgebitur,
1890 3462 2025 3526 sive
2070 3459 2585 3527 constitutionem

527 3557 792 3641 primam
844 3578 1073 3621 causae
1126 3556 1511 3621 accusatoris
1566 3556 2106 3622 confirmationem
2166 3554 2397 3619 dixerit
2448 3552 2585 3618 sive

531 3649 877 3716 defensoris
912 3650 1184 3736 primam
1220 3649 1729 3736 deprecationem
1738 3674 1755 3727 3
1811 3674 1959 3715 nam
2007 3672 2153 3715 eum
2189 3649 2414 3713 eadem
2449 3670 2585 3712 om-

535 3745 634 3807 nia
684 3744 1084 3810 incommoda
1137 3753 1495 3826 sequentur.
1604 3744 1831 3808 deinde
1885 3741 2323 3810 coniecturalis
2390 3763 2586 3805 causa

531 3861 651 3902 non
700 3848 914 3923 potest
967 3837 1154 3903 simul
1207 3859 1289 3902 ex
1341 3837 1566 3902 eadem
1618 3848 1797 3924 parte
1852 3838 2078 3903 eodem
2119 3837 2187 3902 in
2230 3857 2466 3922 genere
2522 3847 2589 3901 et

531 3932 962 3997 noniectumlis
1033 3954 1177 3997 esse
1246 3941 1310 3995 et
1380 3931 1728 4008 definitiva3
1808 3952 1928 3995 nee
1997 3929 2321 3995 definitiva
2390 3950 2589 3993 causa

531 4035 737 4109 potest
805 4024 992 4090 simul
1062 4047 1143 4089 ex
1213 4023 1438 4089 eadem
1514 4035 1695 4111 parte
1774 4024 1999 4089 eodem
2070 4023 2137 4087 in
2214 4044 2449 4110 genere
2520 4036 2591 4088 et
