2784 4575
520 232 672 321 3372
798 310 809 324 ,
1088 293 1093 312 2
1163 241 1550 300 M.TULL11
1586 239 1990 311 mennoms

540 369 655 436 lim
697 366 945 436 audite.
1054 363 1134 434 C.
1176 365 1257 435 P.
1302 365 1680 439 confitentur
1723 366 1806 435 in.
1840 365 1974 433 ‘isto
2025 388 2290 454 genere,
2345 368 2470 452 qui
2527 395 2632 436 ar-

512 473 855 551 guantur,
912 483 983 528 se
1032 460 1101 526 id
1150 459 1385 529 fecisse
1433 461 1676 548 ipsum,
1725 460 1795 529 in
1848 481 1978 546 quo
2025 460 2624 548 reprehenduntur3

520 558 661 625 -sed
695 556 993 642 quoniam
1026 555 1161 623 iure
1196 577 1272 624 se
1302 554 1537 623 fecisse
1553 581 1558 587 ¹
1575 555 1818 633 dicunt,
1872 554 2034 634 iuris,
2065 567 2168 638 est
2197 556 2418 622 omnis
2443 558 2630 624 ratio

512 651 727 726 ,nobis
765 650 1163 738 explicanda.
1252 649 1424 734 quod
1475 647 1776 714 dividitur
1807 649 1878 714 in
1893 650 2072 734 ‘duas
2089 650 2348 737 primas
2384 653 2628 740 partis,
2722 717 2724 730 ,

540 757 847 830 naturam·
869 755 1059 830 atque
1108 744 1348 832 legem,
1403 753 1469 809 et
1517 743 1860 828 utriusque.
1897 744 2150 831 generis
2204 745 2303 812 vis
2339 745 2416 812 in
2455 748 2623 814 divi-

472 895 477 900 ,
515 863 693 908 ·num
731 849 795 906 et
836 839 1187 904 humanum
1235 838 1345 904 ius
1390 849 1489 904 est
1543 839 1906 918 diatribam
1941 839 2212 924 quorum
2241 842 2624 926 „aequitatis

440 961 519 1002 ιεο
544 944 643 1000 est
674 957 900 1016 unum,
954 933 1223 1001 alterum
1270 932 1617 1020 religionis,
1707 933 2042 1020 aequitatis
2095 944 2310 1003 autem
2359 935 2474 1002 v-is
2522 959 2622 1004 est

541 1027 807 1116 duplex:
863 1027 1041 1093 cuiun
1080 1027 1280 1094 altera
1330 1027 1568 1092 directo
1622 1027 1758 1093 veri
1791 1038 1856 1095 et
1904 1027 2060 1097 iusti
2101 1037 2192 1108 et,
2244 1040 2319 1093 ut
2351 1029 2622 1110 dicitur,

540 1122 728 1206 aequi
764 1131 828 1188 et
861 1122 1012 1188 boni
1044 1120 1287 1200 ratione
1322 1120 1684 1192 defenditur
1691 1147 1718 1202 ς
1749 1121 1948 1189 altera
1981 1122 2066 1189 ad
2091 1121 2618 1207 ⁵vicissitudinem

516 1298 522 1304 ..
542 1217 914 1282 referendae
949 1215 1191 1302 gratiae
1233 1215 1535 1302 pertinet3
1591 1214 1763 1302 quod
1795 1215 1862 1280 in
1895 1215 2204 1298 beneficio·
2245 1218 2495 1304 gratia,
2551 1221 2620 1286 in

538 1309 773 1377 iniuria
822 1311 1103 1398 poenitio
1154 1309 1535 1376 nominatur.
1623 1320 1812 1396 atque
1846 1309 2008 1376 haec
2049 1312 2416 1381 communia
2458 1327 2616 1380 sunt

540 1413 805 1471 naturae
840 1415 1030 1488 atque
1061 1404 1256 1490 legis3
1294 1406 1412 1470 sed
1443 1405 1702 1492 propria
1733 1404 1895 1492 legis
1918 1414 2000 1490 3et
2033 1427 2128 1482 ea,
2159 1427 2330 1490 quae
2367 1409 2615 1496 scripta

515 1508 719 1576 ·sunt,
758 1509 822 1564 et
856 1521 953 1577 ea,
994 1519 1157 1582 quae
1192 1498 1330 1566 sine
1362 1498 1590 1566 litteris
1625 1509 1738 1567 aut
1769 1499 2058 1586 gentium
2087 1500 2224 1567 iure
2259 1511 2372 1566 aut
2407 1503 2612 1568 maio·

537 1615 683 1660 rum
722 1614 899 1660 more
940 1591 1311 1660 retinentur.
1399 1593 1778 1679 scriptorum
1821 1603 2033 1661 autem
2073 1593 2396 1680 privatum
2435 1596 2614 1662 aliud
2726 1671 2727 1678 0

540 1696 667 1764 est,
726 1685 1053 1773 publicum
1114 1686 1316 1752 aliud:
1376 1687 1704 1774 publicum
1761 1687 1900 1768 lex,
1957 1689 2613 1778 senatusconsultum,
2726 1681 2727 1692 ¹

538 1781 799 1862 foedus3
834 1779 1153 1867 privatum
1188 1781 1472 1858 tabulae,
1507 1792 1765 1870 paetum
1793 1792 2210 1864 conventum,
2247 1783 2608 1869 stipulati03
2726 1813 2727 1822 ¹

538 1897 703 1962 quae
757 1887 971 1943 autem
1023 1875 1259 1962 scripta
1307 1899 1440 1942 non
1493 1887 1670 1956 sunt,
1724 1898 1803 1945 ea
1836 1887 1948 1943 aut
1981 1877 2449 1944 consuetudine
2497 1890 2606 1946 aut

542 1969 869 2050 conventis
906 1969 1235 2035 hominum
1268 1979 1335 2035 et
1368 1969 1554 2054 quasi
1589 1991 1906 2036 consensu
1939 1968 2348 2050 obtinentur..
2401 1982 2613 2056 atque

540 2063 731 2128 etiam
767 2063 889 2128 hoc
922 2063 987 2128 in
1022 2063 1272 2149 primis,
1309 2075 1381 2128 ut
1414 2075 1668 2130 nostros
1692 2086 1912 2131 mores
1946 2063 2242 2151 legesque
2275 2074 2610 2142 tueamur,

434 2184 511 2224 1³1
540 2159 817 2242 quodam
861 2156 1053 2223 modo
1096 2157 1366 2222 naturali
1409 2158 1547 2224 iure
1588 2158 2049 2246 praescriptum
2089 2169 2199 2224 est.
2281 2167 2346 2222 et
2379 2177 2614 2241 quon-

545 2252 675 2318 iam
707 2250 986 2316 breviter
1021 2266 1170 2317 sunt
1202 2252 1408 2340 aperti
1449 2254 1634 2339 quasi
1683 2254 1894 2331 fontes
1947 2253 2204 2339 quidam
2236 2250 2607 2336 aequitatis,

532 2344 843 2411 meditata
893 2345 1079 2411 nobis
1116 2348 1202 2411 ad
1251 2346 1375 2413 hoc
1427 2370 1759 2415 causarum
1811 2370 2015 2435 genus
2077 2370 2224 2428 esse
2275 2346 2602 2413 debebunt

536 2462 612 2505 ea
619 2466 660 2519 ,·
697 2462 859 2526 quae
896 2440 1165 2508 dicenda
1195 2452 1404 2509 erunt
1457 2440 1554 2528 [in
1605 2441 2023 2529 orationibus]
2079 2442 2161 2508 de
2185 2452 2464 2523 natura,
2519 2442 2608 2507 de

530 2534 810 2623 legibus,
866 2535 946 2601 de
989 2558 1164 2604 more
1216 2535 1556 2616 maiorum,
1611 2536 1690 2603 de
1723 2536 2156 2624 propulsanda
2205 2535 2463 2614 iniuria,
2520 2536 2608 2601 de

532 2629 925 2707 ulciscenda,
978 2629 1059 2694 de
1095 2629 1267 2697 omni
1300 2642 1481 2717 parte
1515 2630 1691 2697 iuris.
1786 2630 1842 2697 si
1871 2631 2310 2718 imprudenter
2343 2640 2456 2695 aut
2489 2653 2609 2695 ne-

534 2724 829 2791 cessitate
864 2734 977 2789 aut
1011 2746 1165 2789 casu
1216 2724 1542 2811 quidpiam
1588 2724 1842 2804 fecerit,
1897 2725 2068 2810 quod
2119 2747 2251 2790 non
2285 2725 2604 2801 concede-

534 2828 709 2883 retur
744 2818 865 2896 eis,
921 2818 1031 2901 qui
1066 2841 1183 2883 sua
1218 2830 1446 2905 sponte
1499 2830 1562 2885 et
1599 2818 1924 2885 voluntate
1958 2818 2290 2897 fecissent,
2325 2820 2426 2885 -ad
2461 2819 2602 2885 eius

535 2910 691 2975 facti
726 2912 1233 3003 deprecationem
1283 2912 1660 2999 ignoscendi
1713 2912 1989 2999 petenda
2021 2912 2210 2997 venia
2242 2924 2372 2993 est,
2429 2934 2602 2999 quae

524 3014 813 3077 sumetur
847 3027 928 3070 ex
961 3006 1281 3092 plerisque
1314 3006 1473 3073 locis
1511 3007 1866 3092 aequitatis.
1953 3006 2314 3094 expositum
2351 3027 2482 3087 est,
2527 3018 2600 3075 ut

527 3100 707 3183 potui
740 3100 1141 3179 brevissime,
1198 3102 1277 3165 de
1312 3101 1488 3167 omni
1531 3101 2099 3171 controversiarum
2151 3123 2417 3188 genere,
2473 3101 2601 3167 nisi·

508 3206 859 3278 praeterea
892 3206 962 3259 tu
999 3194 1153 3279 quid
1186 3195 1476 3279 requiris.

424 3282 495 3375 308
652 3286 731 3355 C.
764 3290 843 3355 F.
876 3290 1053 3357 Illud
1086 3290 1410 3373 equidem,
1465 3286 1808 3376 quodiam
1857 3314 2054 3357 unum
2103 3302 2346 3357 restare
2382 3291 2604 3369 video

425 3356 475 3394 ²
478 3354 501 3393 ²
530 3382 717 3469 quale
770 3383 883 3462 sit,
940 3405 1085 3449 cum
1138 3384 1512 3471 disceptatio
1551 3396 1840 3452 versatur
1888 3385 1958 3451 in
2009 3384 2283 3471 seriptis.
2372 3382 2456 3450 O.
2511 3385 2594 3449 P.

524 3489 697 3544 recte
732 3477 1076 3565 intellegis·
1058 3526 1077 3557 ,
1112 3478 1237 3545 isto
1272 3479 1442 3546 enim
1459 3480 1767 3568 exposito
1803 3502 2034 3547 munus
2068 3478 2368 3567 promissi
2403 3501 2606 3545 omne

526 3571 880 3640 confecero.
972 3584 1120 3639 sunt
1152 3573 1345 3660 igitur
1380 3558 1664 3662 ambigui
1705 3573 1954 3653 duobus
1985 3572 2370 3641 adversariis
2407 3596 2602 3659 prae-

508 3675 713 3754 cepta
772 3667 1159 3748 communia3
1242 3679 1510 3753 uterque
1580 3668 1750 3733 enim
1817 3690 1962 3735 eam
2009 3666 2600 3754 significationem,

508 3782 654 3844 qua
692 3759 941 3825 <nitetur
993 3762 1162 3848 ipse,
1217 3762 1478 3849 ,dignam
1531 3762 1854 3849 scriptoris
1907 3760 2244 3849 prudentia
2287 3783 2434 3829 esse
2483 3760 2601 3823 de-

524 3856 774 3933 fendet3
821 3868 1083 3941 uterque
1117 3858 1211 3937 id,
1250 3860 1424 3943 quod
1457 3858 1858 3926 adversarius
1894 3882 1978 3924 ex.
2019 3857 2315 3945 ambigue
2351 3853 2602 3941 scripto

522 3950 1023 4033 intellegendum
1092 3975 1235 4017 esse
1308 3953 1504 4032 dieet,
1589 3964 1698 4020 aut
1769 3953 2116 4019 absurdum
2187 3962 2296 4022 aut
2362 3949 2596 4015 inutile

524 4049 636 4099 aut
677 4040 961 4121 iniquum
998 4055 1107 4107 aut
1142 4054 1327 4129 turpe
1360 4066 1504 4110 esse
1540 4052 1573 4129 τ
1610 4046 1906 4112 defendet
1959 4057 2070 4115 aut
2109 4044 2300 4117 etiam
2344 4043 2609 4109 ‘discre-
