<?xml version="1.0" encoding="UTF-8"?>
<!DOCTYPE html PUBLIC "-//W3C//DTD XHTML 1.0 Transitional//EN"
    "http://www.w3.org/TR/xhtml1/DTD/xhtml1-transitional.dtd">
<html xmlns="http://www.w3.org/1999/xhtml" xml:lang="en" lang="en">
 <head>
  <title>
</title>
<meta http-equiv="Content-Type" content="text/html;charset=utf-8" />
  <meta name='ocr-system' content='tesseract 3.04.00' />
  <meta name='ocr-capabilities' content='ocr_page ocr_carea ocr_par ocr_line ocrx_word'/>
</head>
<body>
  <div class='ocr_page' id='page_1' title='image "./mtulliiciceroni11unkngoog_0582.png"; bbox 0 0 2784 4575; ppageno 0'>
   <div class='ocr_carea' id='block_1_1' title="bbox 483 261 1930 330">
    <p class='ocr_par' dir='ltr' id='par_1_1' title="bbox 483 261 1930 330">
     <span class='ocr_line' id='line_1_1' title="bbox 483 261 1930 330; baseline -0.004 0"><span class='ocrx_word' id='word_1_1' title='bbox 483 261 618 330; x_wconf 81' lang='lat'><strong>294</strong></span> <span class='ocrx_word' id='word_1_2' title='bbox 1099 272 1178 326; x_wconf 80' lang='lat' dir='ltr'><strong>M.</strong></span> <span class='ocrx_word' id='word_1_3' title='bbox 1217 271 1491 330; x_wconf 72' lang='lat' dir='ltr'><strong>&#39;runnu</strong></span> <span class='ocrx_word' id='word_1_4' title='bbox 1527 267 1930 327; x_wconf 71' lang='grc' dir='ltr'>οιεΕιιοΝιε</span> 
     </span>
    </p>
   </div>
   <div class='ocr_carea' id='block_1_2' title="bbox 379 391 2573 4160">
    <p class='ocr_par' dir='ltr' id='par_1_2' title="bbox 483 391 2561 560">
     <span class='ocr_line' id='line_1_2' title="bbox 483 391 2561 488; baseline -0.003 -22"><span class='ocrx_word' id='word_1_5' title='bbox 483 397 892 488; x_wconf 84' lang='lat' dir='ltr'><strong>perspicuum</strong></span> <span class='ocrx_word' id='word_1_6' title='bbox 945 405 1073 476; x_wconf 88' lang='lat' dir='ltr'><strong>est,</strong></span> <span class='ocrx_word' id='word_1_7' title='bbox 1124 417 1256 464; x_wconf 90' lang='lat' dir='ltr'><strong>non</strong></span> <span class='ocrx_word' id='word_1_8' title='bbox 1305 394 1497 462; x_wconf 91' lang='lat' dir='ltr'><strong>modo</strong></span> <span class='ocrx_word' id='word_1_9' title='bbox 1550 393 1748 481; x_wconf 85' lang='lat' dir='ltr'><strong>partis</strong></span> <span class='ocrx_word' id='word_1_10' title='bbox 1802 391 2133 471; x_wconf 85' lang='lat' dir='ltr'><strong>orationis,</strong></span> <span class='ocrx_word' id='word_1_11' title='bbox 2190 391 2306 458; x_wconf 87' lang='lat' dir='ltr'><strong>sed</strong></span> <span class='ocrx_word' id='word_1_12' title='bbox 2358 394 2561 460; x_wconf 87' lang='lat' dir='ltr'><strong>etiam</strong></span> 
     </span>
     <span class='ocr_line' id='line_1_3' title="bbox 487 488 2403 572; baseline -0.003 -12"><span class='ocrx_word' id='word_1_13' title='bbox 487 497 716 572; x_wconf 76' lang='lat' dir='ltr'><strong>causas</strong></span> <span class='ocrx_word' id='word_1_14' title='bbox 752 502 919 560; x_wconf 82' lang='lat' dir='ltr'><strong>totas</strong></span> <span class='ocrx_word' id='word_1_15' title='bbox 956 491 1113 558; x_wconf 75' lang='lat' dir='ltr'><strong>alias</strong></span> <span class='ocrx_word' id='word_1_16' title='bbox 1149 491 1275 557; x_wconf 89' lang='lat' dir='ltr'><strong>alia</strong></span> <span class='ocrx_word' id='word_1_17' title='bbox 1308 492 1518 558; x_wconf 84' lang='lat' dir='ltr'><strong>forma</strong></span> <span class='ocrx_word' id='word_1_18' title='bbox 1551 488 1802 554; x_wconf 87' lang='lat' dir='ltr'><strong>dicendi</strong></span> <span class='ocrx_word' id='word_1_19' title='bbox 1837 509 1983 555; x_wconf 86' lang='lat' dir='ltr'><strong>esse</strong></span> <span class='ocrx_word' id='word_1_20' title='bbox 2016 489 2403 555; x_wconf 85' lang='lat' dir='ltr'><strong>tractandas.</strong></span> 
     </span>
    </p>

    <p class='ocr_par' dir='ltr' id='par_1_3' title="bbox 379 583 2559 1053">
     <span class='ocr_line' id='line_1_4' title="bbox 379 583 2559 674; baseline -0.003 -17"><span class='ocrx_word' id='word_1_21' title='bbox 379 588 454 642; x_wconf 82' lang='lat'><strong>23</strong></span> <span class='ocrx_word' id='word_1_22' title='bbox 549 587 968 673; x_wconf 84' lang='lat' dir='ltr'><strong>Sequitur,</strong></span> <span class='ocrx_word' id='word_1_23' title='bbox 990 597 1065 652; x_wconf 91' lang='lat' dir='ltr'><strong>ut</strong></span> <span class='ocrx_word' id='word_1_24' title='bbox 1097 586 1407 672; x_wconf 88' lang='lat' dir='ltr'><strong>cuiusque</strong></span> <span class='ocrx_word' id='word_1_25' title='bbox 1448 583 1701 674; x_wconf 88' lang='lat' dir='ltr'><strong>generis</strong></span> <span class='ocrx_word' id='word_1_26' title='bbox 1745 594 1900 651; x_wconf 89' lang='lat' dir='ltr'><strong>nota</strong></span> <span class='ocrx_word' id='word_1_27' title='bbox 1950 596 2289 669; x_wconf 80' lang='lat' dir='ltr'><strong>quaeratur</strong></span> <span class='ocrx_word' id='word_1_28' title='bbox 2320 595 2388 650; x_wconf 91' lang='lat' dir='ltr'><strong>et</strong></span> <span class='ocrx_word' id='word_1_29' title='bbox 2420 587 2559 652; x_wconf 85' lang='lat' dir='ltr'><strong>for-</strong></span> 
     </span>
     <span class='ocr_line' id='line_1_5' title="bbox 417 659 2558 769; baseline -0.002 -18.867"><span class='ocrx_word' id='word_1_30' title='bbox 417 659 687 750; x_wconf 65' lang='lat' dir='ltr'><strong>‘&#39;mula.</strong></span> <span class='ocrx_word' id='word_1_31' title='bbox 740 699 1044 769; x_wconf 85' lang='lat' dir='ltr'><strong>magnum</strong></span> <span class='ocrx_word' id='word_1_32' title='bbox 1079 704 1242 769; x_wconf 84' lang='lat' dir='ltr'><strong>opus</strong></span> <span class='ocrx_word' id='word_1_33' title='bbox 1277 691 1344 746; x_wconf 90' lang='lat' dir='ltr'><strong>et</strong></span> <span class='ocrx_word' id='word_1_34' title='bbox 1378 681 1675 758; x_wconf 87' lang='lat' dir='ltr'><strong>arduum,</strong></span> <span class='ocrx_word' id='word_1_35' title='bbox 1727 690 1801 746; x_wconf 90' lang='lat' dir='ltr'><strong>ut</strong></span> <span class='ocrx_word' id='word_1_36' title='bbox 1834 701 2028 767; x_wconf 84' lang='lat' dir='ltr'><strong>saepe</strong></span> <span class='ocrx_word' id='word_1_37' title='bbox 2070 678 2201 744; x_wconf 86' lang='lat' dir='ltr'><strong>iam</strong></span> <span class='ocrx_word' id='word_1_38' title='bbox 2250 678 2558 760; x_wconf 87' lang='lat' dir='ltr'><strong>diximus,</strong></span> 
     </span>
     <span class='ocr_line' id='line_1_6' title="bbox 485 770 2559 866; baseline -0.002 -21"><span class='ocrx_word' id='word_1_39' title='bbox 485 770 610 845; x_wconf 81' lang='lat' dir='ltr'><strong>sed</strong></span> <span class='ocrx_word' id='word_1_40' title='bbox 664 777 1166 866; x_wconf 76' lang='lat' dir='ltr'><strong>ingredientibus</strong></span> <span class='ocrx_word' id='word_1_41' title='bbox 1221 775 1753 842; x_wconf 84' lang='lat' dir='ltr'><strong>considerandum</strong></span> <span class='ocrx_word' id='word_1_42' title='bbox 1804 773 1926 838; x_wconf 84' lang='lat' dir='ltr'><strong>fuit</strong></span> <span class='ocrx_word' id='word_1_43' title='bbox 1978 773 2133 858; x_wconf 90' lang='lat' dir='ltr'><strong>quid</strong></span> <span class='ocrx_word' id='word_1_44' title='bbox 2192 796 2559 861; x_wconf 88' lang='lat' dir='ltr'><strong>ageremus,</strong></span> 
     </span>
     <span class='ocr_line' id='line_1_7' title="bbox 484 869 2557 959; baseline -0.001 -21"><span class='ocrx_word' id='word_1_45' title='bbox 484 895 658 939; x_wconf 85' lang='lat' dir='ltr'><strong>nunc</strong></span> <span class='ocrx_word' id='word_1_46' title='bbox 709 871 966 959; x_wconf 86' lang='lat' dir='ltr'><strong>quidem</strong></span> <span class='ocrx_word' id='word_1_47' title='bbox 1015 872 1146 938; x_wconf 90' lang='lat' dir='ltr'><strong>iam</strong></span> <span class='ocrx_word' id='word_1_48' title='bbox 1209 888 1608 958; x_wconf 84' lang='lat' dir='ltr'><strong>quocumque</strong></span> <span class='ocrx_word' id='word_1_49' title='bbox 1660 869 1940 935; x_wconf 86' lang='lat' dir='ltr'><strong>feremur</strong></span> <span class='ocrx_word' id='word_1_50' title='bbox 1990 869 2204 934; x_wconf 88' lang='lat' dir='ltr'><strong>danda</strong></span> <span class='ocrx_word' id='word_1_51' title='bbox 2252 869 2557 936; x_wconf 87' lang='lat' dir='ltr'><strong>nimirum</strong></span> 
     </span>
     <span class='ocr_line' id='line_1_8' title="bbox 485 962 2559 1053; baseline -0.002 -19"><span class='ocrx_word' id='word_1_52' title='bbox 485 968 632 1034; x_wconf 81' lang='lat' dir='ltr'><strong>vela</strong></span> <span class='ocrx_word' id='word_1_53' title='bbox 665 977 832 1034; x_wconf 85' lang='lat' dir='ltr'><strong>sunt.</strong></span> <span class='ocrx_word' id='word_1_54' title='bbox 921 989 1016 1032; x_wconf 49' lang='lat' dir='ltr'><strong>ac‘</strong></span> <span class='ocrx_word' id='word_1_55' title='bbox 1028 966 1304 1053; x_wconf 90' lang='lat' dir='ltr'><strong>primum</strong></span> <span class='ocrx_word' id='word_1_56' title='bbox 1337 963 1778 1031; x_wconf 84' lang='lat' dir='ltr'><strong>informandus</strong></span> <span class='ocrx_word' id='word_1_57' title='bbox 1815 974 1917 1029; x_wconf 87' lang='lat' dir='ltr'><strong>est</strong></span> <span class='ocrx_word' id='word_1_58' title='bbox 1946 962 2055 1028; x_wconf 91' lang='lat' dir='ltr'><strong>ille</strong></span> <span class='ocrx_word' id='word_1_59' title='bbox 2088 963 2305 1042; x_wconf 84' lang='lat' dir='ltr'><strong>nobis,</strong></span> <span class='ocrx_word' id='word_1_60' title='bbox 2361 985 2559 1050; x_wconf 89' lang='lat' dir='ltr'><strong>quem</strong></span> 
     </span>
    </p>

    <p class='ocr_par' dir='ltr' id='par_1_4' title="bbox 389 1057 2555 1428">
     <span class='ocr_line' id='line_1_9' title="bbox 389 1057 2555 1148; baseline -0.002 -20"><span class='ocrx_word' id='word_1_61' title='bbox 389 1087 446 1128; x_wconf 68' lang='grc' dir='ltr'><strong>τε</strong></span> <span class='ocrx_word' id='word_1_62' title='bbox 488 1062 697 1129; x_wconf 80' lang='lat' dir='ltr'><strong>solum</strong></span> <span class='ocrx_word' id='word_1_63' title='bbox 739 1061 999 1148; x_wconf 85' lang='lat' dir='ltr'><strong>quidam</strong></span> <span class='ocrx_word' id='word_1_64' title='bbox 1042 1070 1276 1127; x_wconf 89' lang='lat' dir='ltr'><strong>vocant</strong></span> <span class='ocrx_word' id='word_1_65' title='bbox 1309 1059 1632 1125; x_wconf 88' lang='lat' dir='ltr'><strong>Atticum.</strong></span> <span class='ocrx_word' id='word_1_66' title='bbox 1616 1083 1634 1100; x_wconf 90' lang='lat'><strong>·</strong></span> <span class='ocrx_word' id='word_1_67' title='bbox 1688 1057 2068 1124; x_wconf 83' lang='lat' dir='ltr'><strong>summissus</strong></span> <span class='ocrx_word' id='word_1_68' title='bbox 2112 1068 2210 1124; x_wconf 88' lang='lat' dir='ltr'><strong>est</strong></span> <span class='ocrx_word' id='word_1_69' title='bbox 2246 1069 2313 1124; x_wconf 92' lang='lat' dir='ltr'><strong>et</strong></span> <span class='ocrx_word' id='word_1_70' title='bbox 2344 1059 2555 1124; x_wconf 84' lang='lat' dir='ltr'><strong>humi-</strong></span> 
     </span>
     <span class='ocr_line' id='line_1_10' title="bbox 485 1151 2555 1239; baseline -0.001 -17"><span class='ocrx_word' id='word_1_71' title='bbox 485 1157 596 1235; x_wconf 79' lang='lat' dir='ltr'><strong>lis,</strong></span> <span class='ocrx_word' id='word_1_72' title='bbox 648 1156 1171 1224; x_wconf 86' lang='lat' dir='ltr'><strong>consuetudinem</strong></span> <span class='ocrx_word' id='word_1_73' title='bbox 1222 1154 1508 1232; x_wconf 87' lang='lat' dir='ltr'><strong>imitans,</strong></span> <span class='ocrx_word' id='word_1_74' title='bbox 1564 1153 1647 1218; x_wconf 88' lang='lat' dir='ltr'><strong>ab</strong></span> <span class='ocrx_word' id='word_1_75' title='bbox 1688 1151 2011 1218; x_wconf 85' lang='lat' dir='ltr'><strong>indisertis</strong></span> <span class='ocrx_word' id='word_1_76' title='bbox 2054 1175 2125 1218; x_wconf 90' lang='lat' dir='ltr'><strong>re</strong></span> <span class='ocrx_word' id='word_1_77' title='bbox 2166 1152 2313 1239; x_wconf 88' lang='lat' dir='ltr'><strong>plus</strong></span> <span class='ocrx_word' id='word_1_78' title='bbox 2361 1175 2555 1239; x_wconf 85' lang='lat' dir='ltr'><strong>quam</strong></span> 
     </span>
     <span class='ocr_line' id='line_1_11' title="bbox 487 1245 2551 1338; baseline -0.001 -21"><span class='ocrx_word' id='word_1_79' title='bbox 487 1250 782 1338; x_wconf 87' lang='lat' dir='ltr'><strong>opimone</strong></span> <span class='ocrx_word' id='word_1_80' title='bbox 816 1249 1136 1316; x_wconf 84' lang='lat' dir='ltr'><strong>differens.</strong></span> <span class='ocrx_word' id='word_1_81' title='bbox 1199 1247 1415 1334; x_wconf 88' lang='lat' dir='ltr'><strong>itaque</strong></span> <span class='ocrx_word' id='word_1_82' title='bbox 1442 1269 1589 1314; x_wconf 89' lang='lat' dir='ltr'><strong>eum</strong></span> <span class='ocrx_word' id='word_1_83' title='bbox 1626 1247 1735 1333; x_wconf 85' lang='lat' dir='ltr'><strong>qui</strong></span> <span class='ocrx_word' id='word_1_84' title='bbox 1770 1245 2055 1325; x_wconf 87' lang='lat' dir='ltr'><strong>audiunt,</strong></span> <span class='ocrx_word' id='word_1_85' title='bbox 2092 1247 2385 1332; x_wconf 88' lang='lat' dir='ltr'><strong>quamvis</strong></span> <span class='ocrx_word' id='word_1_86' title='bbox 2419 1249 2551 1336; x_wconf 88' lang='lat' dir='ltr'><strong>ipsi</strong></span> 
     </span>
     <span class='ocr_line' id='line_1_12' title="bbox 485 1341 2559 1428; baseline -0 -19"><span class='ocrx_word' id='word_1_87' title='bbox 485 1345 763 1410; x_wconf 78' lang='lat' dir='ltr'><strong>infantes</strong></span> <span class='ocrx_word' id='word_1_88' title='bbox 800 1343 953 1423; x_wconf 88' lang='lat' dir='ltr'><strong>sint,</strong></span> <span class='ocrx_word' id='word_1_89' title='bbox 990 1354 1205 1409; x_wconf 87' lang='lat' dir='ltr'><strong>tamen</strong></span> <span class='ocrx_word' id='word_1_90' title='bbox 1239 1342 1349 1408; x_wconf 92' lang='lat' dir='ltr'><strong>illo</strong></span> <span class='ocrx_word' id='word_1_91' title='bbox 1385 1341 1577 1408; x_wconf 92' lang='lat' dir='ltr'><strong>modo</strong></span> <span class='ocrx_word' id='word_1_92' title='bbox 1614 1341 1943 1407; x_wconf 88' lang='lat' dir='ltr'><strong>confidunt</strong></span> <span class='ocrx_word' id='word_1_93' title='bbox 1976 1363 2047 1406; x_wconf 84' lang='lat' dir='ltr'><strong>se</strong></span> <span class='ocrx_word' id='word_1_94' title='bbox 2080 1363 2275 1428; x_wconf 85' lang='lat' dir='ltr'><strong>posse</strong></span> <span class='ocrx_word' id='word_1_95' title='bbox 2312 1341 2559 1422; x_wconf 69' lang='grc' dir='ltr'>ὤθει-ες</span> 
     </span>
    </p>

    <p class='ocr_par' dir='ltr' id='par_1_5' title="bbox 389 1434 2565 1799">
     <span class='ocr_line' id='line_1_13' title="bbox 389 1434 2559 1546; baseline 0 -43"><span class='ocrx_word' id='word_1_96' title='bbox 389 1488 394 1493; x_wconf 78' lang='grc'><strong>.</strong></span> <span class='ocrx_word' id='word_1_97' title='bbox 486 1461 638 1503; x_wconf 89' lang='lat' dir='ltr'><strong>nam</strong></span> <span class='ocrx_word' id='word_1_98' title='bbox 663 1437 964 1503; x_wconf 84' lang='lat' dir='ltr'><strong>orationis</strong></span> <span class='ocrx_word' id='word_1_99' title='bbox 993 1437 1309 1504; x_wconf 80' lang='lat' dir='ltr'><strong>subtilitas</strong></span> <span class='ocrx_word' id='word_1_100' title='bbox 1344 1435 1669 1502; x_wconf 87' lang='lat' dir='ltr'><strong>imitabilis</strong></span> <span class='ocrx_word' id='word_1_101' title='bbox 1694 1434 1805 1500; x_wconf 84' lang='lat' dir='ltr'><strong>illa</strong></span> <span class='ocrx_word' id='word_1_102' title='bbox 1840 1435 2095 1546; x_wconf 88' lang='lat' dir='ltr'><strong>quidem</strong></span> <span class='ocrx_word' id='word_1_103' title='bbox 2123 1435 2373 1502; x_wconf 88' lang='lat' dir='ltr'><strong>videtur</strong></span> <span class='ocrx_word' id='word_1_104' title='bbox 2408 1459 2559 1504; x_wconf 85' lang='lat' dir='ltr'><strong>esse</strong></span> 
     </span>
     <span class='ocr_line' id='line_1_14' title="bbox 488 1530 2559 1618; baseline 0 -21"><span class='ocrx_word' id='word_1_105' title='bbox 488 1531 894 1610; x_wconf 81' lang='lat' dir='ltr'><strong>existimanti,</strong></span> <span class='ocrx_word' id='word_1_106' title='bbox 933 1533 1049 1598; x_wconf 91' lang='lat' dir='ltr'><strong>sed</strong></span> <span class='ocrx_word' id='word_1_107' title='bbox 1081 1531 1238 1597; x_wconf 86' lang='lat' dir='ltr'><strong>nihil</strong></span> <span class='ocrx_word' id='word_1_108' title='bbox 1277 1542 1376 1596; x_wconf 90' lang='lat' dir='ltr'><strong>est</strong></span> <span class='ocrx_word' id='word_1_109' title='bbox 1412 1530 1760 1618; x_wconf 86' lang='lat' dir='ltr'><strong>experienti</strong></span> <span class='ocrx_word' id='word_1_110' title='bbox 1786 1530 2027 1608; x_wconf 80' lang='lat' dir='ltr'><strong>minus3</strong></span> <span class='ocrx_word' id='word_1_111' title='bbox 2064 1530 2186 1596; x_wconf 86' lang='lat' dir='ltr'><strong>etsi</strong></span> <span class='ocrx_word' id='word_1_112' title='bbox 2220 1531 2391 1597; x_wconf 90' lang='lat' dir='ltr'><strong>enim</strong></span> <span class='ocrx_word' id='word_1_113' title='bbox 2424 1555 2559 1598; x_wconf 78' lang='lat' dir='ltr'><strong>non</strong></span> 
     </span>
     <span class='ocr_line' id='line_1_15' title="bbox 487 1625 2565 1714; baseline 0.001 -24"><span class='ocrx_word' id='word_1_114' title='bbox 487 1625 742 1712; x_wconf 86' lang='lat' dir='ltr'><strong>plurimi</strong></span> <span class='ocrx_word' id='word_1_115' title='bbox 777 1626 1105 1714; x_wconf 80' lang='lat' dir='ltr'><strong>sanguinis</strong></span> <span class='ocrx_word' id='word_1_116' title='bbox 1142 1636 1260 1705; x_wconf 88' lang='lat' dir='ltr'><strong>est,</strong></span> <span class='ocrx_word' id='word_1_117' title='bbox 1298 1625 1531 1691; x_wconf 89' lang='lat' dir='ltr'><strong>habeat</strong></span> <span class='ocrx_word' id='word_1_118' title='bbox 1556 1635 1769 1691; x_wconf 88' lang='lat' dir='ltr'><strong>tamen</strong></span> <span class='ocrx_word' id='word_1_119' title='bbox 1806 1647 2030 1690; x_wconf 90' lang='lat' dir='ltr'><strong>sucum</strong></span> <span class='ocrx_word' id='word_1_120' title='bbox 2058 1625 2333 1709; x_wconf 87' lang='lat' dir='ltr'><strong>aliquem</strong></span> <span class='ocrx_word' id='word_1_121' title='bbox 2368 1648 2565 1713; x_wconf 84' lang='lat' dir='ltr'><strong>opor-</strong></span> 
     </span>
     <span class='ocr_line' id='line_1_16' title="bbox 489 1718 2558 1799; baseline -0.001 -13"><span class='ocrx_word' id='word_1_122' title='bbox 489 1730 608 1798; x_wconf 83' lang='lat' dir='ltr'><strong>tet,</strong></span> <span class='ocrx_word' id='word_1_123' title='bbox 651 1730 753 1799; x_wconf 89' lang='lat' dir='ltr'><strong>ut,</strong></span> <span class='ocrx_word' id='word_1_124' title='bbox 807 1720 1058 1786; x_wconf 89' lang='lat' dir='ltr'><strong>etiamsi</strong></span> <span class='ocrx_word' id='word_1_125' title='bbox 1097 1720 1225 1786; x_wconf 88' lang='lat' dir='ltr'><strong>illis</strong></span> <span class='ocrx_word' id='word_1_126' title='bbox 1268 1720 1564 1786; x_wconf 84' lang='lat' dir='ltr'><strong>maximis</strong></span> <span class='ocrx_word' id='word_1_127' title='bbox 1607 1719 1851 1785; x_wconf 88' lang='lat' dir='ltr'><strong>viribus</strong></span> <span class='ocrx_word' id='word_1_128' title='bbox 1897 1728 2139 1797; x_wconf 86' lang='lat' dir='ltr'><strong>careat,</strong></span> <span class='ocrx_word' id='word_1_129' title='bbox 2186 1718 2299 1799; x_wconf 86' lang='lat' dir='ltr'><strong>sit,</strong></span> <span class='ocrx_word' id='word_1_130' title='bbox 2350 1730 2424 1785; x_wconf 90' lang='grc' dir='ltr'><strong>ιιι</strong></span> <span class='ocrx_word' id='word_1_131' title='bbox 2463 1721 2558 1785; x_wconf 78' lang='lat' dir='ltr'><strong>ita</strong></span> 
     </span>
    </p>

    <p class='ocr_par' dir='ltr' id='par_1_6' title="bbox 392 1812 2567 2655">
     <span class='ocr_line' id='line_1_17' title="bbox 392 1812 2559 1901; baseline -0.001 -19"><span class='ocrx_word' id='word_1_132' title='bbox 392 1839 446 1882; x_wconf 74' lang='grc' dir='ltr'><strong>*ιτ</strong></span> <span class='ocrx_word' id='word_1_133' title='bbox 493 1814 728 1891; x_wconf 88' lang='lat' dir='ltr'><strong>dicam,</strong></span> <span class='ocrx_word' id='word_1_134' title='bbox 763 1812 1014 1901; x_wconf 88' lang='lat' dir='ltr'><strong>integra</strong></span> <span class='ocrx_word' id='word_1_135' title='bbox 1047 1813 1431 1879; x_wconf 88' lang='lat' dir='ltr'><strong>valetudine.</strong></span> <span class='ocrx_word' id='word_1_136' title='bbox 1514 1812 1790 1900; x_wconf 84' lang='lat' dir='ltr'><strong>primum</strong></span> <span class='ocrx_word' id='word_1_137' title='bbox 1821 1812 2017 1900; x_wconf 89' lang='lat' dir='ltr'><strong>igitur</strong></span> <span class='ocrx_word' id='word_1_138' title='bbox 2050 1834 2198 1878; x_wconf 90' lang='lat' dir='ltr'><strong>eum</strong></span> <span class='ocrx_word' id='word_1_139' title='bbox 2230 1823 2559 1899; x_wconf 76' lang='lat' dir='ltr'><strong>tamquam</strong></span> 
     </span>
     <span class='ocr_line' id='line_1_18' title="bbox 493 1905 2555 1992; baseline -0 -19"><span class='ocrx_word' id='word_1_140' title='bbox 493 1931 528 1973; x_wconf 90' lang='lat' dir='ltr'><strong>e</strong></span> <span class='ocrx_word' id='word_1_141' title='bbox 563 1908 834 1974; x_wconf 87' lang='lat' dir='ltr'><strong>vinculis</strong></span> <span class='ocrx_word' id='word_1_142' title='bbox 870 1929 1277 1974; x_wconf 87' lang='lat' dir='ltr'><strong>numerorum</strong></span> <span class='ocrx_word' id='word_1_143' title='bbox 1313 1907 1699 1974; x_wconf 83' lang='lat' dir='ltr'><strong>eximamus:</strong></span> <span class='ocrx_word' id='word_1_144' title='bbox 1753 1918 1908 1973; x_wconf 86' lang='lat' dir='ltr'><strong>sunt</strong></span> <span class='ocrx_word' id='word_1_145' title='bbox 1940 1905 2109 1972; x_wconf 90' lang='lat' dir='ltr'><strong>enim</strong></span> <span class='ocrx_word' id='word_1_146' title='bbox 2144 1907 2423 1992; x_wconf 89' lang='lat' dir='ltr'><strong>quidam,</strong></span> <span class='ocrx_word' id='word_1_147' title='bbox 2478 1919 2555 1972; x_wconf 87' lang='lat' dir='ltr'><strong>ut</strong></span> 
     </span>
     <span class='ocr_line' id='line_1_19' title="bbox 495 1995 2553 2088; baseline -0.001 -23"><span class='ocrx_word' id='word_1_148' title='bbox 495 2003 620 2068; x_wconf 87' lang='lat' dir='ltr'><strong>scis</strong></span> <span class='ocrx_word' id='word_1_149' title='bbox 631 2049 650 2080; x_wconf 93' lang='lat'><strong>,</strong></span> <span class='ocrx_word' id='word_1_150' title='bbox 688 2001 922 2068; x_wconf 86' lang='lat' dir='ltr'><strong>oratori</strong></span> <span class='ocrx_word' id='word_1_151' title='bbox 954 2002 1230 2079; x_wconf 90' lang='lat' dir='ltr'><strong>numeri,</strong></span> <span class='ocrx_word' id='word_1_152' title='bbox 1267 1995 1354 2066; x_wconf 60' lang='lat' dir='ltr'><strong>de&#39;</strong></span> <span class='ocrx_word' id='word_1_153' title='bbox 1385 2000 1617 2085; x_wconf 86' lang='lat' dir='ltr'><strong>quibus</strong></span> <span class='ocrx_word' id='word_1_154' title='bbox 1650 2023 1805 2066; x_wconf 88' lang='lat' dir='ltr'><strong>mox</strong></span> <span class='ocrx_word' id='word_1_155' title='bbox 1838 2023 2136 2088; x_wconf 87' lang='lat' dir='ltr'><strong>agemus,</strong></span> <span class='ocrx_word' id='word_1_156' title='bbox 2168 2002 2553 2066; x_wconf 80' lang='lat' dir='ltr'><strong>observandi</strong></span> 
     </span>
     <span class='ocr_line' id='line_1_20' title="bbox 489 2093 2553 2180; baseline 0 -22"><span class='ocrx_word' id='word_1_157' title='bbox 489 2096 736 2160; x_wconf 87' lang='lat' dir='ltr'><strong>ratione</strong></span> <span class='ocrx_word' id='word_1_158' title='bbox 789 2095 1095 2178; x_wconf 87' lang='lat' dir='ltr'><strong>quadam,</strong></span> <span class='ocrx_word' id='word_1_159' title='bbox 1159 2094 1275 2160; x_wconf 89' lang='lat' dir='ltr'><strong>sed</strong></span> <span class='ocrx_word' id='word_1_160' title='bbox 1327 2094 1452 2160; x_wconf 88' lang='lat' dir='ltr'><strong>alio</strong></span> <span class='ocrx_word' id='word_1_161' title='bbox 1505 2095 1573 2159; x_wconf 92' lang='lat' dir='ltr'><strong>in</strong></span> <span class='ocrx_word' id='word_1_162' title='bbox 1623 2117 1859 2180; x_wconf 85' lang='lat' dir='ltr'><strong>genere</strong></span> <span class='ocrx_word' id='word_1_163' title='bbox 1918 2095 2241 2173; x_wconf 86' lang='lat' dir='ltr'><strong>orationis,</strong></span> <span class='ocrx_word' id='word_1_164' title='bbox 2299 2095 2367 2159; x_wconf 90' lang='lat' dir='ltr'><strong>in</strong></span> <span class='ocrx_word' id='word_1_165' title='bbox 2416 2093 2553 2159; x_wconf 81' lang='lat' dir='ltr'><strong>hoc</strong></span> 
     </span>
     <span class='ocr_line' id='line_1_21' title="bbox 492 2187 2557 2276; baseline 0 -25"><span class='ocrx_word' id='word_1_166' title='bbox 492 2187 750 2252; x_wconf 90' lang='lat' dir='ltr'><strong>omnino</strong></span> <span class='ocrx_word' id='word_1_167' title='bbox 784 2187 1211 2271; x_wconf 76' lang='lat' dir='ltr'><strong>relinquendiz</strong></span> <span class='ocrx_word' id='word_1_168' title='bbox 1265 2187 1545 2253; x_wconf 89' lang='lat' dir='ltr'><strong>solutum</strong></span> <span class='ocrx_word' id='word_1_169' title='bbox 1578 2188 1878 2273; x_wconf 86' lang='lat' dir='ltr'><strong>quiddam</strong></span> <span class='ocrx_word' id='word_1_170' title='bbox 1916 2188 2001 2255; x_wconf 87' lang='lat' dir='ltr'><strong>sit</strong></span> <span class='ocrx_word' id='word_1_171' title='bbox 2031 2210 2151 2255; x_wconf 89' lang='lat' dir='ltr'><strong>nec</strong></span> <span class='ocrx_word' id='word_1_172' title='bbox 2183 2211 2419 2276; x_wconf 86' lang='lat' dir='ltr'><strong>vagum</strong></span> <span class='ocrx_word' id='word_1_173' title='bbox 2452 2199 2557 2253; x_wconf 86' lang='lat' dir='ltr'><strong>ta·-</strong></span> 
     </span>
     <span class='ocr_line' id='line_1_22' title="bbox 491 2281 2553 2369; baseline 0.002 -24"><span class='ocrx_word' id='word_1_174' title='bbox 491 2303 667 2359; x_wconf 91' lang='lat' dir='ltr'><strong>men,</strong></span> <span class='ocrx_word' id='word_1_175' title='bbox 719 2292 792 2346; x_wconf 92' lang='lat' dir='ltr'><strong>ut</strong></span> <span class='ocrx_word' id='word_1_176' title='bbox 833 2281 1084 2369; x_wconf 86' lang='lat' dir='ltr'><strong>ingredi</strong></span> <span class='ocrx_word' id='word_1_177' title='bbox 1125 2282 1352 2362; x_wconf 87' lang='lat' dir='ltr'><strong>libere,</strong></span> <span class='ocrx_word' id='word_1_178' title='bbox 1406 2306 1537 2349; x_wconf 89' lang='lat' dir='ltr'><strong>non</strong></span> <span class='ocrx_word' id='word_1_179' title='bbox 1569 2294 1643 2349; x_wconf 91' lang='lat' dir='ltr'><strong>ut</strong></span> <span class='ocrx_word' id='word_1_180' title='bbox 1684 2282 1947 2350; x_wconf 81' lang='lat' dir='ltr'><strong>licenter</strong></span> <span class='ocrx_word' id='word_1_181' title='bbox 1989 2283 2279 2350; x_wconf 87' lang='lat' dir='ltr'><strong>videatur</strong></span> <span class='ocrx_word' id='word_1_182' title='bbox 2320 2305 2553 2351; x_wconf 84' lang='lat' dir='ltr'><strong>errare.</strong></span> 
     </span>
     <span class='ocr_line' id='line_1_23' title="bbox 489 2376 2559 2466; baseline 0.002 -26"><span class='ocrx_word' id='word_1_183' title='bbox 489 2377 689 2451; x_wconf 79' lang='lat' dir='ltr'><strong>verba</strong></span> <span class='ocrx_word' id='word_1_184' title='bbox 739 2376 932 2442; x_wconf 90' lang='lat' dir='ltr'><strong>etiam</strong></span> <span class='ocrx_word' id='word_1_185' title='bbox 980 2377 1194 2443; x_wconf 85' lang='lat' dir='ltr'><strong>verbis</strong></span> <span class='ocrx_word' id='word_1_186' title='bbox 1250 2378 1435 2463; x_wconf 88' lang='lat' dir='ltr'><strong>quasi</strong></span> <span class='ocrx_word' id='word_1_187' title='bbox 1485 2388 1931 2465; x_wconf 82' lang='lat' dir='ltr'><strong>coagmentare</strong></span> <span class='ocrx_word' id='word_1_188' title='bbox 1981 2379 2311 2466; x_wconf 86' lang='lat' dir='ltr'><strong>neglegat3</strong></span> <span class='ocrx_word' id='word_1_189' title='bbox 2362 2380 2559 2446; x_wconf 85' lang='lat' dir='ltr'><strong>habet</strong></span> 
     </span>
     <span class='ocr_line' id='line_1_24' title="bbox 491 2469 2565 2556; baseline 0.001 -21"><span class='ocrx_word' id='word_1_190' title='bbox 491 2470 662 2535; x_wconf 88' lang='lat' dir='ltr'><strong>enim</strong></span> <span class='ocrx_word' id='word_1_191' title='bbox 703 2469 810 2537; x_wconf 92' lang='lat' dir='ltr'><strong>ille</strong></span> <span class='ocrx_word' id='word_1_192' title='bbox 855 2481 1180 2556; x_wconf 85' lang='lat' dir='ltr'><strong>tamquam</strong></span> <span class='ocrx_word' id='word_1_193' title='bbox 1230 2471 1443 2539; x_wconf 78' lang='lat' dir='ltr'><strong>hiatus</strong></span> <span class='ocrx_word' id='word_1_194' title='bbox 1487 2484 1553 2539; x_wconf 86' lang='lat' dir='ltr'><strong>et</strong></span> <span class='ocrx_word' id='word_1_195' title='bbox 1595 2494 1941 2540; x_wconf 78' lang='lat' dir='ltr'><strong>concursus</strong></span> <span class='ocrx_word' id='word_1_196' title='bbox 1994 2473 2313 2539; x_wconf 86' lang='lat' dir='ltr'><strong>vocalium</strong></span> <span class='ocrx_word' id='word_1_197' title='bbox 2364 2473 2565 2538; x_wconf 86' lang='lat' dir='ltr'><strong>molle</strong></span> 
     </span>
     <span class='ocr_line' id='line_1_25' title="bbox 493 2564 2567 2655; baseline 0.002 -27"><span class='ocrx_word' id='word_1_198' title='bbox 493 2564 795 2648; x_wconf 83' lang='lat' dir='ltr'><strong>quiddam</strong></span> <span class='ocrx_word' id='word_1_199' title='bbox 830 2576 895 2632; x_wconf 90' lang='lat' dir='ltr'><strong>et</strong></span> <span class='ocrx_word' id='word_1_200' title='bbox 929 2568 1101 2651; x_wconf 91' lang='lat' dir='ltr'><strong>quod</strong></span> <span class='ocrx_word' id='word_1_201' title='bbox 1143 2567 1382 2633; x_wconf 89' lang='lat' dir='ltr'><strong>indicet</strong></span> <span class='ocrx_word' id='word_1_202' title='bbox 1420 2588 1553 2633; x_wconf 90' lang='lat' dir='ltr'><strong>non</strong></span> <span class='ocrx_word' id='word_1_203' title='bbox 1592 2566 1910 2655; x_wconf 87' lang='lat' dir='ltr'><strong>ingratam</strong></span> <span class='ocrx_word' id='word_1_204' title='bbox 1959 2566 2433 2655; x_wconf 86' lang='lat' dir='ltr'><strong>neglegentiam</strong></span> <span class='ocrx_word' id='word_1_205' title='bbox 2477 2568 2567 2632; x_wconf 79' lang='lat' dir='ltr'><strong>de</strong></span> 
     </span>
    </p>

    <p class='ocr_par' dir='ltr' id='par_1_7' title="bbox 395 2654 2573 3597">
     <span class='ocr_line' id='line_1_26' title="bbox 395 2654 2561 2747; baseline 0 -23"><span class='ocrx_word' id='word_1_206' title='bbox 395 2682 448 2724; x_wconf 69' lang='grc' dir='ltr'><strong>ιε</strong></span> <span class='ocrx_word' id='word_1_207' title='bbox 489 2681 562 2724; x_wconf 86' lang='lat' dir='ltr'><strong>re</strong></span> <span class='ocrx_word' id='word_1_208' title='bbox 607 2654 880 2725; x_wconf 87' lang='lat' dir='ltr'><strong>hominis</strong></span> <span class='ocrx_word' id='word_1_209' title='bbox 934 2661 1142 2747; x_wconf 86' lang='lat' dir='ltr'><strong>magis</strong></span> <span class='ocrx_word' id='word_1_210' title='bbox 1195 2682 1388 2746; x_wconf 89' lang='lat' dir='ltr'><strong>quam</strong></span> <span class='ocrx_word' id='word_1_211' title='bbox 1433 2661 1514 2726; x_wconf 89' lang='lat' dir='ltr'><strong>de</strong></span> <span class='ocrx_word' id='word_1_212' title='bbox 1564 2660 1780 2727; x_wconf 88' lang='lat' dir='ltr'><strong>verbis</strong></span> <span class='ocrx_word' id='word_1_213' title='bbox 1828 2661 2195 2728; x_wconf 86' lang='lat' dir='ltr'><strong>laborantis.</strong></span> <span class='ocrx_word' id='word_1_214' title='bbox 2287 2662 2403 2728; x_wconf 91' lang='lat' dir='ltr'><strong>sed</strong></span> <span class='ocrx_word' id='word_1_215' title='bbox 2438 2660 2561 2727; x_wconf 87' lang='lat' dir='ltr'><strong>erit</strong></span> 
     </span>
     <span class='ocr_line' id='line_1_27' title="bbox 493 2752 2567 2841; baseline 0.003 -25"><span class='ocrx_word' id='word_1_216' title='bbox 493 2752 840 2820; x_wconf 89' lang='lat' dir='ltr'><strong>videndum</strong></span> <span class='ocrx_word' id='word_1_217' title='bbox 876 2755 956 2820; x_wconf 91' lang='lat' dir='ltr'><strong>de</strong></span> <span class='ocrx_word' id='word_1_218' title='bbox 989 2756 1284 2841; x_wconf 89' lang='lat' dir='ltr'><strong>reliquis,</strong></span> <span class='ocrx_word' id='word_1_219' title='bbox 1338 2776 1485 2821; x_wconf 89' lang='lat' dir='ltr'><strong>oum</strong></span> <span class='ocrx_word' id='word_1_220' title='bbox 1522 2754 1682 2821; x_wconf 88' lang='lat' dir='ltr'><strong>haec</strong></span> <span class='ocrx_word' id='word_1_221' title='bbox 1716 2756 1843 2822; x_wconf 87' lang='lat' dir='ltr'><strong>duo</strong></span> <span class='ocrx_word' id='word_1_222' title='bbox 1878 2756 1939 2822; x_wconf 88' lang='lat' dir='ltr'><strong>ei</strong></span> <span class='ocrx_word' id='word_1_223' title='bbox 1970 2756 2269 2823; x_wconf 89' lang='lat' dir='ltr'><strong>liberiora</strong></span> <span class='ocrx_word' id='word_1_224' title='bbox 2302 2757 2567 2835; x_wconf 77' lang='lat' dir='ltr'><strong>fuerint,</strong></span> 
     </span>
     <span class='ocr_line' id='line_1_28' title="bbox 491 2846 2569 2938; baseline 0.003 -29"><span class='ocrx_word' id='word_1_225' title='bbox 491 2846 790 2915; x_wconf 87' lang='lat' dir='ltr'><strong>circuitus</strong></span> <span class='ocrx_word' id='word_1_226' title='bbox 829 2849 1415 2937; x_wconf 88' lang='lat' dir='ltr'><strong>conglutinatioque</strong></span> <span class='ocrx_word' id='word_1_227' title='bbox 1448 2851 1820 2918; x_wconf 82' lang='lat' dir='ltr'><strong>verborum:</strong></span> <span class='ocrx_word' id='word_1_228' title='bbox 1872 2850 1985 2916; x_wconf 84' lang='lat' dir='ltr'><strong>illa</strong></span> <span class='ocrx_word' id='word_1_229' title='bbox 2018 2851 2187 2917; x_wconf 89' lang='lat' dir='ltr'><strong>enim</strong></span> <span class='ocrx_word' id='word_1_230' title='bbox 2229 2850 2373 2938; x_wconf 87' lang='lat' dir='ltr'><strong>ipsa</strong></span> <span class='ocrx_word' id='word_1_231' title='bbox 2407 2873 2569 2917; x_wconf 83' lang='lat' dir='ltr'><strong>con·</strong></span> 
     </span>
     <span class='ocr_line' id='line_1_29' title="bbox 489 2944 2566 3032; baseline 0.001 -27"><span class='ocrx_word' id='word_1_232' title='bbox 489 2949 696 3006; x_wconf 86' lang='lat' dir='ltr'><strong>tracta</strong></span> <span class='ocrx_word' id='word_1_233' title='bbox 747 2954 812 3008; x_wconf 89' lang='lat' dir='ltr'><strong>et</strong></span> <span class='ocrx_word' id='word_1_234' title='bbox 864 2944 1111 3011; x_wconf 90' lang='lat' dir='ltr'><strong>minuta</strong></span> <span class='ocrx_word' id='word_1_235' title='bbox 1160 2967 1291 3011; x_wconf 90' lang='lat' dir='ltr'><strong>non</strong></span> <span class='ocrx_word' id='word_1_236' title='bbox 1341 2944 1760 3032; x_wconf 84' lang='lat' dir='ltr'><strong>neglegenter</strong></span> <span class='ocrx_word' id='word_1_237' title='bbox 1818 2946 2149 3011; x_wconf 87' lang='lat' dir='ltr'><strong>tractanda</strong></span> <span class='ocrx_word' id='word_1_238' title='bbox 2202 2955 2377 3024; x_wconf 88' lang='lat' dir='ltr'><strong>sunt,</strong></span> <span class='ocrx_word' id='word_1_239' title='bbox 2442 2944 2566 3009; x_wconf 79' lang='lat' dir='ltr'><strong>sed</strong></span> 
     </span>
     <span class='ocr_line' id='line_1_30' title="bbox 491 3036 2573 3127; baseline 0.001 -28"><span class='ocrx_word' id='word_1_240' title='bbox 491 3036 805 3117; x_wconf 84' lang='lat' dir='ltr'><strong>quaedam</strong></span> <span class='ocrx_word' id='word_1_241' title='bbox 841 3037 1032 3103; x_wconf 93' lang='lat' dir='ltr'><strong>etiam</strong></span> <span class='ocrx_word' id='word_1_242' title='bbox 1067 3038 1475 3125; x_wconf 87' lang='lat' dir='ltr'><strong>neglegentia</strong></span> <span class='ocrx_word' id='word_1_243' title='bbox 1508 3039 1627 3105; x_wconf 90' lang='lat' dir='ltr'><strong>erit</strong></span> <span class='ocrx_word' id='word_1_244' title='bbox 1661 3039 1962 3127; x_wconf 81' lang='lat' dir='ltr'><strong>diligens,</strong></span> <span class='ocrx_word' id='word_1_245' title='bbox 1996 3076 2087 3089; x_wconf 90' lang='lat'><strong>—-</strong></span> <span class='ocrx_word' id='word_1_246' title='bbox 2119 3062 2269 3104; x_wconf 85' lang='lat' dir='ltr'><strong>nam</strong></span> <span class='ocrx_word' id='word_1_247' title='bbox 2302 3049 2373 3103; x_wconf 90' lang='lat' dir='ltr'><strong>ut</strong></span> <span class='ocrx_word' id='word_1_248' title='bbox 2414 3060 2573 3103; x_wconf 77' lang='lat' dir='ltr'><strong>mu·</strong></span> 
     </span>
     <span class='ocr_line' id='line_1_31' title="bbox 490 3127 2569 3223; baseline 0.004 -33"><span class='ocrx_word' id='word_1_249' title='bbox 490 3127 680 3194; x_wconf 88' lang='lat' dir='ltr'><strong>lieres</strong></span> <span class='ocrx_word' id='word_1_250' title='bbox 717 3150 862 3197; x_wconf 85' lang='lat' dir='ltr'><strong>esse</strong></span> <span class='ocrx_word' id='word_1_251' title='bbox 899 3132 1193 3199; x_wconf 84' lang='lat' dir='ltr'><strong>dicuntur</strong></span> <span class='ocrx_word' id='word_1_252' title='bbox 1225 3155 1357 3199; x_wconf 91' lang='lat' dir='ltr'><strong>non</strong></span> <span class='ocrx_word' id='word_1_253' title='bbox 1390 3133 1605 3199; x_wconf 90' lang='lat' dir='ltr'><strong>nullae</strong></span> <span class='ocrx_word' id='word_1_254' title='bbox 1638 3132 1996 3213; x_wconf 87' lang='lat' dir='ltr'><strong>inornatae,</strong></span> <span class='ocrx_word' id='word_1_255' title='bbox 2048 3156 2209 3219; x_wconf 87' lang='lat' dir='ltr'><strong>quas</strong></span> <span class='ocrx_word' id='word_1_256' title='bbox 2242 3131 2361 3198; x_wconf 90' lang='lat' dir='ltr'><strong>id</strong></span> <span class='ocrx_word' id='word_1_257' title='bbox 2340 3154 2569 3223; x_wconf 75' lang='lat' dir='ltr'><strong>lpsum</strong></span> 
     </span>
     <span class='ocr_line' id='line_1_32' title="bbox 492 3221 2569 3316; baseline 0.002 -30"><span class='ocrx_word' id='word_1_258' title='bbox 492 3221 743 3303; x_wconf 87' lang='lat' dir='ltr'><strong>deceat,</strong></span> <span class='ocrx_word' id='word_1_259' title='bbox 799 3226 893 3292; x_wconf 89' lang='lat' dir='ltr'><strong>sic</strong></span> <span class='ocrx_word' id='word_1_260' title='bbox 928 3227 1090 3292; x_wconf 86' lang='lat' dir='ltr'><strong>haec</strong></span> <span class='ocrx_word' id='word_1_261' title='bbox 1125 3228 1374 3294; x_wconf 86' lang='lat' dir='ltr'><strong>subtilis</strong></span> <span class='ocrx_word' id='word_1_262' title='bbox 1420 3228 1622 3294; x_wconf 85' lang='lat' dir='ltr'><strong>oratio</strong></span> <span class='ocrx_word' id='word_1_263' title='bbox 1658 3228 1852 3293; x_wconf 89' lang='lat' dir='ltr'><strong>etiam</strong></span> <span class='ocrx_word' id='word_1_264' title='bbox 1894 3229 2219 3316; x_wconf 86' lang='lat' dir='ltr'><strong>incompta</strong></span> <span class='ocrx_word' id='word_1_265' title='bbox 2251 3226 2569 3306; x_wconf 75' lang='lat' dir='ltr'><strong>delectat3</strong></span> 
     </span>
     <span class='ocr_line' id='line_1_33' title="bbox 489 3315 2567 3406; baseline 0.001 -24"><span class='ocrx_word' id='word_1_266' title='bbox 489 3316 565 3381; x_wconf 86' lang='lat' dir='ltr'><strong>fit</strong></span> <span class='ocrx_word' id='word_1_267' title='bbox 597 3315 768 3385; x_wconf 88' lang='lat' dir='ltr'><strong>enim</strong></span> <span class='ocrx_word' id='word_1_268' title='bbox 803 3321 1160 3405; x_wconf 88' lang='lat' dir='ltr'><strong>quiddam</strong></span> <span class='ocrx_word' id='word_1_269' title='bbox 1140 3344 1209 3387; x_wconf 88' lang='lat' dir='ltr'><strong>m</strong></span> <span class='ocrx_word' id='word_1_270' title='bbox 1244 3332 1540 3406; x_wconf 88' lang='lat' dir='ltr'><strong>utroque,</strong></span> <span class='ocrx_word' id='word_1_271' title='bbox 1586 3343 1712 3406; x_wconf 91' lang='lat' dir='ltr'><strong>quo</strong></span> <span class='ocrx_word' id='word_1_272' title='bbox 1750 3322 1834 3389; x_wconf 87' lang='lat' dir='ltr'><strong>sit</strong></span> <span class='ocrx_word' id='word_1_273' title='bbox 1868 3324 2229 3401; x_wconf 84' lang='lat' dir='ltr'><strong>venustius,</strong></span> <span class='ocrx_word' id='word_1_274' title='bbox 2275 3322 2393 3387; x_wconf 85' lang='lat' dir='ltr'><strong>sed</strong></span> <span class='ocrx_word' id='word_1_275' title='bbox 2424 3343 2567 3387; x_wconf 81' lang='lat' dir='ltr'><strong>non</strong></span> 
     </span>
     <span class='ocr_line' id='line_1_34' title="bbox 487 3414 2572 3502; baseline 0.002 -27"><span class='ocrx_word' id='word_1_276' title='bbox 487 3421 564 3476; x_wconf 90' lang='lat' dir='ltr'><strong>ut</strong></span> <span class='ocrx_word' id='word_1_277' title='bbox 614 3424 944 3499; x_wconf 87' lang='lat' dir='ltr'><strong>appareat,</strong></span> <span class='ocrx_word' id='word_1_278' title='bbox 979 3450 1070 3463; x_wconf 93' lang='lat'><strong>--</strong></span> <span class='ocrx_word' id='word_1_279' title='bbox 1117 3426 1254 3481; x_wconf 89' lang='lat' dir='ltr'><strong>tum</strong></span> <span class='ocrx_word' id='word_1_280' title='bbox 1307 3416 1737 3482; x_wconf 87' lang='lat' dir='ltr'><strong>removebitur</strong></span> <span class='ocrx_word' id='word_1_281' title='bbox 1789 3416 1996 3483; x_wconf 91' lang='lat' dir='ltr'><strong>omnis</strong></span> <span class='ocrx_word' id='word_1_282' title='bbox 2048 3414 2318 3502; x_wconf 87' lang='lat' dir='ltr'><strong>insignis</strong></span> <span class='ocrx_word' id='word_1_283' title='bbox 2368 3438 2572 3482; x_wconf 82' lang='lat' dir='ltr'><strong>orna-</strong></span> 
     </span>
     <span class='ocr_line' id='line_1_35' title="bbox 489 3509 2568 3597; baseline 0.001 -27"><span class='ocrx_word' id='word_1_284' title='bbox 489 3518 596 3571; x_wconf 88' lang='lat' dir='ltr'><strong>tus</strong></span> <span class='ocrx_word' id='word_1_285' title='bbox 634 3509 815 3593; x_wconf 84' lang='lat' dir='ltr'><strong>quasi</strong></span> <span class='ocrx_word' id='word_1_286' title='bbox 849 3510 1364 3597; x_wconf 87' lang='lat' dir='ltr'><strong>margaritarum,</strong></span> <span class='ocrx_word' id='word_1_287' title='bbox 1347 3536 1363 3553; x_wconf 90' lang='lat'><strong>·</strong></span> <span class='ocrx_word' id='word_1_288' title='bbox 1400 3534 1484 3576; x_wconf 93' lang='lat' dir='ltr'><strong>ne</strong></span> <span class='ocrx_word' id='word_1_289' title='bbox 1510 3511 1852 3577; x_wconf 86' lang='lat' dir='ltr'><strong>calamistri</strong></span> <span class='ocrx_word' id='word_1_290' title='bbox 1880 3511 2139 3596; x_wconf 86' lang='lat' dir='ltr'><strong>quidem</strong></span> <span class='ocrx_word' id='word_1_291' title='bbox 2164 3510 2568 3576; x_wconf 88' lang='lat' dir='ltr'><strong>adhibebun-</strong></span> 
     </span>
    </p>

    <p class='ocr_par' dir='ltr' id='par_1_8' title="bbox 395 3602 2573 3882">
     <span class='ocr_line' id='line_1_36' title="bbox 395 3602 2565 3679; baseline 0.001 -14"><span class='ocrx_word' id='word_1_292' title='bbox 395 3622 449 3665; x_wconf 68' lang='grc' dir='ltr'><strong>τε</strong></span> <span class='ocrx_word' id='word_1_293' title='bbox 493 3608 623 3679; x_wconf 83' lang='grc' dir='ltr'>ιιιι·;</span> <span class='ocrx_word' id='word_1_294' title='bbox 677 3602 872 3669; x_wconf 72' lang='lat' dir='ltr'><strong>fiicati</strong></span> <span class='ocrx_word' id='word_1_295' title='bbox 908 3625 1061 3671; x_wconf 88' lang='lat' dir='ltr'><strong>vero</strong></span> <span class='ocrx_word' id='word_1_296' title='bbox 1105 3606 1569 3672; x_wconf 88' lang='lat' dir='ltr'><strong>medicamenta</strong></span> <span class='ocrx_word' id='word_1_297' title='bbox 1614 3606 1906 3671; x_wconf 88' lang='lat' dir='ltr'><strong>candoris</strong></span> <span class='ocrx_word' id='word_1_298' title='bbox 1942 3616 2009 3671; x_wconf 88' lang='lat' dir='ltr'><strong>et</strong></span> <span class='ocrx_word' id='word_1_299' title='bbox 2049 3604 2301 3670; x_wconf 84' lang='lat' dir='ltr'><strong>ruboris</strong></span> <span class='ocrx_word' id='word_1_300' title='bbox 2343 3602 2565 3670; x_wconf 80' lang='lat' dir='ltr'><strong>omnia</strong></span> 
     </span>
     <span class='ocr_line' id='line_1_37' title="bbox 489 3692 2573 3785; baseline 0.001 -27"><span class='ocrx_word' id='word_1_301' title='bbox 489 3694 903 3781; x_wconf 87' lang='lat' dir='ltr'><strong>repellentur,</strong></span> <span class='ocrx_word' id='word_1_302' title='bbox 940 3692 1260 3785; x_wconf 86' lang='lat' dir='ltr'><strong>elegantia</strong></span> <span class='ocrx_word' id='word_1_303' title='bbox 1286 3699 1477 3765; x_wconf 87' lang='lat' dir='ltr'><strong>modo</strong></span> <span class='ocrx_word' id='word_1_304' title='bbox 1504 3710 1569 3765; x_wconf 91' lang='lat' dir='ltr'><strong>et</strong></span> <span class='ocrx_word' id='word_1_305' title='bbox 1593 3699 1906 3780; x_wconf 86' lang='lat' dir='ltr'><strong>munditia</strong></span> <span class='ocrx_word' id='word_1_306' title='bbox 1928 3697 2301 3765; x_wconf 86' lang='lat' dir='ltr'><strong>remanebit.</strong></span> <span class='ocrx_word' id='word_1_307' title='bbox 2348 3716 2573 3763; x_wconf 80' lang='lat' dir='ltr'><strong>sermo</strong></span> 
     </span>
     <span class='ocr_line' id='line_1_38' title="bbox 489 3788 2572 3882; baseline -0.001 -27"><span class='ocrx_word' id='word_1_308' title='bbox 489 3811 688 3876; x_wconf 88' lang='lat' dir='ltr'><strong>purus</strong></span> <span class='ocrx_word' id='word_1_309' title='bbox 743 3792 862 3858; x_wconf 89' lang='lat' dir='ltr'><strong>erit</strong></span> <span class='ocrx_word' id='word_1_310' title='bbox 913 3805 979 3860; x_wconf 91' lang='lat' dir='ltr'><strong>et</strong></span> <span class='ocrx_word' id='word_1_311' title='bbox 1019 3795 1328 3873; x_wconf 82' lang='lat' dir='ltr'><strong>Latinus3</strong></span> <span class='ocrx_word' id='word_1_312' title='bbox 1381 3794 1657 3860; x_wconf 87' lang='lat' dir='ltr'><strong>dilucide</strong></span> <span class='ocrx_word' id='word_1_313' title='bbox 1708 3795 2024 3882; x_wconf 86' lang='lat' dir='ltr'><strong>planeque</strong></span> <span class='ocrx_word' id='word_1_314' title='bbox 2076 3793 2352 3869; x_wconf 79' lang='lat' dir='ltr'><strong>dicetur3</strong></span> <span class='ocrx_word' id='word_1_315' title='bbox 2403 3788 2572 3874; x_wconf 72' lang='lat' dir='ltr'><strong>quid</strong></span> 
     </span>
    </p>

    <p class='ocr_par' dir='ltr' id='par_1_9' title="bbox 383 3886 2573 4160">
     <span class='ocr_line' id='line_1_39' title="bbox 383 3886 2569 3976; baseline -0.001 -25"><span class='ocrx_word' id='word_1_316' title='bbox 383 3886 461 3943; x_wconf 78' lang='grc'><strong>24</strong></span> <span class='ocrx_word' id='word_1_317' title='bbox 495 3886 717 3953; x_wconf 88' lang='lat' dir='ltr'><strong>deceat</strong></span> <span class='ocrx_word' id='word_1_318' title='bbox 767 3888 1312 3976; x_wconf 88' lang='lat' dir='ltr'><strong>circumspicietur</strong></span> <span class='ocrx_word' id='word_1_319' title='bbox 1357 3924 1453 3938; x_wconf 90' lang='lat'><strong>—-</strong></span> <span class='ocrx_word' id='word_1_320' title='bbox 1497 3912 1694 3954; x_wconf 89' lang='lat' dir='ltr'><strong>unum</strong></span> <span class='ocrx_word' id='word_1_321' title='bbox 1748 3888 1977 3966; x_wconf 87' lang='lat' dir='ltr'><strong>aberit,</strong></span> <span class='ocrx_word' id='word_1_322' title='bbox 2040 3888 2213 3973; x_wconf 91' lang='lat' dir='ltr'><strong>quod</strong></span> <span class='ocrx_word' id='word_1_323' title='bbox 2263 3898 2569 3971; x_wconf 87' lang='lat' dir='ltr'><strong>quartum</strong></span> 
     </span>
     <span class='ocr_line' id='line_1_40' title="bbox 491 3981 2570 4068; baseline 0.001 -28"><span class='ocrx_word' id='word_1_324' title='bbox 491 3990 784 4045; x_wconf 85' lang='lat' dir='ltr'><strong>numerat</strong></span> <span class='ocrx_word' id='word_1_325' title='bbox 833 3981 1320 4068; x_wconf 86' lang='lat' dir='ltr'><strong>Theophrastus</strong></span> <span class='ocrx_word' id='word_1_326' title='bbox 1380 3982 1450 4047; x_wconf 89' lang='lat' dir='ltr'><strong>in</strong></span> <span class='ocrx_word' id='word_1_327' title='bbox 1512 3982 1813 4049; x_wconf 87' lang='lat' dir='ltr'><strong>orationis</strong></span> <span class='ocrx_word' id='word_1_328' title='bbox 1875 3982 2201 4059; x_wconf 88' lang='lat' dir='ltr'><strong>laudibus,</strong></span> <span class='ocrx_word' id='word_1_329' title='bbox 2261 3988 2570 4046; x_wconf 83' lang='lat' dir='ltr'><strong>ornatum</strong></span> 
     </span>
     <span class='ocr_line' id='line_1_41' title="bbox 489 4068 2573 4160; baseline 0.003 -30"><span class='ocrx_word' id='word_1_330' title='bbox 489 4068 680 4147; x_wconf 81' lang='lat' dir='ltr'><strong>illud,</strong></span> <span class='ocrx_word' id='word_1_331' title='bbox 719 4093 914 4136; x_wconf 89' lang='lat' dir='ltr'><strong>suave</strong></span> <span class='ocrx_word' id='word_1_332' title='bbox 952 4085 1016 4139; x_wconf 92' lang='lat' dir='ltr'><strong>et</strong></span> <span class='ocrx_word' id='word_1_333' title='bbox 1051 4074 1360 4154; x_wconf 86' lang='lat' dir='ltr'><strong>adfluens,</strong></span> <span class='ocrx_word' id='word_1_334' title='bbox 1394 4109 1485 4124; x_wconf 89' lang='lat'><strong>—-</strong></span> <span class='ocrx_word' id='word_1_335' title='bbox 1521 4086 1743 4140; x_wconf 89' lang='lat' dir='ltr'><strong>acutae</strong></span> <span class='ocrx_word' id='word_1_336' title='bbox 1779 4077 2165 4160; x_wconf 86' lang='lat' dir='ltr'><strong>crebraeque</strong></span> <span class='ocrx_word' id='word_1_337' title='bbox 2204 4072 2573 4140; x_wconf 78' lang='lat' dir='ltr'><strong>sententiae</strong></span> 
     </span>
    </p>
   </div>
  </div>
 </body>
</html>
