<?xml version="1.0" encoding="UTF-8"?>
<!DOCTYPE html PUBLIC "-//W3C//DTD XHTML 1.0 Transitional//EN"
    "http://www.w3.org/TR/xhtml1/DTD/xhtml1-transitional.dtd">
<html xmlns="http://www.w3.org/1999/xhtml" xml:lang="en" lang="en">
 <head>
  <title>
</title>
<meta http-equiv="Content-Type" content="text/html;charset=utf-8" />
  <meta name='ocr-system' content='tesseract 3.04.00' />
  <meta name='ocr-capabilities' content='ocr_page ocr_carea ocr_par ocr_line ocrx_word'/>
</head>
<body>
  <div class='ocr_page' id='page_1' title='image "./mtulliiciceroni11unkngoog_0557.png"; bbox 0 0 2784 4575; ppageno 0'>
   <div class='ocr_carea' id='block_1_1' title="bbox 920 271 2279 346">
    <p class='ocr_par' dir='ltr' id='par_1_1' title="bbox 920 271 2279 346">
     <span class='ocr_line' id='line_1_1' title="bbox 920 271 2279 346; baseline 0.001 -8"><span class='ocrx_word' id='word_1_1' title='bbox 920 281 1232 346; x_wconf 84' lang='lat' dir='ltr'><strong>BRUTUS</strong></span> <span class='ocrx_word' id='word_1_2' title='bbox 1266 283 1577 339; x_wconf 76' lang='lat'><strong>304—311.</strong></span> <span class='ocrx_word' id='word_1_3' title='bbox 2150 271 2279 339; x_wconf 83' lang='grc'><strong>269</strong></span> 
     </span>
    </p>
   </div>
   <div class='ocr_carea' id='block_1_2' title="bbox 195 382 2281 586">
    <p class='ocr_par' dir='ltr' id='par_1_2' title="bbox 195 382 2281 586">
     <span class='ocr_line' id='line_1_2' title="bbox 195 382 2281 491; baseline 0.002 -20"><span class='ocrx_word' id='word_1_4' title='bbox 195 382 367 472; x_wconf 60' lang='lat' dir='ltr'><strong>¹esse</strong></span> <span class='ocrx_word' id='word_1_5' title='bbox 400 402 470 469; x_wconf 92' lang='lat' dir='ltr'><strong>in</strong></span> <span class='ocrx_word' id='word_1_6' title='bbox 502 413 884 491; x_wconf 90' lang='lat' dir='ltr'><strong>perpetuum</strong></span> <span class='ocrx_word' id='word_1_7' title='bbox 915 403 1078 475; x_wconf 84' lang='lat' dir='ltr'><strong>ratio</strong></span> <span class='ocrx_word' id='word_1_8' title='bbox 1121 403 1517 479; x_wconf 85' lang='lat' dir='ltr'><strong>iudiciorum</strong></span> <span class='ocrx_word' id='word_1_9' title='bbox 1540 404 1904 473; x_wconf 81' lang='lat' dir='ltr'><strong>videbatur=</strong></span> <span class='ocrx_word' id='word_1_10' title='bbox 1966 406 2281 475; x_wconf 89' lang='lat' dir='ltr'><strong>occiderat</strong></span> 
     </span>
     <span class='ocr_line' id='line_1_3' title="bbox 219 497 2281 586; baseline 0 -20"><span class='ocrx_word' id='word_1_11' title='bbox 219 497 548 586; x_wconf 78' lang='lat' dir='ltr'><strong>Sulpicius</strong></span> <span class='ocrx_word' id='word_1_12' title='bbox 581 499 692 565; x_wconf 92' lang='lat' dir='ltr'><strong>illo</strong></span> <span class='ocrx_word' id='word_1_13' title='bbox 735 521 902 566; x_wconf 87' lang='lat' dir='ltr'><strong>anno</strong></span> <span class='ocrx_word' id='word_1_14' title='bbox 947 509 1202 584; x_wconf 80' lang='lat' dir='ltr'><strong>tresque</strong></span> <span class='ocrx_word' id='word_1_15' title='bbox 1251 499 1542 586; x_wconf 84' lang='lat' dir='ltr'><strong>proximo</strong></span> <span class='ocrx_word' id='word_1_16' title='bbox 1585 500 1775 565; x_wconf 91' lang='lat' dir='ltr'><strong>trium</strong></span> <span class='ocrx_word' id='word_1_17' title='bbox 1820 509 2099 566; x_wconf 82' lang='lat' dir='ltr'><strong>aetatum</strong></span> <span class='ocrx_word' id='word_1_18' title='bbox 2141 523 2281 568; x_wconf 82' lang='lat' dir='ltr'><strong>ora-</strong></span> 
     </span>
    </p>
   </div>
   <div class='ocr_carea' id='block_1_3' title="bbox 217 591 2379 679">
    <p class='ocr_par' dir='ltr' id='par_1_3' title="bbox 217 591 2379 679">
     <span class='ocr_line' id='line_1_4' title="bbox 217 591 2379 679; baseline 0 -19"><span class='ocrx_word' id='word_1_19' title='bbox 217 603 394 660; x_wconf 82' lang='lat' dir='ltr'><strong>tores</strong></span> <span class='ocrx_word' id='word_1_20' title='bbox 430 602 613 659; x_wconf 87' lang='lat' dir='ltr'><strong>erant</strong></span> <span class='ocrx_word' id='word_1_21' title='bbox 653 592 1088 660; x_wconf 87' lang='lat' dir='ltr'><strong>crudelissime</strong></span> <span class='ocrx_word' id='word_1_22' title='bbox 1129 592 1473 673; x_wconf 76' lang='lat' dir='ltr'><strong>interfecti,</strong></span> <span class='ocrx_word' id='word_1_23' title='bbox 1530 592 1615 675; x_wconf 81' lang='lat' dir='ltr'><strong>Q.</strong></span> <span class='ocrx_word' id='word_1_24' title='bbox 1656 591 1955 674; x_wconf 80' lang='lat' dir='ltr'><strong>Catulus,</strong></span> <span class='ocrx_word' id='word_1_25' title='bbox 2005 593 2107 661; x_wconf 88' lang='lat' dir='ltr'><strong>M.</strong></span> <span class='ocrx_word' id='word_1_26' title='bbox 2140 596 2283 679; x_wconf 84' lang='lat' dir='ltr'><strong>An-</strong></span> <span class='ocrx_word' id='word_1_27' title='bbox 2373 642 2379 648; x_wconf 68' lang='lat'><strong>,</strong></span> 
     </span>
    </p>
   </div>
   <div class='ocr_carea' id='block_1_4' title="bbox 214 685 2286 2911">
    <p class='ocr_par' dir='ltr' id='par_1_4' title="bbox 214 685 2286 2911">
     <span class='ocr_line' id='line_1_5' title="bbox 215 685 2283 776; baseline 0.001 -23"><span class='ocrx_word' id='word_1_28' title='bbox 215 686 462 767; x_wconf 84' lang='lat' dir='ltr'><strong>tonius,</strong></span> <span class='ocrx_word' id='word_1_29' title='bbox 518 685 598 754; x_wconf 90' lang='lat' dir='ltr'><strong>C.</strong></span> <span class='ocrx_word' id='word_1_30' title='bbox 649 686 873 754; x_wconf 88' lang='lat' dir='ltr'><strong>Iulius.</strong></span> <span class='ocrx_word' id='word_1_31' title='bbox 973 685 1228 776; x_wconf 88' lang='lat' dir='ltr'><strong>[eodem</strong></span> <span class='ocrx_word' id='word_1_32' title='bbox 1279 709 1449 754; x_wconf 87' lang='lat' dir='ltr'><strong>anno</strong></span> <span class='ocrx_word' id='word_1_33' title='bbox 1500 689 1693 754; x_wconf 88' lang='lat' dir='ltr'><strong>etiam</strong></span> <span class='ocrx_word' id='word_1_34' title='bbox 1740 687 1994 756; x_wconf 87' lang='lat' dir='ltr'><strong>Moloni</strong></span> <span class='ocrx_word' id='word_1_35' title='bbox 2025 688 2283 756; x_wconf 85' lang='lat' dir='ltr'><strong>Rhodio</strong></span> 
     </span>
     <span class='ocr_line' id='line_1_6' title="bbox 214 780 2283 869; baseline 0 -22"><span class='ocrx_word' id='word_1_36' title='bbox 214 780 470 848; x_wconf 84' lang='lat' dir='ltr'><strong>Romae</strong></span> <span class='ocrx_word' id='word_1_37' title='bbox 523 780 813 849; x_wconf 83' lang='lat' dir='ltr'><strong>dedimus</strong></span> <span class='ocrx_word' id='word_1_38' title='bbox 869 803 1126 869; x_wconf 84' lang='lat' dir='ltr'><strong>operam</strong></span> <span class='ocrx_word' id='word_1_39' title='bbox 1179 792 1244 848; x_wconf 90' lang='lat' dir='ltr'><strong>et</strong></span> <span class='ocrx_word' id='word_1_40' title='bbox 1295 781 1494 847; x_wconf 85' lang='lat' dir='ltr'><strong>actori</strong></span> <span class='ocrx_word' id='word_1_41' title='bbox 1547 805 1794 848; x_wconf 89' lang='lat' dir='ltr'><strong>summo</strong></span> <span class='ocrx_word' id='word_1_42' title='bbox 1838 803 2175 852; x_wconf 85' lang='lat' dir='ltr'><strong>causarum</strong></span> <span class='ocrx_word' id='word_1_43' title='bbox 2218 793 2283 849; x_wconf 90' lang='lat' dir='ltr'><strong>et</strong></span> 
     </span>
     <span class='ocr_line' id='line_1_7' title="bbox 215 873 2280 964; baseline 0.001 -24"><span class='ocrx_word' id='word_1_44' title='bbox 215 873 579 963; x_wconf 63' lang='lat' dir='ltr'><strong>magistra]</strong></span> <span class='ocrx_word' id='word_1_45' title='bbox 669 875 830 942; x_wconf 88' lang='lat' dir='ltr'><strong>haec</strong></span> <span class='ocrx_word' id='word_1_46' title='bbox 871 874 994 942; x_wconf 90' lang='lat' dir='ltr'><strong>etsi</strong></span> <span class='ocrx_word' id='word_1_47' title='bbox 1043 876 1339 944; x_wconf 84' lang='lat' dir='ltr'><strong>videntur</strong></span> <span class='ocrx_word' id='word_1_48' title='bbox 1391 897 1536 942; x_wconf 89' lang='lat' dir='ltr'><strong>esse</strong></span> <span class='ocrx_word' id='word_1_49' title='bbox 1578 899 1620 942; x_wconf 89' lang='lat' dir='ltr'><strong>a</strong></span> <span class='ocrx_word' id='word_1_50' title='bbox 1660 876 1989 964; x_wconf 85' lang='lat' dir='ltr'><strong>proposita</strong></span> <span class='ocrx_word' id='word_1_51' title='bbox 2038 877 2280 946; x_wconf 84' lang='lat' dir='ltr'><strong>ratione</strong></span> 
     </span>
     <span class='ocr_line' id='line_1_8' title="bbox 218 968 2282 1058; baseline 0.001 -24"><span class='ocrx_word' id='word_1_52' title='bbox 218 969 506 1047; x_wconf 84' lang='lat' dir='ltr'><strong>diversa,</strong></span> <span class='ocrx_word' id='word_1_53' title='bbox 559 979 782 1036; x_wconf 78' lang='lat' dir='ltr'><strong>‚tamen</strong></span> <span class='ocrx_word' id='word_1_54' title='bbox 833 968 1071 1035; x_wconf 86' lang='lat' dir='ltr'><strong>idcirco</strong></span> <span class='ocrx_word' id='word_1_55' title='bbox 1124 993 1164 1035; x_wconf 88' lang='lat' dir='ltr'><strong>a</strong></span> <span class='ocrx_word' id='word_1_56' title='bbox 1212 993 1317 1036; x_wconf 88' lang='lat' dir='ltr'><strong>mc</strong></span> <span class='ocrx_word' id='word_1_57' title='bbox 1365 970 1801 1058; x_wconf 88' lang='lat' dir='ltr'><strong>proferuntur,</strong></span> <span class='ocrx_word' id='word_1_58' title='bbox 1864 981 1939 1035; x_wconf 91' lang='lat' dir='ltr'><strong>ut</strong></span> <span class='ocrx_word' id='word_1_59' title='bbox 1992 981 2282 1037; x_wconf 83' lang='lat' dir='ltr'><strong>nostrum</strong></span> 
     </span>
     <span class='ocr_line' id='line_1_9' title="bbox 219 1061 2283 1152; baseline 0.001 -24"><span class='ocrx_word' id='word_1_60' title='bbox 219 1084 483 1128; x_wconf 90' lang='lat' dir='ltr'><strong>cursum</strong></span> <span class='ocrx_word' id='word_1_61' title='bbox 533 1062 922 1149; x_wconf 79' lang='lat' dir='ltr'><strong>perspicere,</strong></span> <span class='ocrx_word' id='word_1_62' title='bbox 978 1061 1278 1148; x_wconf 89' lang='lat' dir='ltr'><strong>quoniam</strong></span> <span class='ocrx_word' id='word_1_63' title='bbox 1327 1063 1615 1143; x_wconf 84' lang='lat' dir='ltr'><strong>voluisti,</strong></span> <span class='ocrx_word' id='word_1_64' title='bbox 1666 1065 1897 1143; x_wconf 86' lang='lat' dir='ltr'><strong>Brute,</strong></span> <span class='ocrx_word' id='word_1_65' title='bbox 1949 1063 2161 1152; x_wconf 90' lang='lat' dir='ltr'><strong>possis</strong></span> <span class='ocrx_word' id='word_1_66' title='bbox 2195 1099 2283 1112; x_wconf 95' lang='lat'><strong>—-</strong></span> 
     </span>
     <span class='ocr_line' id='line_1_10' title="bbox 218 1155 2285 1242; baseline 0.002 -23"><span class='ocrx_word' id='word_1_67' title='bbox 218 1179 375 1220; x_wconf 89' lang='lat' dir='ltr'><strong>nam</strong></span> <span class='ocrx_word' id='word_1_68' title='bbox 408 1155 630 1220; x_wconf 88' lang='lat' dir='ltr'><strong>Attico</strong></span> <span class='ocrx_word' id='word_1_69' title='bbox 667 1155 826 1221; x_wconf 86' lang='lat' dir='ltr'><strong>haec</strong></span> <span class='ocrx_word' id='word_1_70' title='bbox 858 1165 1012 1222; x_wconf 81' lang='lat' dir='ltr'><strong>nota</strong></span> <span class='ocrx_word' id='word_1_71' title='bbox 1046 1168 1195 1223; x_wconf 89' lang='lat' dir='ltr'><strong>sunt</strong></span> <span class='ocrx_word' id='word_1_72' title='bbox 1216 1193 1306 1206; x_wconf 91' lang='lat'><strong>—-</strong></span> <span class='ocrx_word' id='word_1_73' title='bbox 1331 1166 1399 1223; x_wconf 91' lang='lat' dir='ltr'><strong>et</strong></span> <span class='ocrx_word' id='word_1_74' title='bbox 1431 1157 1647 1224; x_wconf 85' lang='lat' dir='ltr'><strong>videre</strong></span> <span class='ocrx_word' id='word_1_75' title='bbox 1682 1179 1872 1242; x_wconf 90' lang='lat' dir='ltr'><strong>quem</strong></span> <span class='ocrx_word' id='word_1_76' title='bbox 1906 1158 1993 1224; x_wconf 96' lang='lat' dir='ltr'><strong>ad</strong></span> <span class='ocrx_word' id='word_1_77' title='bbox 2022 1158 2285 1226; x_wconf 87' lang='lat' dir='ltr'><strong>modum</strong></span> 
     </span>
     <span class='ocr_line' id='line_1_11' title="bbox 221 1247 2280 1340; baseline -0 -24"><span class='ocrx_word' id='word_1_78' title='bbox 221 1249 426 1316; x_wconf 89' lang='lat' dir='ltr'><strong>simus</strong></span> <span class='ocrx_word' id='word_1_79' title='bbox 460 1248 530 1314; x_wconf 91' lang='lat' dir='ltr'><strong>in</strong></span> <span class='ocrx_word' id='word_1_80' title='bbox 565 1249 772 1336; x_wconf 89' lang='lat' dir='ltr'><strong>spatio</strong></span> <span class='ocrx_word' id='word_1_81' title='bbox 807 1247 892 1330; x_wconf 81' lang='lat' dir='ltr'><strong>Q.</strong></span> <span class='ocrx_word' id='word_1_82' title='bbox 929 1250 1350 1318; x_wconf 84' lang='lat' dir='ltr'><strong>Hortensium</strong></span> <span class='ocrx_word' id='word_1_83' title='bbox 1381 1251 1585 1339; x_wconf 91' lang='lat' dir='ltr'><strong>ipsius</strong></span> <span class='ocrx_word' id='word_1_84' title='bbox 1622 1252 1909 1340; x_wconf 83' lang='lat' dir='ltr'><strong>vestigiis</strong></span> <span class='ocrx_word' id='word_1_85' title='bbox 1944 1251 2280 1340; x_wconf 85' lang='lat' dir='ltr'><strong>persecuti.</strong></span> 
     </span>
     <span class='ocr_line' id='line_1_12' title="bbox 216 1342 2279 1424; baseline 0.001 -16"><span class='ocrx_word' id='word_1_86' title='bbox 216 1342 562 1408; x_wconf 80' lang='lat' dir='ltr'><strong>triennium</strong></span> <span class='ocrx_word' id='word_1_87' title='bbox 611 1343 746 1409; x_wconf 88' lang='lat' dir='ltr'><strong>fere</strong></span> <span class='ocrx_word' id='word_1_88' title='bbox 797 1342 922 1408; x_wconf 89' lang='lat' dir='ltr'><strong>fuit</strong></span> <span class='ocrx_word' id='word_1_89' title='bbox 971 1345 1125 1412; x_wconf 87' lang='lat' dir='ltr'><strong>urbs</strong></span> <span class='ocrx_word' id='word_1_90' title='bbox 1181 1344 1317 1410; x_wconf 88' lang='lat' dir='ltr'><strong>sine</strong></span> <span class='ocrx_word' id='word_1_91' title='bbox 1372 1345 1597 1424; x_wconf 89' lang='lat' dir='ltr'><strong>armis,</strong></span> <span class='ocrx_word' id='word_1_92' title='bbox 1650 1348 1766 1412; x_wconf 89' lang='lat' dir='ltr'><strong>sed</strong></span> <span class='ocrx_word' id='word_1_93' title='bbox 1808 1359 2129 1414; x_wconf 86' lang='lat' dir='ltr'><strong>oratorum</strong></span> <span class='ocrx_word' id='word_1_94' title='bbox 2172 1357 2279 1414; x_wconf 87' lang='lat' dir='ltr'><strong>aut</strong></span> 
     </span>
     <span class='ocr_line' id='line_1_13' title="bbox 215 1436 2283 1526; baseline 0.002 -25"><span class='ocrx_word' id='word_1_95' title='bbox 215 1436 480 1502; x_wconf 88' lang='lat' dir='ltr'><strong>interitu</strong></span> <span class='ocrx_word' id='word_1_96' title='bbox 515 1447 626 1502; x_wconf 87' lang='lat' dir='ltr'><strong>aut</strong></span> <span class='ocrx_word' id='word_1_97' title='bbox 661 1436 950 1504; x_wconf 78' lang='lat' dir='ltr'><strong>discessu</strong></span> <span class='ocrx_word' id='word_1_98' title='bbox 985 1449 1095 1506; x_wconf 89' lang='lat' dir='ltr'><strong>aut</strong></span> <span class='ocrx_word' id='word_1_99' title='bbox 1127 1439 1284 1526; x_wconf 85' lang='lat' dir='ltr'><strong>fuga</strong></span> <span class='ocrx_word' id='word_1_100' title='bbox 1305 1475 1397 1488; x_wconf 89' lang='lat'>—</span> <span class='ocrx_word' id='word_1_101' title='bbox 1419 1463 1571 1506; x_wconf 89' lang='lat' dir='ltr'><strong>nam</strong></span> <span class='ocrx_word' id='word_1_102' title='bbox 1604 1441 1869 1507; x_wconf 88' lang='lat' dir='ltr'><strong>aberant</strong></span> <span class='ocrx_word' id='word_1_103' title='bbox 1902 1441 2093 1508; x_wconf 89' lang='lat' dir='ltr'><strong>etiam</strong></span> <span class='ocrx_word' id='word_1_104' title='bbox 2128 1442 2283 1508; x_wconf 90' lang='lat' dir='ltr'><strong>adu-</strong></span> 
     </span>
     <span class='ocr_line' id='line_1_14' title="bbox 217 1531 2281 1624; baseline 0.002 -27"><span class='ocrx_word' id='word_1_105' title='bbox 217 1533 534 1602; x_wconf 85' lang='lat' dir='ltr'><strong>lescentes</strong></span> <span class='ocrx_word' id='word_1_106' title='bbox 568 1532 668 1600; x_wconf 89' lang='lat' dir='ltr'><strong>M.</strong></span> <span class='ocrx_word' id='word_1_107' title='bbox 707 1531 985 1600; x_wconf 80' lang='lat' dir='ltr'><strong>Crassus</strong></span> <span class='ocrx_word' id='word_1_108' title='bbox 1021 1545 1086 1600; x_wconf 91' lang='lat' dir='ltr'><strong>et</strong></span> <span class='ocrx_word' id='word_1_109' title='bbox 1120 1535 1382 1600; x_wconf 89' lang='lat' dir='ltr'><strong>Lentuli</strong></span> <span class='ocrx_word' id='word_1_110' title='bbox 1418 1535 1545 1624; x_wconf 84' lang='lat' dir='ltr'><strong>duo</strong></span> <span class='ocrx_word' id='word_1_111' title='bbox 1576 1571 1667 1586; x_wconf 89' lang='lat'><strong>·-</strong></span> <span class='ocrx_word' id='word_1_112' title='bbox 1696 1536 1935 1623; x_wconf 86' lang='lat' dir='ltr'><strong>primas</strong></span> <span class='ocrx_word' id='word_1_113' title='bbox 1968 1537 2037 1602; x_wconf 89' lang='lat' dir='ltr'><strong>in</strong></span> <span class='ocrx_word' id='word_1_114' title='bbox 2071 1535 2281 1602; x_wconf 87' lang='lat' dir='ltr'><strong>causis</strong></span> 
     </span>
     <span class='ocr_line' id='line_1_15' title="bbox 219 1627 2285 1717; baseline 0.001 -26"><span class='ocrx_word' id='word_1_115' title='bbox 219 1627 452 1714; x_wconf 86' lang='lat' dir='ltr'><strong>agebat</strong></span> <span class='ocrx_word' id='word_1_116' title='bbox 503 1627 920 1708; x_wconf 81' lang='lat' dir='ltr'><strong>Hortensius3</strong></span> <span class='ocrx_word' id='word_1_117' title='bbox 972 1628 1180 1714; x_wconf 85' lang='lat' dir='ltr'><strong>magis</strong></span> <span class='ocrx_word' id='word_1_118' title='bbox 1233 1629 1564 1716; x_wconf 84' lang='lat' dir='ltr'><strong>magisque</strong></span> <span class='ocrx_word' id='word_1_119' title='bbox 1619 1629 1847 1696; x_wconf 84' lang='lat' dir='ltr'><strong>cotidie</strong></span> <span class='ocrx_word' id='word_1_120' title='bbox 1898 1629 2285 1717; x_wconf 87' lang='lat' dir='ltr'><strong>probabatur</strong></span> 
     </span>
     <span class='ocr_line' id='line_1_16' title="bbox 215 1719 2281 1810; baseline 0.001 -26"><span class='ocrx_word' id='word_1_121' title='bbox 215 1719 572 1799; x_wconf 82' lang='lat' dir='ltr'><strong>Antistius3</strong></span> <span class='ocrx_word' id='word_1_122' title='bbox 625 1721 783 1789; x_wconf 91' lang='lat' dir='ltr'><strong>Piso</strong></span> <span class='ocrx_word' id='word_1_123' title='bbox 819 1743 1011 1809; x_wconf 88' lang='lat' dir='ltr'><strong>saepe</strong></span> <span class='ocrx_word' id='word_1_124' title='bbox 1057 1722 1334 1801; x_wconf 87' lang='lat' dir='ltr'><strong>dicebat,</strong></span> <span class='ocrx_word' id='word_1_125' title='bbox 1386 1723 1598 1789; x_wconf 86' lang='lat' dir='ltr'><strong>minus</strong></span> <span class='ocrx_word' id='word_1_126' title='bbox 1644 1745 1835 1810; x_wconf 82' lang='lat' dir='ltr'><strong>saepe</strong></span> <span class='ocrx_word' id='word_1_127' title='bbox 1866 1722 2281 1810; x_wconf 87' lang='lat' dir='ltr'><strong>Pomponius,</strong></span> 
     </span>
     <span class='ocr_line' id='line_1_17' title="bbox 217 1811 2281 1904; baseline 0.001 -26"><span class='ocrx_word' id='word_1_128' title='bbox 217 1836 365 1879; x_wconf 89' lang='lat' dir='ltr'><strong>raro</strong></span> <span class='ocrx_word' id='word_1_129' title='bbox 413 1811 628 1880; x_wconf 91' lang='lat' dir='ltr'><strong>Carbo</strong></span> <span class='ocrx_word' id='word_1_130' title='bbox 635 1863 655 1893; x_wconf 90' lang='lat'><strong>,</strong></span> <span class='ocrx_word' id='word_1_131' title='bbox 711 1816 911 1882; x_wconf 87' lang='lat' dir='ltr'><strong>semel</strong></span> <span class='ocrx_word' id='word_1_132' title='bbox 962 1826 1074 1881; x_wconf 88' lang='lat' dir='ltr'><strong>aut</strong></span> <span class='ocrx_word' id='word_1_133' title='bbox 1121 1815 1350 1882; x_wconf 90' lang='lat' dir='ltr'><strong>iterum</strong></span> <span class='ocrx_word' id='word_1_134' title='bbox 1391 1816 1752 1904; x_wconf 84' lang='lat' dir='ltr'><strong>Philippus.</strong></span> <span class='ocrx_word' id='word_1_135' title='bbox 1840 1827 1907 1882; x_wconf 87' lang='lat' dir='ltr'><strong>at</strong></span> <span class='ocrx_word' id='word_1_136' title='bbox 1944 1838 2108 1883; x_wconf 46' lang='lat' dir='ltr'><strong>‘vero</strong></span> <span class='ocrx_word' id='word_1_137' title='bbox 2160 1837 2281 1902; x_wconf 86' lang='lat' dir='ltr'><strong>ego</strong></span> 
     </span>
     <span class='ocr_line' id='line_1_18' title="bbox 219 1904 2283 1993; baseline 0.002 -23"><span class='ocrx_word' id='word_1_138' title='bbox 219 1904 346 1972; x_wconf 89' lang='lat' dir='ltr'><strong>hoc</strong></span> <span class='ocrx_word' id='word_1_139' title='bbox 381 1915 664 1993; x_wconf 88' lang='lat' dir='ltr'><strong>tempore</strong></span> <span class='ocrx_word' id='word_1_140' title='bbox 699 1908 873 1976; x_wconf 90' lang='lat' dir='ltr'><strong>omni</strong></span> <span class='ocrx_word' id='word_1_141' title='bbox 913 1908 1118 1976; x_wconf 89' lang='lat' dir='ltr'><strong>noctis</strong></span> <span class='ocrx_word' id='word_1_142' title='bbox 1155 1920 1221 1975; x_wconf 92' lang='lat' dir='ltr'><strong>et</strong></span> <span class='ocrx_word' id='word_1_143' title='bbox 1252 1909 1390 1976; x_wconf 91' lang='lat' dir='ltr'><strong>dies</strong></span> <span class='ocrx_word' id='word_1_144' title='bbox 1426 1911 1494 1975; x_wconf 90' lang='lat' dir='ltr'><strong>in</strong></span> <span class='ocrx_word' id='word_1_145' title='bbox 1530 1910 1811 1976; x_wconf 90' lang='lat' dir='ltr'><strong>omnium</strong></span> <span class='ocrx_word' id='word_1_146' title='bbox 1855 1908 2283 1976; x_wconf 84' lang='lat' dir='ltr'><strong>doctrinarum</strong></span> 
     </span>
     <span class='ocr_line' id='line_1_19' title="bbox 217 1999 2283 2087; baseline 0.001 -22"><span class='ocrx_word' id='word_1_147' title='bbox 217 1999 629 2068; x_wconf 83' lang='lat' dir='ltr'><strong>meditatione</strong></span> <span class='ocrx_word' id='word_1_148' title='bbox 690 2003 1022 2070; x_wconf 84' lang='lat' dir='ltr'><strong>versabar:</strong></span> <span class='ocrx_word' id='word_1_149' title='bbox 1083 2025 1258 2069; x_wconf 89' lang='lat' dir='ltr'><strong>eram</strong></span> <span class='ocrx_word' id='word_1_150' title='bbox 1318 2025 1465 2069; x_wconf 89' lang='lat' dir='ltr'><strong>cum</strong></span> <span class='ocrx_word' id='word_1_151' title='bbox 1528 2002 1747 2070; x_wconf 85' lang='lat' dir='ltr'><strong>Stoico</strong></span> <span class='ocrx_word' id='word_1_152' title='bbox 1797 2003 2111 2079; x_wconf 91' lang='lat' dir='ltr'><strong>Diodoto,</strong></span> <span class='ocrx_word' id='word_1_153' title='bbox 2174 2002 2283 2087; x_wconf 89' lang='lat' dir='ltr'><strong>qui</strong></span> 
     </span>
     <span class='ocr_line' id='line_1_20' title="bbox 220 2093 2286 2184; baseline 0 -24"><span class='ocrx_word' id='word_1_154' title='bbox 220 2115 367 2160; x_wconf 90' lang='lat' dir='ltr'><strong>cum</strong></span> <span class='ocrx_word' id='word_1_155' title='bbox 402 2093 822 2163; x_wconf 84' lang='lat' dir='ltr'><strong>habitavisset</strong></span> <span class='ocrx_word' id='word_1_156' title='bbox 854 2096 1028 2184; x_wconf 89' lang='lat' dir='ltr'><strong>apud</strong></span> <span class='ocrx_word' id='word_1_157' title='bbox 1058 2119 1162 2162; x_wconf 89' lang='lat' dir='ltr'><strong>me</strong></span> <span class='ocrx_word' id='word_1_158' title='bbox 1196 2118 1574 2182; x_wconf 88' lang='lat' dir='ltr'><strong>mecumque</strong></span> <span class='ocrx_word' id='word_1_159' title='bbox 1608 2097 1901 2175; x_wconf 83' lang='lat' dir='ltr'><strong>vixisset,</strong></span> <span class='ocrx_word' id='word_1_160' title='bbox 1948 2118 2151 2182; x_wconf 87' lang='lat' dir='ltr'><strong>nuper</strong></span> <span class='ocrx_word' id='word_1_161' title='bbox 2185 2106 2286 2162; x_wconf 90' lang='lat' dir='ltr'><strong>est</strong></span> 
     </span>
     <span class='ocr_line' id='line_1_21' title="bbox 221 2187 2285 2274; baseline 0.001 -22"><span class='ocrx_word' id='word_1_162' title='bbox 221 2187 396 2254; x_wconf 88' lang='lat' dir='ltr'><strong>domi</strong></span> <span class='ocrx_word' id='word_1_163' title='bbox 429 2210 610 2254; x_wconf 89' lang='lat' dir='ltr'><strong>meae</strong></span> <span class='ocrx_word' id='word_1_164' title='bbox 655 2200 943 2257; x_wconf 90' lang='lat' dir='ltr'><strong>mortuus</strong></span> <span class='ocrx_word' id='word_1_165' title='bbox 955 2217 974 2269; x_wconf 90' lang='lat'>;</span> <span class='ocrx_word' id='word_1_166' title='bbox 1029 2214 1070 2256; x_wconf 89' lang='lat' dir='ltr'><strong>a</strong></span> <span class='ocrx_word' id='word_1_167' title='bbox 1103 2212 1230 2274; x_wconf 91' lang='lat' dir='ltr'><strong>quo</strong></span> <span class='ocrx_word' id='word_1_168' title='bbox 1266 2213 1414 2256; x_wconf 89' lang='lat' dir='ltr'><strong>cum</strong></span> <span class='ocrx_word' id='word_1_169' title='bbox 1448 2191 1516 2257; x_wconf 90' lang='lat' dir='ltr'><strong>in</strong></span> <span class='ocrx_word' id='word_1_170' title='bbox 1552 2191 1690 2257; x_wconf 83' lang='lat' dir='ltr'><strong>aliis</strong></span> <span class='ocrx_word' id='word_1_171' title='bbox 1740 2191 1934 2256; x_wconf 90' lang='lat' dir='ltr'><strong>rebus</strong></span> <span class='ocrx_word' id='word_1_172' title='bbox 1978 2201 2115 2255; x_wconf 90' lang='lat' dir='ltr'><strong>tum</strong></span> <span class='ocrx_word' id='word_1_173' title='bbox 2151 2200 2285 2256; x_wconf 90' lang='lat' dir='ltr'><strong>stu-</strong></span> 
     </span>
     <span class='ocr_line' id='line_1_22' title="bbox 222 2281 2285 2370; baseline 0 -22"><span class='ocrx_word' id='word_1_174' title='bbox 222 2281 582 2349; x_wconf 88' lang='lat' dir='ltr'><strong>diosissime</strong></span> <span class='ocrx_word' id='word_1_175' title='bbox 617 2282 684 2348; x_wconf 91' lang='lat' dir='ltr'><strong>in</strong></span> <span class='ocrx_word' id='word_1_176' title='bbox 729 2283 1060 2351; x_wconf 86' lang='lat' dir='ltr'><strong>dialectica</strong></span> <span class='ocrx_word' id='word_1_177' title='bbox 1100 2287 1472 2365; x_wconf 85' lang='lat' dir='ltr'><strong>exercebar,</strong></span> <span class='ocrx_word' id='word_1_178' title='bbox 1527 2308 1688 2370; x_wconf 87' lang='lat' dir='ltr'><strong>quae</strong></span> <span class='ocrx_word' id='word_1_179' title='bbox 1734 2283 1919 2370; x_wconf 85' lang='lat' dir='ltr'><strong>quasi</strong></span> <span class='ocrx_word' id='word_1_180' title='bbox 1961 2295 2285 2351; x_wconf 88' lang='lat' dir='ltr'><strong>contracta</strong></span> 
     </span>
     <span class='ocr_line' id='line_1_23' title="bbox 221 2376 2283 2465; baseline 0 -25"><span class='ocrx_word' id='word_1_181' title='bbox 221 2385 288 2441; x_wconf 90' lang='lat' dir='ltr'><strong>et</strong></span> <span class='ocrx_word' id='word_1_182' title='bbox 340 2376 598 2441; x_wconf 86' lang='lat' dir='ltr'><strong>astricta</strong></span> <span class='ocrx_word' id='word_1_183' title='bbox 651 2376 1012 2461; x_wconf 82' lang='lat' dir='ltr'><strong>eloquentia</strong></span> <span class='ocrx_word' id='word_1_184' title='bbox 1061 2380 1345 2465; x_wconf 86' lang='lat' dir='ltr'><strong>putanda</strong></span> <span class='ocrx_word' id='word_1_185' title='bbox 1398 2388 1525 2455; x_wconf 88' lang='lat' dir='ltr'><strong>est;</strong></span> <span class='ocrx_word' id='word_1_186' title='bbox 1580 2379 1718 2444; x_wconf 87' lang='lat' dir='ltr'><strong>sine</strong></span> <span class='ocrx_word' id='word_1_187' title='bbox 1771 2400 1897 2463; x_wconf 86' lang='lat' dir='ltr'><strong>qua</strong></span> <span class='ocrx_word' id='word_1_188' title='bbox 1948 2378 2141 2443; x_wconf 90' lang='lat' dir='ltr'><strong>etiam</strong></span> <span class='ocrx_word' id='word_1_189' title='bbox 2192 2387 2283 2453; x_wconf 87' lang='lat' dir='ltr'><strong>tu,</strong></span> 
     </span>
     <span class='ocr_line' id='line_1_24' title="bbox 219 2469 2285 2555; baseline -0.001 -20"><span class='ocrx_word' id='word_1_190' title='bbox 219 2470 446 2548; x_wconf 89' lang='lat' dir='ltr'><strong>Brute,</strong></span> <span class='ocrx_word' id='word_1_191' title='bbox 478 2469 840 2535; x_wconf 86' lang='lat' dir='ltr'><strong>iudicavisti</strong></span> <span class='ocrx_word' id='word_1_192' title='bbox 874 2481 938 2537; x_wconf 90' lang='lat' dir='ltr'><strong>te</strong></span> <span class='ocrx_word' id='word_1_193' title='bbox 970 2469 1145 2539; x_wconf 81' lang='lat' dir='ltr'><strong>illam</strong></span> <span class='ocrx_word' id='word_1_194' title='bbox 1178 2470 1414 2535; x_wconf 89' lang='lat' dir='ltr'><strong>iustam</strong></span> <span class='ocrx_word' id='word_1_195' title='bbox 1442 2472 1887 2555; x_wconf 83' lang='lat' dir='ltr'><strong>eloquentiam,</strong></span> <span class='ocrx_word' id='word_1_196' title='bbox 1923 2492 2115 2554; x_wconf 88' lang='lat' dir='ltr'><strong>quam</strong></span> <span class='ocrx_word' id='word_1_197' title='bbox 2150 2469 2285 2532; x_wconf 89' lang='lat' dir='ltr'><strong>dia-</strong></span> 
     </span>
     <span class='ocr_line' id='line_1_25' title="bbox 221 2560 2284 2651; baseline -0.001 -23"><span class='ocrx_word' id='word_1_198' title='bbox 221 2562 514 2629; x_wconf 86' lang='lat' dir='ltr'><strong>lecticam</strong></span> <span class='ocrx_word' id='word_1_199' title='bbox 548 2563 876 2628; x_wconf 88' lang='lat' dir='ltr'><strong>dilatatam</strong></span> <span class='ocrx_word' id='word_1_200' title='bbox 909 2586 1054 2629; x_wconf 89' lang='lat' dir='ltr'><strong>esse</strong></span> <span class='ocrx_word' id='word_1_201' title='bbox 1086 2574 1331 2651; x_wconf 89' lang='lat' dir='ltr'><strong>putant,</strong></span> <span class='ocrx_word' id='word_1_202' title='bbox 1369 2564 1673 2647; x_wconf 89' lang='lat' dir='ltr'><strong>consequi</strong></span> <span class='ocrx_word' id='word_1_203' title='bbox 1707 2587 1837 2636; x_wconf 86' lang='lat' dir='ltr'><strong>non</strong></span> <span class='ocrx_word' id='word_1_204' title='bbox 1869 2584 2082 2651; x_wconf 90' lang='lat' dir='ltr'><strong>posse.</strong></span> <span class='ocrx_word' id='word_1_205' title='bbox 2135 2560 2284 2628; x_wconf 89' lang='lat' dir='ltr'><strong>huic</strong></span> 
     </span>
     <span class='ocr_line' id='line_1_26' title="bbox 226 2655 2284 2743; baseline -0.001 -22"><span class='ocrx_word' id='word_1_206' title='bbox 226 2680 348 2743; x_wconf 86' lang='lat' dir='ltr'><strong>ego</strong></span> <span class='ocrx_word' id='word_1_207' title='bbox 386 2656 628 2723; x_wconf 87' lang='lat' dir='ltr'><strong>doctori</strong></span> <span class='ocrx_word' id='word_1_208' title='bbox 663 2666 730 2721; x_wconf 92' lang='lat' dir='ltr'><strong>et</strong></span> <span class='ocrx_word' id='word_1_209' title='bbox 763 2655 900 2722; x_wconf 86' lang='lat' dir='ltr'><strong>eius</strong></span> <span class='ocrx_word' id='word_1_210' title='bbox 946 2656 1186 2723; x_wconf 89' lang='lat' dir='ltr'><strong>artibus</strong></span> <span class='ocrx_word' id='word_1_211' title='bbox 1231 2657 1425 2723; x_wconf 86' lang='lat' dir='ltr'><strong>variis</strong></span> <span class='ocrx_word' id='word_1_212' title='bbox 1478 2668 1667 2741; x_wconf 89' lang='lat' dir='ltr'><strong>atque</strong></span> <span class='ocrx_word' id='word_1_213' title='bbox 1718 2658 1933 2723; x_wconf 89' lang='lat' dir='ltr'><strong>multis</strong></span> <span class='ocrx_word' id='word_1_214' title='bbox 1966 2657 2058 2721; x_wconf 85' lang='lat' dir='ltr'><strong>ita</strong></span> <span class='ocrx_word' id='word_1_215' title='bbox 2110 2677 2284 2721; x_wconf 84' lang='lat' dir='ltr'><strong>eram</strong></span> 
     </span>
     <span class='ocr_line' id='line_1_27' title="bbox 226 2748 2281 2829; baseline -0 -15"><span class='ocrx_word' id='word_1_216' title='bbox 226 2762 439 2817; x_wconf 90' lang='lat' dir='ltr'><strong>tamen</strong></span> <span class='ocrx_word' id='word_1_217' title='bbox 499 2751 782 2829; x_wconf 89' lang='lat' dir='ltr'><strong>deditus,</strong></span> <span class='ocrx_word' id='word_1_218' title='bbox 842 2761 916 2816; x_wconf 89' lang='lat' dir='ltr'><strong>ut</strong></span> <span class='ocrx_word' id='word_1_219' title='bbox 967 2752 1050 2816; x_wconf 86' lang='lat' dir='ltr'><strong>ab</strong></span> <span class='ocrx_word' id='word_1_220' title='bbox 1113 2750 1666 2819; x_wconf 84' lang='lat' dir='ltr'><strong>exercitationibus</strong></span> <span class='ocrx_word' id='word_1_221' title='bbox 1728 2749 2017 2817; x_wconf 88' lang='lat' dir='ltr'><strong>oratoriis</strong></span> <span class='ocrx_word' id='word_1_222' title='bbox 2067 2748 2281 2814; x_wconf 90' lang='lat' dir='ltr'><strong>nullus</strong></span> 
     </span>
     <span class='ocr_line' id='line_1_28' title="bbox 221 2841 2281 2911; baseline 0 -4"><span class='ocrx_word' id='word_1_223' title='bbox 221 2842 362 2907; x_wconf 79' lang='lat' dir='ltr'><strong>&#39;dies</strong></span> <span class='ocrx_word' id='word_1_224' title='bbox 399 2865 639 2909; x_wconf 85' lang='lat' dir='ltr'><strong>vacuus</strong></span> <span class='ocrx_word' id='word_1_225' title='bbox 677 2853 868 2911; x_wconf 88' lang='lat' dir='ltr'><strong>esset.</strong></span> <span class='ocrx_word' id='word_1_226' title='bbox 939 2845 1414 2911; x_wconf 85' lang='lat' dir='ltr'><strong>commentabar</strong></span> <span class='ocrx_word' id='word_1_227' title='bbox 1449 2843 1860 2911; x_wconf 85' lang='lat' dir='ltr'><strong>declamitans</strong></span> <span class='ocrx_word' id='word_1_228' title='bbox 1878 2878 1967 2891; x_wconf 88' lang='lat'><strong>-—</strong></span> <span class='ocrx_word' id='word_1_229' title='bbox 1984 2842 2076 2909; x_wconf 90' lang='lat' dir='ltr'><strong>sic</strong></span> <span class='ocrx_word' id='word_1_230' title='bbox 2112 2841 2281 2908; x_wconf 88' lang='lat' dir='ltr'><strong>enim</strong></span> 
     </span>
    </p>
   </div>
   <div class='ocr_carea' id='block_1_5' title="bbox 2314 434 2391 476">
    <p class='ocr_par' dir='ltr' id='par_1_5' title="bbox 2314 434 2391 476">
     <span class='ocr_line' id='line_1_29' title="bbox 2314 434 2391 476; baseline 0.026 -2"><span class='ocrx_word' id='word_1_231' title='bbox 2314 434 2391 476; x_wconf 71' lang='lat'><strong>30⁷</strong></span> 
     </span>
    </p>
   </div>
   <div class='ocr_carea' id='block_1_6' title="bbox 2316 891 2392 946">
    <p class='ocr_par' dir='ltr' id='par_1_6' title="bbox 2316 891 2392 946">
     <span class='ocr_line' id='line_1_30' title="bbox 2316 891 2392 946; baseline 0 0"><span class='ocrx_word' id='word_1_232' title='bbox 2316 891 2392 946; x_wconf 88' lang='grc'><strong>90</strong></span> 
     </span>
    </p>
   </div>
   <div class='ocr_carea' id='block_1_7' title="bbox 2314 1368 2399 1414">
    <p class='ocr_par' dir='ltr' id='par_1_7' title="bbox 2314 1368 2399 1414">
     <span class='ocr_line' id='line_1_31' title="bbox 2314 1368 2399 1414; baseline -0.024 0"><span class='ocrx_word' id='word_1_233' title='bbox 2314 1368 2399 1414; x_wconf 75' lang='grc'><strong>308</strong></span> 
     </span>
    </p>
   </div>
   <div class='ocr_carea' id='block_1_8' title="bbox 2316 2027 2399 2068">
    <p class='ocr_par' dir='ltr' id='par_1_8' title="bbox 2316 2027 2399 2068">
     <span class='ocr_line' id='line_1_32' title="bbox 2316 2027 2399 2068; baseline 0 0"><span class='ocrx_word' id='word_1_234' title='bbox 2316 2027 2399 2068; x_wconf 75' lang='grc'><strong>309</strong></span> 
     </span>
    </p>
   </div>
   <div class='ocr_carea' id='block_1_9' title="bbox 2316 2866 2402 2908">
    <p class='ocr_par' dir='ltr' id='par_1_9' title="bbox 2316 2866 2402 2908">
     <span class='ocr_line' id='line_1_33' title="bbox 2316 2866 2402 2908; baseline -0.012 0"><span class='ocrx_word' id='word_1_235' title='bbox 2316 2866 2402 2908; x_wconf 80' lang='grc'><strong>310</strong></span> 
     </span>
    </p>
   </div>
   <div class='ocr_carea' id='block_1_10' title="bbox 226 2936 2378 3027">
    <p class='ocr_par' dir='ltr' id='par_1_10' title="bbox 226 2936 2378 3027">
     <span class='ocr_line' id='line_1_34' title="bbox 226 2936 2378 3027; baseline 0 -26"><span class='ocrx_word' id='word_1_236' title='bbox 226 2958 396 3003; x_wconf 90' lang='lat' dir='ltr'><strong>nunc</strong></span> <span class='ocrx_word' id='word_1_237' title='bbox 430 2939 777 3024; x_wconf 87' lang='lat' dir='ltr'><strong>loquuntur</strong></span> <span class='ocrx_word' id='word_1_238' title='bbox 791 2972 882 2987; x_wconf 90' lang='lat'><strong>·—</strong></span> <span class='ocrx_word' id='word_1_239' title='bbox 907 2961 1100 3027; x_wconf 87' lang='lat' dir='ltr'><strong>saepe</strong></span> <span class='ocrx_word' id='word_1_240' title='bbox 1136 2960 1280 3003; x_wconf 91' lang='lat' dir='ltr'><strong>cum</strong></span> <span class='ocrx_word' id='word_1_241' title='bbox 1305 2938 1405 3005; x_wconf 91' lang='lat' dir='ltr'><strong>M.</strong></span> <span class='ocrx_word' id='word_1_242' title='bbox 1432 2939 1670 3005; x_wconf 90' lang='lat' dir='ltr'><strong>Pisone</strong></span> <span class='ocrx_word' id='word_1_243' title='bbox 1706 2949 1772 3005; x_wconf 89' lang='lat' dir='ltr'><strong>et</strong></span> <span class='ocrx_word' id='word_1_244' title='bbox 1804 2959 1950 3003; x_wconf 89' lang='lat' dir='ltr'><strong>cum</strong></span> <span class='ocrx_word' id='word_1_245' title='bbox 1976 2936 2061 3019; x_wconf 81' lang='lat' dir='ltr'><strong>Q.</strong></span> <span class='ocrx_word' id='word_1_246' title='bbox 2087 2938 2284 3003; x_wconf 86' lang='lat' dir='ltr'><strong>Pom·</strong></span> <span class='ocrx_word' id='word_1_247' title='bbox 2372 3002 2378 3011; x_wconf 79' lang='grc'><strong>,</strong></span> 
     </span>
    </p>
   </div>
   <div class='ocr_carea' id='block_1_11' title="bbox 217 3030 2285 3873">
    <p class='ocr_par' dir='ltr' id='par_1_11' title="bbox 217 3030 2285 3873">
     <span class='ocr_line' id='line_1_35' title="bbox 223 3030 2284 3118; baseline -0.001 -21"><span class='ocrx_word' id='word_1_248' title='bbox 223 3030 370 3117; x_wconf 87' lang='lat' dir='ltr'><strong>peio</strong></span> <span class='ocrx_word' id='word_1_249' title='bbox 423 3042 535 3097; x_wconf 87' lang='lat' dir='ltr'><strong>aut</strong></span> <span class='ocrx_word' id='word_1_250' title='bbox 591 3054 738 3099; x_wconf 90' lang='lat' dir='ltr'><strong>cum</strong></span> <span class='ocrx_word' id='word_1_251' title='bbox 799 3031 1011 3117; x_wconf 85' lang='lat' dir='ltr'><strong>aliquo</strong></span> <span class='ocrx_word' id='word_1_252' title='bbox 1072 3032 1330 3111; x_wconf 83' lang='lat' dir='ltr'><strong>cotidie3</strong></span> <span class='ocrx_word' id='word_1_253' title='bbox 1389 3032 1581 3118; x_wconf 90' lang='lat' dir='ltr'><strong>idque</strong></span> <span class='ocrx_word' id='word_1_254' title='bbox 1640 3031 1955 3098; x_wconf 80' lang='lat' dir='ltr'><strong>faciebam</strong></span> <span class='ocrx_word' id='word_1_255' title='bbox 2015 3031 2284 3095; x_wconf 89' lang='lat' dir='ltr'><strong>multum</strong></span> 
     </span>
     <span class='ocr_line' id='line_1_36' title="bbox 217 3123 2285 3213; baseline 0 -24"><span class='ocrx_word' id='word_1_256' title='bbox 217 3125 417 3193; x_wconf 83' lang='lat' dir='ltr'><strong>etiam</strong></span> <span class='ocrx_word' id='word_1_257' title='bbox 450 3126 718 3206; x_wconf 87' lang='lat' dir='ltr'><strong>Latine,</strong></span> <span class='ocrx_word' id='word_1_258' title='bbox 755 3127 873 3193; x_wconf 88' lang='lat' dir='ltr'><strong>sed</strong></span> <span class='ocrx_word' id='word_1_259' title='bbox 907 3124 1155 3195; x_wconf 86' lang='lat' dir='ltr'><strong>Graece</strong></span> <span class='ocrx_word' id='word_1_260' title='bbox 1191 3126 1476 3213; x_wconf 88' lang='lat' dir='ltr'><strong>saepius,</strong></span> <span class='ocrx_word' id='word_1_261' title='bbox 1512 3127 1616 3193; x_wconf 87' lang='lat' dir='ltr'><strong>vel</strong></span> <span class='ocrx_word' id='word_1_262' title='bbox 1652 3126 1824 3211; x_wconf 88' lang='lat' dir='ltr'><strong>quod</strong></span> <span class='ocrx_word' id='word_1_263' title='bbox 1860 3123 2111 3192; x_wconf 90' lang='lat' dir='ltr'><strong>Graeca</strong></span> <span class='ocrx_word' id='word_1_264' title='bbox 2143 3144 2285 3189; x_wconf 87' lang='lat' dir='ltr'><strong>ora-</strong></span> 
     </span>
     <span class='ocr_line' id='line_1_37' title="bbox 227 3217 2282 3308; baseline -0.001 -24"><span class='ocrx_word' id='word_1_265' title='bbox 227 3219 314 3287; x_wconf 86' lang='lat' dir='ltr'><strong>tio</strong></span> <span class='ocrx_word' id='word_1_266' title='bbox 348 3220 534 3307; x_wconf 85' lang='lat' dir='ltr'><strong>plura</strong></span> <span class='ocrx_word' id='word_1_267' title='bbox 567 3217 938 3287; x_wconf 85' lang='lat' dir='ltr'><strong>ornamenta</strong></span> <span class='ocrx_word' id='word_1_268' title='bbox 973 3218 1384 3308; x_wconf 87' lang='lat' dir='ltr'><strong>suppeditans</strong></span> <span class='ocrx_word' id='word_1_269' title='bbox 1440 3219 1961 3298; x_wconf 89' lang='lat' dir='ltr'><strong>consuetudinem</strong></span> <span class='ocrx_word' id='word_1_270' title='bbox 1996 3217 2282 3284; x_wconf 86' lang='lat' dir='ltr'><strong>similiter</strong></span> 
     </span>
     <span class='ocr_line' id='line_1_38' title="bbox 227 3311 2281 3399; baseline -0.001 -22"><span class='ocrx_word' id='word_1_271' title='bbox 227 3312 462 3378; x_wconf 86' lang='lat' dir='ltr'><strong>Latine</strong></span> <span class='ocrx_word' id='word_1_272' title='bbox 515 3313 766 3380; x_wconf 88' lang='lat' dir='ltr'><strong>dicendi</strong></span> <span class='ocrx_word' id='word_1_273' title='bbox 816 3314 1174 3393; x_wconf 86' lang='lat' dir='ltr'><strong>adferebat,</strong></span> <span class='ocrx_word' id='word_1_274' title='bbox 1225 3315 1329 3381; x_wconf 86' lang='lat' dir='ltr'><strong>vel</strong></span> <span class='ocrx_word' id='word_1_275' title='bbox 1381 3316 1553 3399; x_wconf 87' lang='lat' dir='ltr'><strong>quod</strong></span> <span class='ocrx_word' id='word_1_276' title='bbox 1604 3338 1645 3381; x_wconf 98' lang='lat' dir='ltr'><strong>a</strong></span> <span class='ocrx_word' id='word_1_277' title='bbox 1697 3312 1963 3383; x_wconf 85' lang='lat' dir='ltr'><strong>Graecis</strong></span> <span class='ocrx_word' id='word_1_278' title='bbox 2018 3311 2281 3387; x_wconf 84' lang='lat' dir='ltr'><strong>summis</strong></span> 
     </span>
     <span class='ocr_line' id='line_1_39' title="bbox 232 3404 2284 3494; baseline 0 -25"><span class='ocrx_word' id='word_1_279' title='bbox 232 3405 620 3484; x_wconf 86' lang='lat' dir='ltr'><strong>doctoribus,</strong></span> <span class='ocrx_word' id='word_1_280' title='bbox 673 3406 800 3471; x_wconf 90' lang='lat' dir='ltr'><strong>nisi</strong></span> <span class='ocrx_word' id='word_1_281' title='bbox 843 3404 1092 3474; x_wconf 88' lang='lat' dir='ltr'><strong>Graece</strong></span> <span class='ocrx_word' id='word_1_282' title='bbox 1146 3408 1452 3487; x_wconf 86' lang='lat' dir='ltr'><strong>dicerem,</strong></span> <span class='ocrx_word' id='word_1_283' title='bbox 1504 3430 1711 3493; x_wconf 87' lang='lat' dir='ltr'><strong>neque</strong></span> <span class='ocrx_word' id='word_1_284' title='bbox 1755 3405 1985 3494; x_wconf 84' lang='lat' dir='ltr'><strong>corrigi</strong></span> <span class='ocrx_word' id='word_1_285' title='bbox 2024 3426 2284 3494; x_wconf 88' lang='lat' dir='ltr'><strong>possem</strong></span> 
     </span>
     <span class='ocr_line' id='line_1_40' title="bbox 229 3496 2277 3589; baseline 0.001 -26"><span class='ocrx_word' id='word_1_286' title='bbox 229 3520 434 3583; x_wconf 89' lang='lat' dir='ltr'><strong>neque</strong></span> <span class='ocrx_word' id='word_1_287' title='bbox 470 3499 702 3565; x_wconf 88' lang='lat' dir='ltr'><strong>doceri.</strong></span> <span class='ocrx_word' id='word_1_288' title='bbox 773 3501 1079 3567; x_wconf 88' lang='lat' dir='ltr'><strong>tumultus</strong></span> <span class='ocrx_word' id='word_1_289' title='bbox 1113 3499 1366 3567; x_wconf 88' lang='lat' dir='ltr'><strong>interim</strong></span> <span class='ocrx_word' id='word_1_290' title='bbox 1398 3500 1860 3589; x_wconf 87' lang='lat' dir='ltr'><strong>[recuperanda</strong></span> <span class='ocrx_word' id='word_1_291' title='bbox 1890 3523 1961 3567; x_wconf 90' lang='lat' dir='ltr'><strong>re</strong></span> <span class='ocrx_word' id='word_1_292' title='bbox 1995 3496 2277 3587; x_wconf 87' lang='lat' dir='ltr'><strong>publica]</strong></span> 
     </span>
     <span class='ocr_line' id='line_1_41' title="bbox 230 3592 2283 3674; baseline 0.001 -16"><span class='ocrx_word' id='word_1_293' title='bbox 230 3604 294 3659; x_wconf 88' lang='lat' dir='ltr'><strong>et</strong></span> <span class='ocrx_word' id='word_1_294' title='bbox 327 3592 600 3671; x_wconf 83' lang='lat' dir='ltr'><strong>crudelis</strong></span> <span class='ocrx_word' id='word_1_295' title='bbox 635 3593 926 3661; x_wconf 87' lang='lat' dir='ltr'><strong>interitus</strong></span> <span class='ocrx_word' id='word_1_296' title='bbox 963 3592 1285 3661; x_wconf 85' lang='lat' dir='ltr'><strong>oratorum</strong></span> <span class='ocrx_word' id='word_1_297' title='bbox 1327 3596 1547 3674; x_wconf 85' lang='lat' dir='ltr'><strong>trium,</strong></span> <span class='ocrx_word' id='word_1_298' title='bbox 1604 3594 1983 3674; x_wconf 86' lang='lat' dir='ltr'><strong>Scaevolae,</strong></span> <span class='ocrx_word' id='word_1_299' title='bbox 2038 3592 2283 3661; x_wconf 87' lang='lat' dir='ltr'><strong>Carbo-</strong></span> 
     </span>
     <span class='ocr_line' id='line_1_42' title="bbox 229 3686 2283 3769; baseline 0 -16"><span class='ocrx_word' id='word_1_300' title='bbox 229 3686 328 3754; x_wconf 88' lang='lat' dir='ltr'><strong>nis</strong></span> <span class='ocrx_word' id='word_1_301' title='bbox 338 3736 359 3768; x_wconf 99' lang='lat'><strong>,</strong></span> <span class='ocrx_word' id='word_1_302' title='bbox 394 3686 690 3754; x_wconf 83' lang='lat' dir='ltr'><strong>Antistii:</strong></span> <span class='ocrx_word' id='word_1_303' title='bbox 740 3687 982 3755; x_wconf 88' lang='lat' dir='ltr'><strong>reditus</strong></span> <span class='ocrx_word' id='word_1_304' title='bbox 1020 3686 1280 3769; x_wconf 88' lang='lat' dir='ltr'><strong>Cottae,</strong></span> <span class='ocrx_word' id='word_1_305' title='bbox 1318 3686 1647 3769; x_wconf 89' lang='lat' dir='ltr'><strong>Curionis,</strong></span> <span class='ocrx_word' id='word_1_306' title='bbox 1686 3687 1937 3768; x_wconf 86' lang='lat' dir='ltr'><strong>Crassi,</strong></span> <span class='ocrx_word' id='word_1_307' title='bbox 1972 3688 2283 3755; x_wconf 86' lang='lat' dir='ltr'><strong>Lentulo-</strong></span> 
     </span>
     <span class='ocr_line' id='line_1_43' title="bbox 227 3782 2281 3873; baseline -0 -24"><span class='ocrx_word' id='word_1_308' title='bbox 227 3806 368 3849; x_wconf 88' lang='lat' dir='ltr'><strong>rum</strong></span> <span class='ocrx_word' id='word_1_309' title='bbox 379 3830 400 3861; x_wconf 89' lang='lat'><strong>,</strong></span> <span class='ocrx_word' id='word_1_310' title='bbox 431 3782 726 3871; x_wconf 90' lang='lat' dir='ltr'><strong>Pompeii</strong></span> <span class='ocrx_word' id='word_1_311' title='bbox 733 3808 754 3863; x_wconf 83' lang='lat'>3</span> <span class='ocrx_word' id='word_1_312' title='bbox 789 3783 968 3873; x_wconf 86' lang='lat' dir='ltr'><strong>leges</strong></span> <span class='ocrx_word' id='word_1_313' title='bbox 1005 3795 1070 3851; x_wconf 89' lang='lat' dir='ltr'><strong>et</strong></span> <span class='ocrx_word' id='word_1_314' title='bbox 1100 3783 1338 3851; x_wconf 87' lang='lat' dir='ltr'><strong>iudicia</strong></span> <span class='ocrx_word' id='word_1_315' title='bbox 1369 3784 1714 3851; x_wconf 82' lang='lat' dir='ltr'><strong>constituta</strong></span> <span class='ocrx_word' id='word_1_316' title='bbox 1720 3808 1741 3863; x_wconf 83' lang='lat'><em>3</em></span> <span class='ocrx_word' id='word_1_317' title='bbox 1774 3794 2147 3871; x_wconf 86' lang='lat' dir='ltr'><strong>recuperata</strong></span> <span class='ocrx_word' id='word_1_318' title='bbox 2175 3804 2281 3848; x_wconf 87' lang='lat' dir='ltr'><strong>res</strong></span> 
     </span>
    </p>
   </div>
   <div class='ocr_carea' id='block_1_12' title="bbox 2314 3520 2395 3561">
    <p class='ocr_par' dir='ltr' id='par_1_12' title="bbox 2314 3520 2395 3561">
     <span class='ocr_line' id='line_1_44' title="bbox 2314 3520 2395 3561; baseline 0 0"><span class='ocrx_word' id='word_1_319' title='bbox 2314 3520 2395 3561; x_wconf 74' lang='lat'><strong>811</strong></span> 
     </span>
    </p>
   </div>
   <div class='ocr_carea' id='block_1_13' title="bbox 229 3873 2325 3967">
    <p class='ocr_par' dir='ltr' id='par_1_13' title="bbox 229 3873 2325 3967">
     <span class='ocr_line' id='line_1_45' title="bbox 229 3873 2325 3967; baseline 0 -26"><span class='ocrx_word' id='word_1_320' title='bbox 229 3876 482 3963; x_wconf 89' lang='lat' dir='ltr'><strong>publiea</strong></span> <span class='ocrx_word' id='word_1_321' title='bbox 487 3902 510 3955; x_wconf 82' lang='lat'>3</span> <span class='ocrx_word' id='word_1_322' title='bbox 563 3900 648 3943; x_wconf 86' lang='lat' dir='ltr'><strong>ex</strong></span> <span class='ocrx_word' id='word_1_323' title='bbox 685 3900 950 3944; x_wconf 91' lang='lat' dir='ltr'><strong>numero</strong></span> <span class='ocrx_word' id='word_1_324' title='bbox 1004 3889 1218 3945; x_wconf 87' lang='lat' dir='ltr'><strong>autem</strong></span> <span class='ocrx_word' id='word_1_325' title='bbox 1267 3889 1590 3949; x_wconf 90' lang='lat' dir='ltr'><strong>oratorum</strong></span> <span class='ocrx_word' id='word_1_326' title='bbox 1629 3877 2055 3967; x_wconf 90' lang='lat' dir='ltr'><strong>Pomponius,</strong></span> <span class='ocrx_word' id='word_1_327' title='bbox 2111 3873 2283 3944; x_wconf 87' lang='lat' dir='ltr'><strong>Cen·</strong></span> <span class='ocrx_word' id='word_1_328' title='bbox 2322 3905 2325 3907; x_wconf 53' lang='grc'>’</span> 
     </span>
    </p>
   </div>
   <div class='ocr_carea' id='block_1_14' title="bbox 225 3968 2280 4161">
    <p class='ocr_par' dir='ltr' id='par_1_14' title="bbox 225 3968 2280 4161">
     <span class='ocr_line' id='line_1_46' title="bbox 235 3968 2280 4060; baseline 0.001 -27"><span class='ocrx_word' id='word_1_329' title='bbox 235 3968 508 4049; x_wconf 88' lang='lat' dir='ltr'><strong>sorinus‚</strong></span> <span class='ocrx_word' id='word_1_330' title='bbox 550 3971 828 4038; x_wconf 89' lang='lat' dir='ltr'><strong>Murena</strong></span> <span class='ocrx_word' id='word_1_331' title='bbox 863 3971 1116 4039; x_wconf 84' lang='lat' dir='ltr'><strong>sublati.</strong></span> <span class='ocrx_word' id='word_1_332' title='bbox 1204 3983 1341 4039; x_wconf 89' lang='lat' dir='ltr'><strong>tum</strong></span> <span class='ocrx_word' id='word_1_333' title='bbox 1371 3972 1648 4060; x_wconf 91' lang='lat' dir='ltr'><strong>primum</strong></span> <span class='ocrx_word' id='word_1_334' title='bbox 1681 3994 1799 4039; x_wconf 91' lang='lat' dir='ltr'><strong>nos</strong></span> <span class='ocrx_word' id='word_1_335' title='bbox 1836 3972 1919 4038; x_wconf 86' lang='lat' dir='ltr'><strong>ad</strong></span> <span class='ocrx_word' id='word_1_336' title='bbox 1953 3992 2178 4037; x_wconf 89' lang='lat' dir='ltr'><strong>causas</strong></span> <span class='ocrx_word' id='word_1_337' title='bbox 2214 3981 2280 4036; x_wconf 90' lang='lat' dir='ltr'><strong>et</strong></span> 
     </span>
     <span class='ocr_line' id='line_1_47' title="bbox 225 4061 2279 4161; baseline 0.002 -34"><span class='ocrx_word' id='word_1_338' title='bbox 225 4061 507 4149; x_wconf 85' lang='lat' dir='ltr'><strong>privatas</strong></span> <span class='ocrx_word' id='word_1_339' title='bbox 561 4076 626 4130; x_wconf 91' lang='lat' dir='ltr'><strong>et</strong></span> <span class='ocrx_word' id='word_1_340' title='bbox 683 4065 974 4153; x_wconf 79' lang='lat' dir='ltr'><strong>publicas</strong></span> <span class='ocrx_word' id='word_1_341' title='bbox 1039 4064 1214 4161; x_wconf 85' lang='lat' dir='ltr'><strong>adire</strong></span> <span class='ocrx_word' id='word_1_342' title='bbox 1275 4066 1629 4153; x_wconf 82' lang='lat' dir='ltr'><strong>coepimus,</strong></span> <span class='ocrx_word' id='word_1_343' title='bbox 1690 4087 1819 4132; x_wconf 89' lang='lat' dir='ltr'><strong>non</strong></span> <span class='ocrx_word' id='word_1_344' title='bbox 1879 4076 1951 4131; x_wconf 88' lang='lat' dir='ltr'><strong>ut</strong></span> <span class='ocrx_word' id='word_1_345' title='bbox 2009 4064 2077 4131; x_wconf 86' lang='lat' dir='ltr'><strong>in</strong></span> <span class='ocrx_word' id='word_1_346' title='bbox 2136 4064 2279 4139; x_wconf 83' lang='lat' dir='ltr'><strong>foro</strong></span> 
     </span>
    </p>
   </div>
  </div>
 </body>
</html>
