2784 4575
523 271 650 336 156
863 237 874 241 ’
1136 284 1217 338 M.
1252 283 1520 341 'runnu
1556 282 1961 340 οισι-11101118

522 418 631 472 aut
665 407 749 472 ad
785 406 946 473 talos
984 419 1094 471 aut
1127 406 1210 471 ad
1243 419 1521 472 tesseras
1575 406 1910 472 conferunt
1943 417 2054 471 aut
2105 409 2296 471 etiam
2350 428 2594 471 novum

519 501 643 567 sibi
676 500 802 588 ipsi
838 500 1113 585 aliquem
1165 500 1530 587 excogitant
1563 499 1630 564 in
1665 500 1796 566 otio
1838 499 2089 579 ludum,
2145 498 2239 565 sic
2270 499 2368 564 illi
2403 524 2446 564 a
2478 525 2596 566 ne-

520 595 711 683 gotiis
746 595 1020 682 publicis
1057 606 1381 680 tamquam
1417 595 1500 660 ab
1533 617 1727 681 opere
1761 605 1874 660 aut
1916 595 2304 681 temporibus
2342 595 2595 660 exclusi

519 701 631 757 aut
681 690 1007 755 voluntate
1045 712 1164 754 sua
1196 689 1406 755 feriati
1458 700 1625 755 totos
1663 711 1734 755 se
1769 689 1877 755 alii
1920 689 2004 754 ad
2053 694 2304 775 poe'tas,
2361 689 2477 753 alii
2510 690 2597 754 ad

520 798 908 869 geometras,
972 782 1080 849 alii
1133 783 1217 848 ad
1267 783 1546 850 musicos
1603 784 2030 863 contulerunt,
2084 783 2191 849 alii
2239 783 2468 862 etiam,
2521 796 2594 849 ut

524 877 859 957 dialectici,
913 899 1154 944 novum
1188 878 1311 943 sibi
1343 878 1470 965 ipsi
1506 878 1788 944 studium
1820 878 2166 963 ludumque
2199 890 2592 965 pepererunt

520 996 708 1057 atque
752 971 818 1037 in
870 971 963 1037 eis
1010 971 1282 1050 artibus,
1338 994 1502 1057 quae
1555 984 1845 1059 repertae
1897 985 2071 1052 sunt,
2122 983 2195 1037 ut
2242 994 2591 1060 puerorum

520 1085 763 1133 mantes
793 1065 877 1130 ad
903 1064 1360 1131 humanitatem
1394 1066 1786 1153 fingerentur
1818 1078 2008 1152 atque
2037 1067 2354 1145 virtutem,
2396 1090 2589 1133 omne

424 1161 484 1257 ΞΗ]
524 1178 771 1245 tompus
826 1169 1017 1243 atque
1078 1169 1320 1225 aetates
1385 1182 1536 1225 suas
1590 1172 2136 1249 consumpserunt.
2242 1161 2360 1226 sed
2416 1162 2585 1245 quod

524 1269 700 1317 urant
736 1253 992 1337 quidam
1027 1254 1211 1339 eique
1255 1253 1465 1332 multi,
1520 1254 1629 1339 qui
1675 1267 1785 1320 aut
1815 1255 1883 1319 in
1915 1278 1986 1320 re
2027 1254 2283 1342 publica
2321 1266 2588 1342 propter

524 1349 885 1431 ammitem,
939 1369 1102 1432 quae
1153 1371 1284 1414 non
1325 1360 1541 1434 potest
1592 1371 1736 1416 esse
1788 1349 2101 1427 seiuncta,
2154 1349 2433 1415 faciendi
2490 1350 2583 1413 di·-

524 1441 829 1525 ffundique
883 1442 1259 1529 sapientiam
1308 1444 1637 1522 florerent,
1690 1454 1764 1508 ut
1797 1443 2292 1522 Themistocles,
2345 1455 2423 1509 ut
2453 1444 2581 1509 Pe-

520 1537 732 1613 τὶς-133,
796 1545 867 1600 ut
918 1535 1383 1616 Theramenes,
1439 1547 1576 1616 aut,
1621 1537 1731 1622 qui
1781 1536 1991 1603 minus
2043 1538 2168 1623 ipsi
2219 1538 2286 1601 in
2337 1561 2410 1603 re
2460 1561 2580 1624 pu-

520 1633 680 1693 bliea
726 1643 1155 1713 versarentur,
1211 1633 1328 1698 sed
1379 1633 1569 1699 huius
1624 1644 1836 1699 tamen
1889 1633 2176 1699 eiusdem
2228 1635 2580 1721 sapientiae

520 1729 805 1793 [lfflztorss
859 1737 1102 1805 essent,
1155 1738 1228 1792 ut
1282 1726 1589 1814 Gorgias,
1644 1727 2193 1813 Thrasymachus,
2235 1728 2578 1806 Isocratesx,

520 1821 755 1885 inv-tanti
791 1831 967 1899 sunt,
1021 1821 1158 1905 qui,
1214 1842 1360 1887 cum
1403 1821 1530 1910 ipsi
1574 1821 1859 1887 doctrina
1893 1833 1960 1887 et
1991 1822 2247 1908 ingenio
2293 1823 2581 1887 abunda-

520 1934 652 1977 runt
670 1965 684 1989 ,
748 1937 787 1978 3
818 1937 888 1980 re
924 1926 1137 1979 autem
1173 1914 1343 1979 civili
1377 1926 1444 1980 et
1477 1938 1517 1980 a
1550 1913 1822 2002 negotiis
1858 1915 2053 1980 animi
2105 1916 2371 2000 quodam
2404 1916 2585 1979 iudi-

516 2009 612 2073 [eim
652 2009 1089 2086 abhorrerent,
1143 2009 1310 2075 hanc
1345 2009 1597 2075 dicendi
1633 2009 2149 2076 exercitationem
2182 2009 2583 2095 exagitarent

428 2129 476 2165 sn·
524 2117 716 2181 atqua
776 2113 1251 2167 contemnerent
1259 2129 1278 2182 ;
1351 2128 1620 2190 quorum
1681 2104 1975 2192 princeps
2042 2103 2337 2171 Socrates
2399 2101 2580 2191 [fuis

520 2197 604 2267 is,
664 2193 796 2281 qui]
836 2196 1118 2262 omnium
1171 2199 1559 2266 eruditorum
1594 2200 1956 2265 testimonio
1993 2199 2309 2284 totiusque
2340 2198 2583 2266 iudicio

520 2289 823 2355 [it-:maiae
860 2311 1004 2356 cum
1036 2293 1373 2378 prudentia
1407 2307 1471 2361 et
1507 2295 1793 2360 acumine
1829 2305 1894 2360 et
1921 2305 2256 2361 venustate
2283 2306 2347 2360 et
2374 2295 2582 2360 subti-

516 2382 688 2449 litate
744 2396 875 2450 tum
926 2407 1078 2452 vero
1134 2387 1521 2473 eloquentia,
1586 2388 1919 2466 varietate,
1983 2389 2196 2477 copia,
2260 2411 2452 2474 quam
2505 2413 2579 2455 se

516 2501 783 2561 sumque
816 2478 883 2543 in
915 2491 1161 2566 partem
1198 2482 1482 2548 dedisset
1509 2479 1822 2568 [omnium
1855 2482 1976 2548 fuit
2009 2483 2197 2549 facile
2222 2482 2578 2570 princeps],

516 2573 632 2649 uis,
676 2573 782 2657 qui
816 2573 1001 2653 haec,
1040 2597 1202 2660 quae
1236 2596 1409 2640 nunc
1442 2598 1561 2641 nos
1598 2577 1988 2661 quaerimus,
2025 2587 2387 2656 tractarent,
2426 2601 2579 2664 age-

512 2686 676 2746 rent,
744 2670 1067 2749 docerent,
1133 2692 1279 2736 cum
1328 2671 1587 2737 nomine
1651 2671 2119 2758 appellarentur
2179 2695 2338 2752 uno,
2404 2673 2575 2758 quod

512 2766 716 2829 amuis
752 2787 963 2830 rerum
997 2765 1377 2852 optimarum
1431 2764 1711 2851 cognitio
1747 2777 1936 2850 atque
1970 2766 2037 2831 in
2054 2762 2165 2832 'eis
2201 2766 2574 2833 exercitatio

512 2858 912 2944 philnsophia
961 2858 1421 2951 nominaretur,
1485 2858 1610 2925 hoc
1660 2881 1994 2926 commune
2055 2884 2289 2927 nomen
2342 2861 2576 2947 eripuit

516 2974 580 3014 531
588 2954 951 3035 pisnterque
1014 2951 1327 3018 sentiendi
1393 2964 1458 3018 et
1518 2965 1738 3019 ornate
1801 2953 2052 3020 dicendi
2117 2954 2444 3021 scientiam
2500 2978 2578 3020 re

512 3044 907 3111 [numerantis
972 3045 1506 3132 disputationibus
1564 3047 1697 3112 suis
1753 3048 2101 3134 separavit3
2145 3041 2336 3114 'cuius
2385 3048 2579 3134 inge-

512 3140 680 3202 nium}
720 3139 1052 3224 ⁴uariosque
1089 3163 1413 3208 sermones
1448 3141 1902 3207 immortalitati
1938 3142 2188 3229 scriptis
2224 3141 2347 3207 suis
2370 3141 2579 3207 Plato

516 3234 793 3312 tradidit,
840 3254 986 3298 cum
1018 3233 1158 3320 ipse
1193 3235 1468 3300 litteram
1509 3233 1870 3322 [Socrates]
1916 3237 2159 3302 nullam
2191 3233 2578 3320 reliquisset.

416 3346 460 3382 ει
516 3326 656 3390 luins
712 3326 1045 3392 discidium
1094 3328 1254 3394 illud
1305 3329 1548 3394 exstitit
1585 3330 1764 3414 quasi
1803 3330 2060 3416 linguae
2107 3343 2293 3416 atque
2339 3329 2576 3407 cordiS,

512 3422 852 3484 absurdum
889 3443 1042 3487 sane
1077 3433 1141 3487 et
1174 3422 1396 3488 inutile
1433 3433 1497 3489 et
1530 3424 2149 3510 reprehendendum,
2204 3435 2276 3488 ut
2311 3422 2431 3488 3111’
2451 3445 2577 3488 1108

512 3538 763 3598 sapere,
809 3514 915 3579 alii
948 3515 1160 3582 dicere
1197 3517 1526 3595 docerent3
1580 3541 1730 3582 nam
1767 3539 1913 3583 cum
1948 3528 2164 3584 essent
2196 3517 2413 3604 plures
2450 3517 2576 3582 orti

512 3610 640 3670 fers
680 3634 716 3674 a
753 3606 1037 3687 Socrate,
1076 3611 1246 3693 quod
1282 3633 1364 3676 ex
1396 3611 1564 3677 illius
1603 3612 1794 3678 variis
1832 3623 1896 3678 et
1930 3611 2196 3679 diversis
2234 3622 2300 3677 et
2332 3611 2402 3676 in
2437 3634 2578 3677 om-

508 3726 652 3766 nem
716 3714 958 3790 partem
1009 3703 1259 3770 diffusis
1314 3704 1846 3792 disputationibus
1902 3705 2062 3771 alius
2119 3705 2292 3771 aliud
2345 3728 2577 3792 appre-

508 3798 839 3876 henderat,
890 3798 1356 3884 proseminatae
1394 3811 1544 3864 sunt
1578 3800 1761 3885 quasi
1796 3799 2074 3865 familiae
2119 3799 2574 3865 dissentientes

508 3890 668 3954 intur
724 3913 790 3957 se
842 3905 908 3958 et
956 3893 1227 3958 multum
1279 3893 1627 3960 disiunctae
1664 3906 1728 3961 et
1781 3895 2096 3980 dispareS,
2157 3915 2303 3958 cum
2356 3903 2573 3958 tamen

408 4038 468 4086 N
512 4006 728 4046 numus
784 4004 854 4048 se
903 3986 1265 4072 philosophi
1311 3985 1672 4068 Socraticos
1727 4000 1791 4056 et
1842 3987 1967 4054 dici
2019 3987 2253 4054 vellent
2304 3997 2370 4051 et
2423 4008 2573 4052 esse

408 4083 468 4142 '1³2
516 4074 986 4156 arbitrarentun
1041 4101 1116 4144 ac
1165 4081 1369 4166 primo
1425 4083 1506 4147 ab
1559 4083 1699 4170 ipso
1751 4082 2021 4149 Platone
2064 4079 2450 4147 Aristoteles
2506 4090 2572 4143 et
