2784 4575
431 265 522 331 52
732 325 738 330 .
1044 276 1125 333 M.
1165 275 1443 334 TULLII
1478 275 1884 334 CICERONIS

343 445 350 450 -
435 401 542 464 hic
572 398 728 464 iuris
765 399 1093 467 consultus
1147 399 1435 486 superior
1462 399 1661 465 fuerit
1696 401 2126 480 discessurus,
2183 399 2297 486 qui
2332 413 2519 468 esset

431 517 564 560 non
599 515 716 558 suo
749 492 1043 571 artificio,
1100 493 1218 559 sed
1251 492 1457 559 alieno
1496 491 1649 578 [hoc
1683 505 1809 572 est,
1854 517 1985 562 non
2019 495 2174 560 iuris
2214 495 2513 574 scientia,

435 589 553 655 sed
585 585 972 675 eloquentia]
1021 596 1433 654 sustentatus.
1522 587 1817 671 equidem
1849 588 1973 654 hoc
2016 611 2209 675 saepe
2254 590 2511 656 audivi:

431 704 580 748 cum
629 682 1016 748 aedilitatem
1047 682 1127 746 P.
1169 680 1447 748 Crassus
1498 692 1744 768 peteret
1794 704 2065 766 eumque
2107 684 2313 750 maior
2346 698 2513 750 natu

431 786 498 844 et
529 777 660 842 iam
695 776 1044 842 consularis
1081 773 1225 842 Ser.
1264 775 1477 842 Galba
1520 777 1978 854 adsectaretur‚
2034 777 2212 842 cuius
2250 775 2333 845 C.
2367 779 2509 846 filio

432 893 617 936 suam
649 871 848 936 filiam
883 871 1359 957 despondisset,
1415 869 1765 935 accessisse
1800 871 1885 934 ad
1921 867 2232 936 Crassum
2266 893 2511 936 consu-

429 965 606 1030 lendi
643 987 838 1030 causa
870 965 1186 1049 quendam
1232 964 1653 1042 rusticanum,
1708 963 1819 1048 qui
1862 986 2009 1028 cum
2046 963 2353 1030 Crassum
2390 988 2507 1030 se-

430 1059 721 1124 duxisset
773 1070 962 1143 atque
1017 1059 1099 1124 ad
1142 1081 1289 1124 eum
1341 1058 1693 1124 rettulisset
1741 1079 2243 1144 responsumque
2284 1061 2368 1124 ab
2417 1081 2504 1125 eo

432 1175 656 1218 verum
689 1153 926 1239 magiS,
981 1173 1174 1236 quam
1225 1153 1309 1216 ad
1345 1175 1527 1218 suam
1560 1175 1698 1218 rem
1751 1154 2305 1218 adcommodatum
2346 1153 2507 1218 abs-
2770 1143 2773 1246 ἢ

431 1246 712 1325 tulisset,
765 1259 836 1312 ut
889 1269 1036 1312 eum
1090 1247 1336 1312 tristem
1373 1245 1587 1314 Galba
1620 1247 1805 1326 vidit,
1860 1247 2115 1312 nomine
2150 1247 2506 1334 appellavit
2771 1255 2773 1278 ⁵

429 1340 894 1424 quaesivitque,
949 1363 1078 1424 qua
1109 1341 1190 1406 de
1231 1364 1302 1407 re
1339 1343 1424 1407 ad
1460 1339 1771 1407 Crassum
1818 1343 2193 1421 rettulisset3
2244 1363 2329 1406 ex
2360 1363 2502 1426 quo
2771 1367 2773 1370 ·

430 1443 503 1499 ιιι
527 1433 770 1498 audivit
795 1446 1303 1520 commotumque
1327 1447 1401 1500 ut
1424 1435 1585 1500 vidit
1607 1435 1949 1514 hominem,
1988 1435 2356 1523 ‘suspenso‘
2396 1436 2505 1503 in-
2767 1381 2773 1530 1

429 1527 570 1612 quit
603 1528 842 1594 ‘animo
877 1540 944 1594 et
975 1543 1285 1616 occupato
1322 1528 1634 1596 Crassum
1668 1529 1785 1594 tibi
1818 1531 2226 1617 respondisse
2260 1529 2499 1609 video}

317 1649 398 1689 240
431 1622 660 1688 deinde
693 1623 907 1708 ipsum
943 1621 1254 1690 Crassum
1289 1646 1486 1690 manu
1525 1623 1863 1710 prehendit
1897 1636 1963 1690 et
1996 1625 2185 1691 ‘heus
2222 1635 2291 1689 tu
2302 1623 2341 1702 ,'
2398 1624 2503 1690 in-

429 1717 565 1801 quit
598 1715 782 1802 ‘quid
817 1717 932 1783 tibi
964 1717 1032 1782 in
1065 1729 1346 1783 mentem
1380 1718 1557 1784 venit
1588 1717 1679 1783 ita
1710 1718 2159 1805 respondere?
2216 1730 2353 1782 tum
2385 1717 2498 1783 ille

425 1810 694 1877 fidenter
726 1803 917 1877 bomo
951 1812 1372 1898 peritissimus
1428 1813 1799 1878 confirmare
1830 1812 1924 1878 ita
1956 1835 2027 1877 se
2062 1834 2198 1876 rem
2232 1812 2495 1890 habere,

425 1914 500 1968 ut
537 1905 1000 1991 respondisset,
1057 1927 1178 1970 nec
1231 1905 1495 1972 dubium
1540 1928 1685 1971 esse
1734 1929 1926 1993 posse
1936 1931 1955 1984 3
2013 1904 2227 1972 Galba
2276 1915 2499 1970 autem

426 1997 736 2062 adludens
788 1997 962 2062 varie
1015 2007 1082 2062 et
1133 1999 1390 2084 copiose
1443 2000 1675 2064 multas
1742 1999 2183 2064 similitudines
2238 1999 2492 2064 adferre

424 2089 750 2172 multaque
800 2113 918 2177 pro
974 2091 1288 2174 aequitate
1341 2103 1563 2158 contra
1613 2093 1713 2158 ius
1750 2093 1957 2159 dicere
1968 2117 1987 2172 3
2044 2104 2235 2177 atque
2286 2094 2488 2172 illum,

425 2204 573 2246 cum
610 2182 980 2250 disserendo
1023 2209 1142 2270 par
1185 2208 1330 2254 esse
1381 2209 1512 2253 non
1562 2198 1784 2274 posset
1817 2225 1907 2235 —
1940 2209 2324 2272 quamquam
2363 2189 2490 2254 fuit

425 2273 704 2343 Crassus
753 2276 824 2342 in
875 2300 1136 2345 numero
1199 2280 1607 2360 disertorum,
1672 2281 1789 2349 sed
1838 2305 1955 2368 par
2010 2281 2258 2351 Galbae
2310 2282 2487 2349 nullo

423 2370 614 2437 modo
645 2408 736 2421 --
795 2373 880 2437 ad
935 2384 1224 2441 auctores
1281 2376 1650 2461 confugisse
1686 2387 1750 2442 et
1782 2375 1877 2454 id,
1933 2378 2105 2460 quod
2137 2376 2278 2463 ipse
2312 2378 2491 2442 dice-

423 2476 540 2544 ret,
577 2477 642 2531 et
673 2466 742 2530 in
765 2467 843 2533 P.
871 2467 1078 2534 Mucii
1111 2468 1322 2534 fratris
1359 2470 1462 2535 sui
1495 2470 1673 2536 libris
1708 2481 1776 2535 et
1807 2470 1875 2534 in
1910 2467 2065 2538 Sex.
2103 2470 2273 2535 Aelii
2309 2492 2491 2535 com-

421 2559 746 2625 mentariis
783 2561 1088 2648 scriptum
1137 2563 1479 2648 protulisse
1516 2586 1592 2629 ac
1634 2575 1849 2629 tamen
1892 2565 2284 2631 concessisse
2319 2562 2486 2629 Gal-

421 2653 544 2718 bae
579 2654 1070 2741 disputationem
1105 2656 1228 2723 sibi
1252 2658 1648 2743 probabilem
1682 2670 1748 2723 et
1780 2680 1980 2745 prope
2006 2681 2225 2723 veram
2256 2658 2485 2725 videri.

319 2742 387 2795 57
425 2757 730 2826 attamen,
787 2770 950 2832 quae
986 2772 1216 2817 causae
1253 2761 1403 2817 sunt
1427 2752 1573 2817 'eius
1618 2752 1821 2830 modi,
1872 2764 1945 2817 ut
1979 2752 2058 2817 de
2089 2774 2314 2819 earum
2346 2754 2485 2819 iure

310 2814 388 2853 ²4¹
423 2840 686 2905 dubium
720 2864 865 2907 esse
908 2865 1038 2908 non
1080 2845 1313 2930 possit,
1367 2846 1625 2912 omnino
1658 2846 1729 2911 in
1760 2845 2061 2911 iudicium
2103 2846 2321 2913 vocari
2352 2870 2489 2913 non

423 2932 647 2997 solent.
750 2956 908 2999 num
969 2938 1110 3020 quis
1176 2962 1253 3005 eo
1315 2949 1725 3018 testamento,
1795 2940 1968 3025 quod
2023 2941 2483 3026 paterfamilias

421 3037 566 3092 ante
601 3026 782 3105 fecit,
837 3049 1031 3112 quam
1064 3030 1132 3095 ei·
1157 3032 1325 3099 filius
1360 3044 1549 3099 natus
1586 3044 1790 3111 esset,
1836 3033 2249 3099 hereditatem
2278 3034 2483 3119 petit?

418 3140 635 3197 nem03
671 3120 822 3203 quia
853 3134 1108 3191 constat
1141 3128 1547 3213 agnascendo
1572 3128 1782 3213 rumpi
1807 3138 2251 3193 testamentum
2257 3152 2277 3204 3
2314 3148 2476 3213 ergo

417 3211 486 3275 in
518 3211 642 3277 hoc
675 3236 909 3299 genere
939 3217 1098 3283 ‘iuris
1133 3218 1368 3285 iudicia
1400 3221 1577 3285 nulla
1610 3232 1785 3287 sunt:
1819 3222 1965 3287 licet
1998 3222 2188 3308 igitur
2210 3221 2481 3305 impune

417 3306 650 3371 oratori
683 3329 938 3375 omnem
971 3310 1136 3377 hanc
1177 3324 1425 3399 partem
1456 3314 1611 3379 iuris
1651 3313 1745 3401 [in
1780 3313 2253 3401 controversiis]
2290 3314 2479 3401 igno-

305 3424 384 3463 242
415 3421 585 3478 rare,
635 3422 798 3485 quae
833 3426 982 3489 pars
1021 3404 1158 3471 sine
1193 3407 1386 3475 dubio
1420 3408 1621 3475 multo
1655 3409 1934 3477 maxima
1968 3420 2067 3475 est
2076 3435 2095 3487 3
2146 3410 2217 3473 in
2249 3432 2329 3475 eo
2362 3431 2478 3473 au-

417 3505 546 3557 tem
579 3494 735 3573 iure,
773 3498 943 3579 quod
969 3500 1306 3585 ambigitur
1337 3501 1504 3567 inter
1536 3502 1973 3588 peritissimos,
2008 3524 2138 3569 non
2172 3513 2276 3567 est
2308 3502 2480 3567 diffi-

418 3586 535 3652 cile
570 3589 803 3654 oratori
837 3590 974 3655 eius
1007 3594 1236 3679 partis,
1291 3616 1751 3680 quamcumque
1788 3597 2114 3674 defendet,
2150 3606 2479 3665 ‚auctorem

415 3679 691 3764 aliquem
721 3682 1033 3763 invenire3
1081 3710 1122 3751 a
1153 3708 1279 3771 quo
1315 3710 1463 3753 cum
1498 3700 1849 3755 amentatas
1883 3690 2101 3757 hastas
2138 3690 2475 3777 acceperit,

412 3774 552 3860 ipse
588 3798 698 3839 eas
735 3778 1000 3843 oratoris
1048 3779 1300 3846 lacertis
1337 3782 1701 3867 viribusque
1736 3784 2073 3868 torquebit.
2156 3784 2285 3850 nisi
2320 3806 2475 3851 vero

411 3900 503 3928 ·--·.
525 3868 696 3933 bona
728 3871 916 3937 venia
957 3872 1144 3937 huius
1189 3874 1412 3959 optimi
1456 3875 1574 3941 viri
1618 3876 1885 3943 dixerim
1933 3875 2345 3964 [Scaevolae]
2384 3913 2476 3937 -ε

413 3969 484 4022 ιιι
518 3958 748 4026 libellis
785 3974 894 4028 aut
925 3968 1280 4051 praeceptis
1328 3968 1531 4033 soceri
1582 3970 1675 4035 tui
1710 3992 1971 4038 caus-am
2004 3972 2103 4037 Μ’
2143 3970 2325 4039 Curii
2359 3971 2475 4037 de-

413 4048 700 4128 fendisti,
753 4077 884 4121 non
927 4058 1258 4145 adripuisti
1307 4062 1727 4147 patrocinium
1778 4064 2113 4149 aequitatis
2148 4075 2215 4131 et
2248 4064 2475 4137 defen-
