2784 4575
1062 202 1175 243 PER
1209 200 1403 245 ANNOS
1438 200 1711 245 DIGESTA.
2288 200 2493 249 XXIII

306 360 410 397 Anni
470 364 571 399 Ante

307 407 414 443 (Le.
471 408 574 445 (ΒΝ.

309 475 414 529 656
486 476 554 530 98
629 476 788 531 0088.
863 476 924 536 Q.
947 476 1160 530 Caelius
1177 476 1427 530 Metellus
1444 478 1649 545 Nepos,
1692 478 1750 529 T.
1769 477 1977 533 Didiae.

659 575 663 579 Α
693 544 817 599 Lex
842 542 1094 598 Caecilia
1119 543 1317 613 Didia,
1349 560 1465 615 qua
1490 544 1756 599 iubentur
1784 545 1943 614 leges
1976 561 2083 615 per
2109 546 2321 601 trimm-

625 613 817 667 dinum
841 612 1191 682 promulgari
1219 620 1280 667 et
1313 618 1547 667 cavetur
1576 614 1645 669 de
1676 613 1899 669 duabus
1928 619 2030 668 aut
2060 615 2322 685 pluribus

621 682 796 803 rebufs
831 696 958 821 ηοῖι)
983 697 1102 735 una
1127 682 1258 753 lege
1290 681 1705 750 coniunge-ndis
1742 680 1839 752 (ne
1876 681 2008 751 quis
2040 698 2146 753 per
2170 689 2321 737 satu-

499 795 503 799 .
619 766 743 804 ram
785 765 908 805 erre
948 786 978 803 ›.

305 815 408 873 657
481 817 549 873 97
617 814 782 873 0088.
857 818 951 871 Cn.
973 818 1251 872 Cornelius
1267 818 1544 886 Lautulae,
1579 816 1642 871 P.
1662 818 1897 871 Licinius
1918 818 2158 872 Crassus.

191 914 196 920 ·
687 884 972 941 Censores
989 885 1062 941 L.
1082 886 1348 941 Valerius
1367 886 1615 941 Flaccus
1635 885 1799 955 et„M.
1818 886 2099 941 Antonius
2129 892 2323 941 orator
2437 892 2442 896 '

619 954 858 1009 lustrum
885 954 1122 1009 faciunt.
2054 991 2059 999 -

305 1022 410 1077 658
479 1022 549 1078 96
619 1020 780 1078 0088.
853 1024 948 1075 Cn.
969 1024 1234 1077 Domitius
1260 1024 1661 1093 AhenobarbuS,
1703 1024 1761 1075 0.
1792 1024 2007 1077 Caesius
2033 1024 2318 1093 Lonyinua

687 1092 1052 1146 Ptolemaeus
1070 1092 1290 1162 Apion,
1315 1108 1416 1145 rex
1436 1090 1813 1162 Cyrenarum,
1850 1097 2191 1147 testamento
2218 1109 2317 1162 po-

657 1160 812 1215 ulum
829 1158 1150 1215 Romanum
1168 1160 1437 1215 heredem
1455 1160 1614 1215 facit.

305 1224 409 1281 659
479 1226 548 1282 95
665 1245 780 1283 css.
851 1229 918 1281 L.
931 1228 1172 1301 *Licinius
1193 1230 1437 1297 Cressae,
1478 1230 1538 1289 Q.
1560 1230 1772 1283 Mucius
1791 1230 2068 1283 Scaevola.

542 1364 545 1368 Ι
685 1298 809 1351 Lex
829 1296 1052 1351 Licinia
1070 1296 1277 1366 Mucia,
1293 1298 1431 1351 'lata
1458 1298 1529 1352 de
1556 1298 1789 1352 civitate
1854 1313 1928 1355 ne
1956 1297 2083 1368 quis
2114 1297 2191 1351 sit
2214 1312 2319 1367 pro
2426 1338 2431 1341 -

305 1429 410 1485 660
477 1432 548 1488 94
619 1366 760 1488 give,
783 1364 1021 1487 quiongn
1041 1364 1118 1486 {it
1137 1364 1624 1487 cicr'rzhpraffiziffixa
1644 1365 1783 1487 'nte-lli
1796 1364 2033 1487 Marsigi
2052 1381 2243 1486 clausa.

668 1450 784 1488 088.
905 1472 918 1487 .
987 1451 1050 1489 ae
1073 1452 1154 1487 aus
1311 1452 1376 1487 us
1482 1472 1495 1486 .
1576 1452 1779 1487 ovatus
1880 1452 1975 1487 eno
2010 1451 2075 1487 ar
2110 1452 2189 1489 us.

305 1500 407 1552 661
478 1500 547 1555 93
619 1500 779 1555 eoas.
849 1502 912 1554 o.
939 1502 1178 1555 Valerius
1195 1473 1439 1570 Flaccds,
1476 1504 1555 1556 M.
1577 1502 1891 1555 Herennius.

306 1566 410 1620 662
477 1568 548 1623 92
619 1568 782 1623 Coss.
853 1570 915 1621 0.
935 1570 1191 1622 Claudiae
1208 1570 1452 1637 Pulcher,
1490 1571 1569 1622 M.
1591 1572 1881 1639 Perperna.

307 1634 411 1689 663
479 1636 545 1692 91
618 1635 777 1691 Cosa.
847 1636 912 1689 L.
931 1636 1173 1689 Marcius
1190 1638 1482 1705 Philippu-3,
1522 1640 1642 1690 Sex.
1664 1640 1833 1690 Iulius
1854 1639 2075 1693 Caesar.

687 1702 888 1759 Cicero
919 1710 1060 1774 toga
1085 1703 1233 1757 virili
1263 1711 1489 1773 sumpta
1516 1706 1591 1758 ad
1620 1704 1688 1769 Q.
1708 1704 1953 1759 Mucium
1983 1704 2319 1763 Scaevolam

617 1790 692 1829 au
804 1788 892 1827 em
911 1788 946 1826 a
960 1779 1128 1843 patre
1148 1772 1466 1827 deducitur.
1480 1774 1505 1813 1
1670 1806 1681 1817 -

751 1840 980 1895 ,Livius
997 1842 1222 1895 Drusus
1251 1840 1383 1895 trib'.
1402 1840 1615 1896 iudicia
1642 1842 1717 1896 ab
1747 1856 1778 1895 e
1821 1840 2036 1896 uiribus
2062 1841 2138 1896 ad
2158 1859 2321 1897 sena-

615 1916 734 1964 tum
766 1908 1078 1965 transferre
1102 1909 1276 1979 cupit.
1327 1908 1489 1964 Idem
1515 1908 1705 1963 >socios
1732 1915 1793 1963 et
1840 1910 2045 1964 talicos
2073 1911 2319 1980 populos

615 1980 692 2033 ad
731 1994 890 2047 spem
921 1976 1170 2033 civitatis
1205 1978 1501 2033 Romanae
1538 1978 1840 2047 sollicitat3
1884 1995 2016 2032 mox
2061 1984 2250 2033 autem
2286 1996 2322 2033 a

619 2046 687 2112 Q.
705 2046 882 2103 Vario
918 2062 950 2101 e
981 2046 1116 2105 foro
1153 2046 1380 2102 rediens
1408 2047 1469 2101 in
1496 2046 1643 2101 atrio
1672 2048 1877 2101 domus
1914 2062 2051 2101 suae
2087 2047 2321 2101 cultello

617 2116 950 2223 vulneragzus
976 2115 1230 2171 moritur.
1287 2114 1509 2169 Eodem
1536 2130 1689 2189 anno
1726 2115 1963 2170 moritur
1987 2114 2057 2168 L.
2080 2114 2319 2170 Crassus

623 2190 837 2239 orator.

305 2250 412 2307 664
479 2253 550 2310 90
618 2252 780 2310 Coss.
849 2252 916 2308 L.
935 2252 1106 2306 Iulius
1125 2252 1344 2320 Caesar,
1382 2252 1447 2306 P.
1466 2252 1699 2306 Rutilius·
1714 2252 1915 2322 Lupus.

289 2325 297 2335 ⁴
683 2319 906 2376 Bellum
937 2321 1115 2376 oritur
1143 2320 1356 2376 sociale
1385 2337 1489 2375 seu
1508 2321 1835 2376 Marsicum.
1902 2319 2319 2376 Deficientibus

620 2390 696 2445 ob
731 2395 1000 2460 negatam
1037 2388 1324 2443 civitatem
1369 2387 1543 2444 sociis
1576 2389 1741 2444 Italis
1778 2390 1845 2454 Q.
1872 2389 2085 2446 Varius
2132 2391 2319 2470 legem

618 2457 776 2526 tulit,
811 2464 877 2512 ut
903 2463 1272 2529 quaereretur
1299 2458 1370 2512 de
1391 2457 1504 2526 eie,
1542 2474 1783 2528 quorum
1804 2474 1979 2527 opera
2006 2457 2317 2512 consiliove

619 2526 760 2581 socii
799 2531 999 2581 eontra
1041 2525 1316 2594 populum
1351 2526 1515 2580 Rom.
1554 2535 1713 2580 arma
1756 2526 2160 2606 sumpsissent3
2216 2527 2319 2580 sed

619 2599 852 2649 senatus
881 2593 1153 2659 decrevit,
1181 2609 1272 2662 ne,
1302 2593 1435 2648 dum
1460 2594 1738 2648 tumultus
1765 2595 1997 2647 Italicus
2026 2599 2199 2661 esset,
2235 2593 2316 2646 iu—

621 2661 772 2716 dicia
799 2665 1215 2715 exercerentur.

307 2727 411 2784 665
478 2731 548 2786 89
620 2727 781 2782 0088.
855 2727 951 2781 Cn.
970 2729 1250 2796 Pompeius
1267 2728 1481 2795 Strabo,
1524 2729 1584 2781 L.
1602 2729 1827 2780 Porcius
1846 2729 1999 2781 Cute.

687 2793 889 2850 Cicero
901 2795 977 2904 3in
1003 2795 1159 2850 bello
1180 2795 1428 2850 Marsico
1457 2795 1567 2850 tiro
1593 2795 1770 2849 estin
1790 2795 1891 2850 Cn.
1913 2795 2173 2866 Pompeii
2202 2812 2317 2850 cos.

621 2863 890 2920 exercitu.

685 2933 818 2988 Hoc
837 2949 987 2988 anno
1005 2933 1137 3002 lege
1155 2931 1366 3000 Plotia,
1396 2932 1517 2986 lata
1534 2948 1570 2986 a
1588 2931 1665 2984 Μ.
1684 2931 1913 2986 Plautio
1934 2931 2167 2988 Silvano
2186 2933 2318 2989 trib.

617 3003 716 3073 pL,
745 3001 958 3057 iudicia
979 3017 1106 3056 eum
1126 2999 1486 3056 senatoribus
1506 3005 1569 3054 et
1591 3017 1623 3054 e
1667 2999 1883 3054 uitibus
1904 3003 2320 3057 communicata

621 3076 768 3126 sunt.
837 3071 998 3125 Idem
1022 3069 1154 3124 trib.
1170 3071 1248 3138 pl.
1268 3070 1457 3139 legem
1482 3069 1617 3123 tulit
1682 3085 1713 3123 e
1734 3067 1791 3122 vi
1818 3071 2051 3124 armatis
2082 3071 2320 3125 homini-

599 3140 747 3208 bus,
766 3145 832 3194 ut
850 3140 923 3194 de
941 3138 1064 3194 eius
1085 3137 1270 3208 capite
1291 3145 1679 3208 quaereretur,
1700 3136 1799 3208 qui
1818 3136 1929 3190 vim
1946 3137 2198 3194 fecisset.

309 3211 411 3266 666
479 3210 549 3268 88
620 3206 780 3265 0088.
849 3208 914 3261 L.
935 3208 1215 3262 Cornelius
1231 3208 1407 3270 Sulla,
1446 3206 1509 3266 Q.
1528 3207 1809 3276 Pompeius
1824 3205 2019 3274 Rufus.

601 3311 605 3316 -
688 3275 1067 3346 P..Sulpici.us
1101 3275 1231 3330 trib.
1260 3275 1337 3346 pl.
1363 3281 1599 3329 auctore
1632 3275 1818 3328 Mario
1854 3275 2205 3344 perniciosas
2243 3276 2319 3330 le-

621 3361 724 3415 ges
757 3345 1118 3415 promulgate,
1175 3342 1242 3408 Q.
1277 3342 1539 3414 Pompeii
1576 3343 1827 3397 consulis
1872 3341 2051 3397 filium
2126 3342 2317 3398 Sullae

663 3430 910 3482 enei-um,
942 3412 1169 3468 occidit.
1221 3409 1384 3466 Sulla
1414 3428 1541 3466 cum
1569 3411 1819 3466 exercitu
1836 3412 1993 3466 venit
2012 3383 2086 3467 ad
2104 3413 2317 3468 urbem.

619 3431 686 3536 ᾗ.
707 3481 992 3551 Sulpicius
1013 3480 1308 3536 occiditur.
1363 3479 1579 3534 Marius
1604 3481 1846 3550 primum
1863 3480 2203 3549 Minturnas,
2224 3482 2317 3534 de·

620 3549 754 3604 inde
779 3550 839 3604 in
856 3549 1114 3604 Africam
1139 3548 1201 3603 fu
1244 3548 1302 3602 't.
1375 3547 1553 3617 Sulla,
1582 3548 1755 3602 rebus
1780 3548 1841 3602 in
1868 3549 2010 3604 urbe
2040 3565 2165 3603 eom
2208 3547 2317 3601 osi-

621 3617 724 3686 tis,
761 3618 838 3672 ad
873 3619 1088 3674 bellum
1112 3618 1218 3672 Μὴ
1257 3617 1557 3672 ridatieum
1592 3614 1988 3686 proficiscitur.
2062 3616 2128 3680 Q.
2200 3632 2313 3670 om-

665 3685 786 3741 eius
831 3703 948 3742 cos.
983 3687 1044 3741 in
1083 3691 1268 3741 castra
1309 3687 1585 3740 adversus
1621 3685 1843 3739 Marsos
1886 3683 2181 3766 profectus
2218 3681 2317 3738 Cn.

623 3823 660 3878 b
675 3754 886 3878 offfgeii
910 3771 1136 3878 prltffigs.
1155 3755 1407 3876 hortagz,
1439 3752 1531 3808 cui
1562 3754 1867 3808 succedere
1886 3769 1945 3806 m
1964 3751 2203 3822 imperio
2224 3753 2317 3806 de-

666 3839 697 3876 e
741 3839 775 3876 a
805 3840 966 3890 ,ami
1097 3839 1309 3878 usocci
1349 3839 1372 3876 1
1398 3840 1480 3877 ur.

723 3939 748 3978 1
773 3937 948 3978 Laeld.
967 3937 1091 3979 Brut.
1101 3939 1193 3980 806.
1221 3937 1291 3978 De
1301 3935 1514 3978 Cicero-ne
1529 3947 1662 3988 puero
1684 3936 1827 3976 cnudo
1848 3935 1925 3976 Or.
1938 3935 2047 3976 11³.
2170 3936 2195 3976 2
2224 3933 2317 3974 Ost.

620 3989 673 4029 de
695 3988 770 4031 Or.
790 3989 868 4030 111.
890 3991 914 4028 1
933 4000 1028 4039 sqq.
1159 3992 1184 4030 3
1219 3989 1331 4029 Phil.
1353 3989 1450 4030 xn-
1472 3989 1536 4029 27.
