2784 4575
527 268 651 334 158
1143 277 1222 332 M.
1259 277 1534 335 TULLII
1570 276 1969 334 CICERONIS

521 403 712 470 valde
749 412 962 468 autem
997 395 1098 467 est
1133 400 1479 466 absurdum
1513 400 1572 466 ei
1608 400 1966 468 contionem
2002 410 2113 466 aut
2151 409 2449 466 senatum
2482 413 2595 468 aut

525 498 727 562 ullum
780 507 1032 562 coetum
1081 494 1411 561 hominum
1463 493 1885 574 committere,
1941 494 2043 559 cui
2084 517 2273 560 nemo
2315 493 2595 575 illorum,

524 591 634 676 qui
669 589 907 669 adsint,
947 612 1169 666 sanus,
1213 611 1403 655 nemo
1440 589 1627 668 civis,
1672 611 1859 655 nemo
1893 589 2055 655 liber
2088 610 2231 654 esse
2266 588 2561 656 videatur
2574 617 2593 669 ;

427 713 480 756 so
525 684 772 750 accedit
803 683 978 768 quod
1010 681 1314 748 orationi·
1359 682 1553 748 etiam
1594 705 1800 769 genus
1845 682 2085 748 habent
2124 681 2401 778 fortasse
2440 685 2596 748 sub-

526 779 635 844 tile
670 788 736 843 et
767 788 939 844 certe
977 787 1250 855 acutum,
1289 776 1424 854 sed,
1460 787 1535 841 ut
1565 777 1632 841 in
1668 788 1935 855 oratore,
1974 777 2159 855 exile,
2191 775 2591 856 inusitatum,

525 873 873 939 abhorrens
910 872 992 936 ab
1037 869 1295 936 auribus
1340 870 1543 958 volgi,
1596 871 1966 950 obscurum,
2016 869 2235 950 inane,
2285 869 2592 952 ieiunum,

523 988 600 1033 ac
633 977 838 1032 totum
872 965 1008 1032 eius
1043 964 1247 1042 modi,
1301 986 1428 1049 quo
1463 965 1557 1030 uti
1593 966 1677 1032 ad
1717 965 1946 1053 volgus
1992 965 2169 1030 nullo
2211 965 2404 1032 modo
2440 989 2595 1054 pos-

521 1060 645 1126 sis:
690 1059 814 1137 alia
849 1059 1019 1125 enim
1053 1069 1118 1124 et
1150 1058 1322 1124 bona
1356 1070 1422 1124 et
1454 1060 1624 1125 mala
1660 1060 1955 1126 videntur
1989 1058 2221 1126 Stoicis
2260 1069 2327 1124 et
2360 1059 2591 1126 ceteris

520 1155 766 1220 civibus
804 1153 906 1219 vel
939 1153 1152 1240 potius
1191 1153 1489 1240 gentibus
1500 1179 1521 1233 ;
1559 1155 1684 1219 alia
1718 1154 1816 1220 vis
1852 1154 2139 1232 honoris,
2174 1153 2585 1240 ignominiae,

519 1248 816 1335 praemii,
871 1247 1164 1334 supplicii
1173 1273 1193 1326 ;
1248 1268 1399 1314 vere
1446 1271 1528 1314 an
1574 1271 1759 1316 secus
1808 1248 1967 1314 nihil
2010 1249 2094 1313 ad
2133 1248 2258 1313 hoc
2301 1259 2583 1336 tempus;

523 1341 640 1408 sed
683 1363 762 1408 ea
807 1341 862 1406 si
909 1363 1276 1424 sequamur,
1329 1342 1573 1407 nullam
1622 1364 1927 1427 umquam
1964 1365 2103 1409 rem
2147 1342 2416 1408 dicendo
2475 1366 2586 1408 ex-

425 1465 478 1506 ετ
521 1435 741 1523 pedire
773 1434 1120 1522 possimus.
1185 1434 1416 1520 reliqui
1454 1448 1601 1503 sunt
1633 1436 2045 1524 Peripatetici
2077 1447 2142 1502 et
2176 1436 2582 1515 Academici3

521 1551 907 1615 quamquam
949 1529 1482 1596 Academicorum
1532 1553 1767 1598 nomen
1808 1542 1909 1598 est
1950 1553 2176 1610 unum,
2232 1531 2583 1597 sententiae

523 1626 717 1705 duae3
771 1647 921 1689 nam
958 1621 1358 1713 Speusippus
1392 1625 1683 1694 Platonis
1738 1625 1971 1693 sororis
2025 1625 2193 1692 filius
2246 1636 2314 1692 et
2354 1625 2585 1692 Xeno-

521 1730 747 1798 crates,
784 1719 893 1804 qui
915 1718 1254 1785 Platonem
1280 1720 1585 1800 audierat,
1620 1733 1684 1787 et
1718 1721 1828 1805 qui
1852 1719 2289 1787 Xenocratem
2313 1719 2586 1786 Polemo

520 1825 588 1880 et
622 1813 926 1891 Crantor,
977 1813 1135 1877 nihil
1171 1814 1252 1878 ab
1286 1813 1667 1894 Aristotele,
1722 1815 1831 1901 qui
1864 1838 1993 1880 una
2043 1814 2330 1880 audierat
2360 1813 2589 1879 Plato-

517 1931 696 1987 nem,
733 1929 968 1994 magno
1003 1928 1197 1992 opere
1233 1907 1700 1987 dissenserunt3
1754 1909 1938 1996 copia
1971 1909 2241 1975 fortasse
2276 1917 2339 1972 et
2373 1907 2589 1972 varie-

519 2013 649 2066 tate
702 1999 952 2066 dicendi
999 2022 1186 2084 pares
1240 2023 1370 2066 non
1421 2002 1705 2068 fuerunt:
1757 2002 2084 2068 Arcesilas
2119 2001 2408 2089 primum,
2466 2001 2585 2084 qui

517 2095 937 2162 Polemonem
989 2093 1302 2172 audierat,
1357 2117 1441 2160 ex
1483 2095 1676 2162 variis
1710 2097 2001 2164 Platonis
2053 2095 2229 2162 libris
2274 2095 2583 2161 sermoni-

519 2189 767 2271 busque
805 2185 1148 2253 Socraticis
1183 2185 1307 2253 hoc
1340 2189 1617 2256 maxime
1652 2190 1953 2278 adripuit,
1988 2191 2145 2255 nihil
2184 2212 2326 2256 esse
2363 2185 2577 2277 [certi]

517 2281 692 2366 quod
725 2293 836 2347 aut
871 2281 1166 2347 sensibus
1205 2294 1314 2349 aut
1349 2283 1561 2351 animo
1594 2284 1840 2373 percipi
1873 2285 2079 2373 possit
2087 2312 2107 2365 ;
2144 2307 2337 2370 quem
2368 2284 2579 2351 ferunt

516 2375 751 2442 eximio
811 2376 1088 2459 quodam
1139 2398 1330 2442 usum
1387 2378 1604 2465 lepore
1665 2380 1917 2459 dicendi
1978 2389 2385 2467 aspernatum
2436 2401 2579 2446 esse

517 2492 704 2535 omne
739 2469 933 2535 animi
969 2492 1321 2555 sensusque
1354 2472 1661 2539 iudicium
1691 2473 2090 2560 primumque
2125 2472 2474 2539 instituisse
2489 2508 2577 2521 -—

517 2585 901 2649 quamquam
934 2563 1003 2629 id
1035 2564 1158 2631 fuit
1193 2564 1591 2632 Socraticum
1621 2568 1897 2633 maxime
1929 2601 2017 2617 --
2082 2590 2215 2635 non
2251 2566 2403 2652 quid
2436 2566 2577 2653 ipse

519 2658 782 2725 sentiret
815 2658 1148 2725 ostendere
1165 2708 1186 2737 ,
1242 2661 1358 2726 sed
1393 2671 1615 2727 contra
1647 2662 1745 2739 id,
1798 2662 1972 2747 quod
2014 2662 2283 2747 quisque
2328 2684 2397 2727 se
2432 2682 2577 2725 sen-

422 2780 476 2821 es
519 2752 638 2817 tire
684 2750 979 2832 dixisset,
1035 2754 1379 2841 disputare.
1466 2755 1617 2822 hinc
1670 2755 1828 2822 haec
1877 2756 2193 2823 recentior
2228 2754 2577 2822 Academia

515 2846 826 2924 manavit,
882 2846 949 2911 in
985 2869 1112 2931 qua
1148 2848 1391 2914 exstitit
1426 2848 1643 2915 divina
1679 2851 1952 2935 quadam
1986 2850 2307 2915 celeritate
2338 2847 2577 2935 ingenii

516 2939 892 3024 dicendique
927 2940 1112 3027 copia
1149 2940 1553 3022 Carneades3
1600 2944 1778 3009 cuius
1816 2966 1937 3030 ego
1973 2943 2095 3010 etsi
2130 2943 2384 3013 multos.
2400 2942 2581 3008 audi-

515 3044 684 3100 tores
739 3034 1010 3121 cognovi
1042 3034 1354 3115 Athenis,
1409 3047 1625 3103 tamen
1677 3048 1967 3103 auctores
2012 3036 2397 3102 certissimos
2440 3036 2581 3101 lau-

515 3126 668 3193 dare
701 3150 966 3214 possum
1002 3139 1066 3193 et
1101 3151 1392 3195 socerum
1428 3154 1641 3196 meum
1678 3128 2083 3207 Scaevolam,
2120 3128 2229 3212 qui
2262 3150 2411 3193 eum
2444 3130 2579 3197 Ro-

512 3243 658 3286 mae
694 3222 934 3289 audivit
969 3222 1364 3302 adulescens,
1404 3236 1467 3290 et
1496 3222 1579 3306 Q.
1608 3223 1947 3289 Metellum
1973 3224 2057 3289 L.
2084 3223 2164 3289 F.
2199 3220 2578 3289 familiarem

512 3338 754 3395 meum,
809 3315 1232 3383 clarissimum
1281 3318 1517 3397 virum,
1570 3318 1679 3403 qui
1725 3317 1905 3385 illum
1958 3341 1997 3384 a
2050 3340 2119 3383 se
2172 3316 2581 3383 adulescente

512 3410 790 3477 Athenis
839 3409 971 3476 iam
1033 3411 1354 3479 adfectum
1419 3424 1743 3479 senectute
1804 3413 2040 3479 multos
2094 3412 2231 3478 dies
2292 3411 2578 3476 auditum

410 3502 478 3615 {g
515 3528 660 3572 esse
712 3504 987 3571 dicebat.
1069 3506 1232 3573 haec
1283 3516 1528 3586 autem,
1580 3518 1652 3573 ut
1704 3531 1786 3575 ex
1827 3506 2173 3595 Apennino
2224 3504 2579 3586 fluminum,

515 3598 612 3663 sic
642 3620 725 3665 ex
760 3600 1081 3665 communi
1126 3600 1512 3688 sapientium
1552 3599 1707 3687 iugo
1752 3612 1901 3667 sunt
1944 3600 2373 3667 doctrinarum
2404 3599 2579 3664 facta

513 3692 813 3771 divortia,
868 3704 940 3758 ut
989 3694 1357 3781 philosophi
1396 3706 1722 3779 tamquam
1771 3695 1840 3760 in
1884 3718 2186 3781 superum
2228 3716 2403 3759 mare
2440 3688 2579 3778 [10-

505 3783 716 3873 hium]
755 3786 1103 3853 defluerent
1140 3784 1524 3873 [GrJaecum
1551 3788 1873 3871 quoddam
1908 3801 1972 3878 et
2003 3798 2397 3875 portuosum,
2432 3808 2581 3852 ora-

513 3892 684 3945 tores
722 3891 934 3947 autem
968 3882 1035 3946 in
1069 3882 1345 3947 inferum
1393 3881 1519 3947 hoc
1556 3879 1873 3968 [Tuscum
1917 3895 1983 3949 et
2026 3878 2395 3966 barbarum]
2432 3901 2581 3946 sco-

511 3972 811 4055 pulosum
862 3984 1052 4057 atque
1104 3975 1411 4041 infestum
1460 3975 1854 4055 laberentur,
1904 3977 1971 4041 in
2022 3998 2148 4060 quo
2200 3974 2392 4040 etiam
2432 3974 2579 4061 ipse

415 4088 471 4127 ἰο
513 4062 744 4127 Ulixes
799 4080 1095 4134 errasset..
1181 4092 1308 4153 qua
1357 4090 1457 4148 re,
1514 4070 1570 4135 si
1620 4070 1743 4135 hac
1796 4070 2159 4154 eloquentia
2210 4081 2399 4153 atque
2452 4070 2579 4135 hoc
