2784 4575
495 243 628 308 250
1105 253 1185 310 Μ.
1226 255 1499 312 TULLII
1536 253 1935 312 CICERONIS

493 377 868 445 obtinendas
883 374 1132 441 'causas
1186 397 1405 441 curam
1456 375 1649 442 etiam'
1682 386 1747 440 et
1778 376 2046 462 gratiam
2058 411 2083 452 ·,-
2130 376 2197 441 in
2249 376 2561 465 principi-

491 473 612 538 bus
647 469 930 558 patronis
967 469 1206 553 aliquot
1241 492 1441 535 annos
1476 469 1617 534 fuit,
1694 469 1761 534 in
1777 469 1983 534 huius
2019 470 2302 536 oratione
2338 484 2558 540 sermo

491 564 765 632 Latinus
801 574 964 640 erat,
1008 563 1205 628 verba
1236 586 1366 628 non
1402 561 1674 640 abiecta,
1716 585 1823 628 res
1858 562 2245 650 compositae
2280 564 2558 650 diligen,-

491 669 588 726 ter
595 685 616 738 ;
659 658 872 724 nullus
905 657 1024 722 flos
1061 667 1275 722 tamen
1307 679 1515 740 neque
1548 657 1767 723 lumen
1798 657 2025 734 ullum,
2060 657 2257 724 animi
2290 681 2555 745 magna,

488 753 666 820 vocis
699 775 900 840 parva
933 751 1279 828 contentio,
1335 751 1550 817 omnia
1590 751 1726 817 fere
1760 762 1832 817 ut
1865 751 2152 819 similiter
2192 764 2383 836 atque
2414 776 2555 818 uno

487 847 679 913 modo
733 847 1108 912 dicerentur.
1213 867 1364 910 nam
1415 844 1603 910 huius
1667 845 1949 930 aequalis
2002 857 2069 912 et
2111 845 2407 912 inimicus
2462 844 2551 914 C.

474 940 776 1007 Fimbria
806 963 936 1006 non
977 940 1069 1006 ita
1103 938 1213 1004 diu
1253 939 1489 1004 iactare
1524 961 1594 1005 se
1627 938 1863 1026 potuit·
1915 938 2025 1024 qui
2058 940 2273 1005 omnia
2310 963 2553 1028 magna

487 1056 645 1101 voce
679 1034 927 1112 dicens,
980 1034 1320 1100 verborum
1355 1054 1509 1100 sane
1562 1032 1871 1098 bonorum
1905 1054 2097 1098 cursu
2125 1035 2467 1118 quodam
2447 1059 2550 1100 m·-

487 1128 678 1196 citato
713 1129 804 1194 ita
835 1128 1091 1215 furebat
1125 1138 1366 1205 tamen,
1408 1137 1482 1192 ut
1513 1127 1813 1194 mirarere
1846 1138 1979 1192 tam
2022 1128 2179 1194 alias
2210 1152 2315 1195 res
2353 1153 2549 1218 agere

371 1247 452 1290 234
483 1222 816 1309 populum,
870 1208 942 1287 ut
975 1232 1148 1288 esset
1198 1221 1425 1289 insano
1455 1220 1621 1287 inter
1676 1221 1946 1286 disertos
1980 1221 2180 1287 locus.
2270 1221 2393 1290 Cn.
2430 1248 2547 1288 au·
2750 1264 2765 1676 †

486 1327 611 1381 tem
648 1314 966 1381 Lentulus
1001 1315 1204 1382 multo
1255 1316 1561 1382 maiorem
1613 1315 1975 1402 opinionem
2008 1315 2259 1382 dicendi
2294 1318 2545 1384 actione

388 1425 391 1432 '
483 1409 784 1487 faciebat,
825 1432 1018 1494 quam
1053 1421 1292 1494 quanta
1322 1409 1391 1475 in
1426 1432 1503 1475 eo
1538 1409 1809 1474 facultas
1845 1419 2011 1474 erat:
2047 1409 2155 1494 qui
2190 1433 2336 1476 cum
2370 1423 2545 1477 esset
2654 1464 2658 1466 -

482 1523 604 1566 nec
653 1514 1019 1588 peracutus,
1075 1525 1459 1588 quamquam
1502 1513 1567 1568 et
1600 1525 1681 1568 ex
1724 1503 1887 1568 facie
1920 1513 1986 1570 et
2021 1526 2102 1569 ex
2145 1504 2323 1570 voltu
2366 1505 2544 1570 vide-

483 1597 696 1676 batur,
741 1619 860 1664 nec
895 1599 1227 1664 abundans
1264 1598 1505 1676 verbis,
1551 1597 1673 1663 etsi
1715 1597 1977 1663 fallebat
2017 1597 2085 1662 in
2118 1621 2197 1664 eo
2229 1599 2401 1685 ipso,
2446 1600 2541 1664 sic

482 1689 830 1756 intervallis
844 1741 861 1769 ,
915 1691 1509 1770 exclamationibus,
1563 1713 1721 1756 voce
1778 1691 1956 1756 suavi
2002 1703 2067 1756 et
2116 1712 2375 1772 canora,
2428 1694 2541 1758 ad·-

481 1784 770 1861 miranda
803 1786 1110 1873 dignitate
1135 1787 1390 1854 valebat
1422 1786 1489 1852 in
1523 1786 1793 1872 agendo,
1828 1797 1901 1850 ut
1934 1808 2029 1864 ea,
2067 1807 2227 1870 quae
2258 1787 2537 1864 deerant,

481 1899 611 1943 non
644 1906 650 1914 ·
680 1879 1204 1946 desiderarentur.
1317 1881 1435 1958 ita,
1507 1890 1830 1964 tamquam
1892 1877 2089 1947 Curio
2158 1881 2341 1967 copia
2407 1905 2537 1946 non

481 1971 658 2036 nulla
690 1975 1056 2051 verborum,
1091 1974 1268 2039 nullo
1302 1974 1427 2040 alio
1461 1976 1661 2052 b0n0,
1719 1975 1921 2040 tenuit
1954 1985 2269 2043 oratorum
2300 1974 2533 2051 locum,

378 2087 457 2128 235
487 2064 579 2129 sic
612 2065 929 2130 Lentulus
984 2077 1334 2134 ceterarum
1387 2067 1691 2132 virtutum
1742 2068 1993 2134 dicendi
2040 2066 2534 2132 mediocritatem
2763 2129 2764 2138 ,

483 2156 728 2222 actione
781 2158 1147 2237 occultavit,
1199 2160 1267 2224 in
1321 2182 1451 2244 qua
1500 2162 1815 2228 excellens
1869 2162 2016 2240 fuit3
2074 2181 2279 2246 neque
2330 2155 2537 2228 multo
2760 2145 2765 2168 ⁸

372 2281 378 2287 ·
451 2324 464 2339 Ι
481 2270 666 2316 secus
700 2251 779 2317 P.
816 2252 1164 2333 Lentulus,
1219 2254 1397 2321 cuius
1434 2265 1499 2325 et
1534 2256 1935 2343 excogitandi
1970 2265 2035 2324 et
2074 2254 2376 2339 loquendi
2408 2266 2539 2321 tar-

481 2342 742 2411 ditatem
787 2347 1046 2433 tegebat
1086 2348 1329 2416 formae
1374 2350 1679 2437 dignita-s,
1734 2350 2012 2459 corporis
2056 2360 2265 2415 motus
2310 2349 2537 2437 plenus

482 2449 548 2504 et
599 2438 751 2505 artis
805 2451 872 2505 et
921 2443 1301 2521 venustatis,
1356 2444 1532 2509 vocis
1588 2455 1652 2509 et
1697 2443 1976 2510 suavitas
2030 2453 2095 2509 et
2142 2444 2535 2553 magnitudO,

483 2532 650 2599 sed
631 2556 697 2597 m
731 2532 854 2599 hoc
887 2534 1043 2599 nihil
1090 2547 1340 2623 praeter
1383 2538 1695 2603 actionem
1738 2537 1886 2615 fuit,
1940 2547 2151 2602 cetera
2194 2538 2385 2603 etiam
2419 2539 2537 2603 mi-

377 2622 444 2675 67
480 2648 636 2691 nora
671 2650 862 2710 quam
903 2628 971 2691 in
1017 2630 1360 2716 superiore.
1411 2630 1544 2695 M.
1580 2630 1735 2697 Piso
1780 2586 2087 2715 quidquid
2118 2631 2369 2709 habuit,
2426 2632 2537 2697 ha-

367 2694 446 2734 ²⁸⁶
478 2720 617 2784 buit
651 2742 732 2785 ex
768 2721 1100 2808 disciplina
1132 2724 1533 2807 maximeque
1581 2747 1663 2793 ex
1696 2725 2018 2801 omnibus,
2074 2725 2183 2808 qui
2218 2737 2363 2791 ante
2398 2727 2537 2791 fue-

477 2826 654 2892 runt,
713 2813 977 2883 Graecis
1031 2815 1333 2883 doctrinis
1387 2818 1669 2885 eruditus
1722 2820 1861 2901 fuit.
1946 2819 2169 2885 habuit
2221 2843 2261 2885 a
2311 2831 2535 2885 natura

479 2930 682 2993 genus
737 2910 1058 2993 quoddam
1119 2911 1423 2977 acuminis
1436 2960 1455 2989 ,
1520 2914 1691 2997 quod
1750 2914 1939 2977 etiam
1992 2922 2125 2977 arte
2184 2912 2533 2990 limaverat,

481 3001 653 3086 quod
686 3014 822 3067 erat
865 3004 933 3069 in
981 3004 1520 3091 reprehendendis
1566 3006 1777 3071 verbis
1822 3015 2144 3071 versutum
2180 3015 2245 3068 et
2288 3006 2534 3081 sollers,

485 3094 600 3159 sed
635 3118 826 3182 saepe
864 3096 1364 3178 stomachosum,
1418 3122 1549 3165 non
1582 3119 1925 3181 numquam
1958 3096 2284 3179 frigidum,
2338 3095 2535 3160 inter-

480 3188 633 3253 dum
665 3189 855 3255 etiam
889 3191 1186 3257 facetum.
1274 3193 1330 3259 is
1365 3194 1647 3259 laborem
1690 3191 1870 3273 quasi
1914 3211 2167 3253 cursum
2209 3190 2529 3255 forensem

480 3281 716 3348 diutius
752 3306 880 3349 non
917 3284 1086 3364 tulit,
1139 3288 1310 3370 quod
1349 3298 1415 3352 et
1448 3307 1707 3371 corpore
1760 3295 1895 3348 erat
1937 3282 2184 3347 infirmo
2230 3295 2295 3348 et
2327 3284 2533 3349 homi-

478 3398 632 3440 num
665 3376 935 3463 ineptias
973 3398 1050 3443 ac
1084 3381 1410 3458 stultitias,
1465 3400 1625 3462 quae
1680 3376 2079 3444 devorandae
2128 3377 2315 3443 nobis
2362 3388 2531 3456 sunt,
2762 3332 2765 3433 l

478 3491 608 3534 non
667 3470 914 3537 ferebat
973 3471 1458 3557 iracundiasque
1519 3470 1862 3558 respuebat
1924 3472 2058 3537 sive
2118 3494 2399 3549 morose,
2457 3484 2531 3536 ut
2762 3496 2764 3507 ¹

477 3563 845 3649 putabatur,
901 3565 1037 3631 sive
1089 3567 1364 3654 ingenuo
1416 3565 1741 3651 liberoque
1791 3566 2078 3632 fastidio:
2130 3566 2343 3649 itaque
2385 3587 2528 3631 cum

479 3654 636 3721 satis
695 3658 1016 3726 floruisset
1075 3661 1481 3737 adulescens,
1552 3660 1757 3725 minor
1817 3660 2041 3727 haberi
2100 3669 2199 3725 est
2267 3669 2528 3745 coeptus

479 3762 732 3836 postea3
787 3752 1016 3817 deinde
1052 3776 1134 3819 ex
1168 3752 1484 3839 virginum
1526 3754 1759 3819 iudicio
1801 3776 2102 3840 magnam
2142 3751 2396 3817 laudem
2430 3762 2527 3817 est

481 3844 750 3930 adeptus
807 3856 872 3911 et
923 3870 1004 3911 ex
1055 3870 1132 3920 eo
1185 3858 1469 3934 tempore
1530 3848 1711 3932 quasi
1769 3858 2103 3914 revocatus
2154 3845 2223 3910 in
2274 3868 2528 3913 cursum

478 3936 680 3999 tenuit
711 3937 924 4002 locum
956 3950 1087 4003 tam
1122 3939 1250 4019 diu,
1285 3962 1479 4026 quam
1512 3941 1676 4006 ferre
1710 3941 1914 4027 potuit
1938 3940 2249 4017 laborem3
2285 3949 2529 4025 postea,

477 4038 786 4107 quantum
839 4031 1114 4095 detraxit
1163 4056 1243 4099 ex
1297 4034 1535 4113 studio,
1598 4044 1841 4099 tantum
1902 4031 2114 4099 amisit
2164 4054 2247 4097 ex
2306 4030 2527 4118 gloria.
