2784 4575
802 310 909 365 DE
947 306 1311 365 ORATORE
1346 310 1456 364 ΙΙΙ.
1495 310 1802 365 102—110.
2206 300 2328 364 167

274 456 470 521 quam
520 434 758 521 proprii
810 454 1143 499 causarum
1188 443 1252 497 et
1293 432 1694 499 inhaerentes
1739 432 1808 499 in
1850 456 2066 500 earum
2115 434 2330 501 nervis

274 550 423 596 esse
458 528 718 606 debent,
772 538 987 593 tamen
1038 525 1187 611 quia
1221 526 1301 592 de
1335 526 1635 593 universa
1685 549 1755 593 rc
1807 528 2061 593 tractari
2105 528 2330 607 solent',

272 644 644 688 communes
682 644 722 687 a
754 620 1075 688 veteribus
1110 620 1418 687 nominati
1451 631 1648 700 sunt3=
1663 642 1930 705 quorum
1955 622 2184 709 partim
2218 622 2332 688 ha-

273 718 433 782 bent
464 715 759 783 vitiorum
794 728 860 783 et
890 726 1296 803 peccatorum
1330 736 1544 781 acrem
1577 716 1895 800 quandam
1931 738 2076 781 cum
2111 716 2334 803 ampli-

272 810 569 877 ficatione
619 812 1078 878 incusationem
1130 822 1241 875 aut
1274 810 1649 895 querellam,
1703 820 1924 876 contra
1946 831 2166 920 ‘quam
2209 810 2334 876 dici

273 904 435 970 nihil
472 905 636 971 solet
676 926 796 971 nec
836 916 1077 991 potest,
1128 916 1203 969 ut
1243 904 1311 969 in
1354 904 1890 1013 depeculatorem,
1943 903 2012 970 in
2053 905 2333 991 prodito-

272 1020 439 1077 rem,
501 997 570 1063 in
622 998 1029 1085 parricidam3
1094 998 1323 1081 quibus
1374 998 1470 1063 uti
1523 998 1904 1064 confirmatis
1965 999 2330 1065 criminibus

272 1102 554 1177 oportet,
612 1093 791 1158 aliter
825 1092 995 1157 enim
1028 1092 1223 1157 ieiuni
1258 1103 1408 1157 sunt
1441 1102 1630 1201 atque
1673 1093 1924 1171 inanes3
1979 1094 2084 1159 alii
2121 1104 2330 1159 autem

276 1184 515 1249 habent
566 1185 1073 1272 deprecationem
1117 1196 1227 1251 aut
1268 1186 1764 1265 miserationem3
1818 1186 1923 1251 alii
1967 1208 2118 1253 vero
2162 1188 2332 1252 anci-

272 1276 427 1363 pitis
486 1278 951 1365 disputationes
964 1326 982 1357 ,
1052 1280 1120 1343 in
1182 1279 1411 1365 quibus
1473 1280 1553 1349 de
1615 1280 1911 1346 universo
1971 1302 2204 1367 genere
2263 1280 2332 1345 in

274 1382 607 1456 utramque
658 1384 903 1459 partem
956 1372 1181 1437 disseri
1234 1372 1490 1459 copiose
1533 1372 1682 1437 licet
1687 1397 1706 1451 3
1761 1394 1922 1457 quae
1968 1374 2332 1441 exercitatio

274 1486 447 1529 nune
496 1465 752 1552 propria
804 1467 1070 1531 duarum
1128 1464 1703 1551 philosophiarum,
1767 1466 1848 1532 de
1901 1468 2130 1552 quibus
2184 1478 2330 1533 ante

274 1558 438 1636 dixi,
474 1568 760 1644 putatur,
798 1560 969 1646 apud
1004 1560 1295 1643 antiquos
1332 1569 1469 1623 erat
1503 1580 1748 1637 eorum,
1785 1583 1828 1626 a
1857 1562 2086 1645 quibus
2123 1562 2328 1627 omnis

270 1653 356 1717 de
388 1653 579 1717 rebus
632 1653 993 1719 forensibus
1032 1653 1283 1721 dicendi
1314 1652 1477 1719 ratio
1513 1664 1575 1719 et
1612 1654 1797 1739 copia
1830 1656 2166 1740 petebatur
2173 1680 2192 1733 3
2249 1656 2330 1719 de

275 1745 505 1810 virtute
540 1746 739 1825 enim,
784 1746 865 1811 de
901 1745 1140 1825 officio,
1194 1746 1275 1812 de
1314 1767 1518 1831 aequo
1554 1758 1618 1812 et
1650 1749 1846 1825 bono,
1885 1746 1965 1813 de
2001 1746 2327 1834 dignitate,

270 1838 569 1918 utilitate,
624 1839 893 1919 honore,
946 1840 1322 1927 ignominia,
1374 1840 1686 1926 praemio,
1737 1863 1946 1928 poena
1990 1840 2330 1907 similibus-

266 1954 397 2017 que
425 1932 505 1998 de
530 1934 720 2000 rebus
748 1935 817 2000 in
838 1946 1170 2020 utramque
1194 1944 1442 2021 partem
1466 1933 1718 2000 dicendi
1744 1934 1987 2001 animos
2013 1945 2080 2001 et
2102 1935 2232 2001 vim
2267 1945 2332 2001 et

268 2038 472 2093 artem
504 2027 741 2095 habere
793 2029 1128 2107 debemus3
1185 2029 1300 2094 sed
1344 2028 1645 2113 quoniam
1689 2028 1770 2095 dc
1812 2039 2032 2094 nostra
2073 2051 2330 2115 posscs-

268 2121 449 2187 sione
485 2121 737 2210 depulsi
770 2122 836 2189 in
870 2146 1069 2210 parvo
1105 2134 1170 2189 et
1204 2145 1280 2189 eo
1314 2122 1594 2209 litigioso
1627 2122 1950 2209 praediolo
1985 2123 2187 2188 relicti
2223 2145 2329 2188 su·-

270 2238 417 2280 mus
452 2226 519 2281 et
552 2218 817 2283 aliorum
849 2217 1100 2306 patroni
1133 2227 1353 2283 nostra
1386 2229 1601 2283 tenere
1635 2216 1922 2302 tuerique
1955 2240 2088 2283 non
2119 2215 2328 2305 potui-

266 2331 442 2387 mus,
480 2311 561 2376 ab
597 2311 711 2390 eis,
748 2312 920 2395 quod
952 2312 1464 2399 indignissimum
1499 2324 1616 2391 est,
1651 2313 1762 2397 qui
1793 2312 1863 2378 in
1895 2323 2182 2394 nostrum
2215 2334 2330 2399 pae-

266 2402 633 2466 trimonium
683 2404 1082 2491 inruperunt,
1137 2406 1309 2489 quod
1350 2428 1512 2493 opus
1559 2417 1658 2471 est
1706 2406 1892 2472 nobis
1945 2417 2324 2471 mutuemur.

266 2497 489 2561 dicunt
520 2496 715 2582 igitur
747 2517 917 2562 nunc
951 2498 1207 2581 quidem
1240 2499 1351 2577 illi,
1389 2498 1500 2581 qui
1531 2519 1616 2564 ex
1649 2497 1957 2585 particula
1989 2521 2188 2586 parva
2219 2521 2326 2563 ur·
2360 2499 2440 2610 3089

268 2590 371 2654 bis
424 2610 500 2654 ac
549 2589 673 2654 loci
716 2611 950 2655 nomen
984 2592 1221 2656 habent
1264 2603 1329 2657 et
1359 2591 1769 2678 Peripatetici
1819 2591 2181 2700 philosophi
2216 2602 2328 2656 aut

266 2680 643 2747 Academici
674 2682 1105 2760 nominantur,
1158 2683 1307 2748 olim
1344 2693 1556 2747 autem
1591 2693 1848 2769 propter
1898 2683 2194 2749 eximiam
2226 2705 2328 2748 re-

264 2799 411 2842 rum
452 2776 871 2841 maximarum
926 2775 1255 2842 scientiam
1299 2799 1339 2842 a
1372 2775 1640 2842 Graecis
1685 2775 1925 2862 politici
1965 2777 2327 2864 philosophi

268 2865 569 2956 appellati
618 2869 1061 2934 universarum
1113 2891 1325 2935 rerum
1384 2869 1783 2956 publicarum
1834 2870 2088 2935 nomine
2137 2891 2330 2937 voca-

266 2965 519 3042 bantur,
558 2985 810 3028 omnem
846 2963 1097 3030 civilem
1132 2963 1482 3030 orationem
1515 2959 1582 3028 in
1616 2963 1842 3030 horum
1879 2963 2180 3031 alterutro
2215 2987 2328 3051 ge-

262 3078 417 3122 nere
454 3057 723 3124 versari:
777 3068 888 3123 aut
920 3057 1001 3124 de
1036 3058 1217 3123 finita
1248 3057 1685 3124 controversia
1714 3056 1900 3124 certis
1936 3058 2324 3144 temporibus

263 3171 347 3216 ac
378 3151 503 3216 reis
515 3175 534 3230 3
578 3151 701 3218 hoc
732 3153 954 3219 modos
1005 3153 1335 3239 placeatne
1372 3175 1413 3218 a
1445 3149 2090 3238 Karthaginiensibus
2127 3152 2328 3238 capti-

267 3267 383 3309 vos
418 3255 672 3311 nostros
717 3246 979 3312 redditis
1028 3246 1161 3312 suis
1202 3245 1602 3333 recuperari?
1653 3255 1761 3310 aut
1795 3243 2036 3310 infinite
2072 3244 2152 3310 de
2183 3245 2327 3309 uni-

266 3355 455 3402 verso
508 3359 746 3424 genere
795 3341 1184 3423 quaerentisx
1246 3341 1402 3424 quid
1451 3339 1708 3406 omnino
1762 3339 1841 3404 de
1896 3337 2144 3426 captivo
2197 3351 2328 3404 sta-

264 3428 577 3493 tuendum
612 3451 687 3494 ac
722 3433 1122 3498 sentiendum
1156 3433 1278 3498 sit?
1330 3445 1522 3518 atque
1566 3432 1791 3498 horum
1845 3431 2134 3519 superius
2168 3430 2328 3496 illud

263 3543 474 3612 genus
521 3543 779 3590 causam
831 3538 943 3590 aut
992 3527 1487 3595 controversiam
1543 3527 1864 3614 appellant
1915 3546 2182 3611 eamque
2216 3527 2327 3595 tri-

266 3617 418 3695 bus,
453 3615 565 3682 lite
598 3627 708 3681 aut
742 3616 1192 3686 deliberatione
1226 3631 1337 3686 aut
1369 3620 1760 3699 laudatione,
1797 3620 2104 3686 definiunt
2109 3645 2128 3698 3
2165 3619 2327 3685 haec

266 3722 479 3776 autem
514 3711 715 3776 altera
748 3713 1035 3796 quaestio
1062 3713 1309 3778 infinita
1342 3723 1409 3780 et
1441 3714 1627 3799 quasi
1653 3713 1981 3800 proposita
2006 3713 2326 3779 consulta-

2366 1119 2444 1161 10³1

2364 2055 2443 2099 108

262 3805 355 3871 tio
384 3805 772 3885 nominatum
810 3817 999 3891 atque
1024 3805 1373 3894 [hactenus¹
1386 3804 1754 3893 loquuntur]
1777 3806 1896 3872 hac
1923 3807 2113 3874 etiam
2129 3808 2196 3872 in
2223 3807 2322 3872 in-
2355 3835 2440 3876 uo

264 3897 585 3966 stituendo
606 3901 915 3967 divisione
940 3911 1219 3980 mantnt,
1247 3902 1363 3967 sed
1386 3902 1496 3981 ita,
1521 3923 1653 3970 non
1677 3912 1750 3966 ut
1773 3901 1909 3966 iure
1937 3911 2046 3966 aut
2068 3899 2320 3979 iudicio,

268 3990 335 4055 vi
394 3992 665 4078 denique
724 4015 1101 4083 recuperare
1163 3996 1463 4062 amissam
1522 3995 2020 4083 possessionem,
2084 3996 2199 4062 sed
2248 4007 2322 4060 ut

262 4079 432 4170 {iure
462 4086 658 4174 civili]
690 4090 939 4157 surculo
974 4089 1391 4177 defringendo
1425 4111 1734 4176 usurpare
1768 4089 2116 4156 videantur.
2169 4113 2324 4156 nam
