2784 4575
758 261 863 315 DE
899 257 1386 317 INVENTIONE
1422 259 1469 317 1.
1502 259 1742 316 33—35.
2150 247 2275 314 123

431 407 509 452 eo
543 386 731 473 pacto
766 395 831 450 et
864 383 1041 471 gnati
1075 383 1272 450 vitam
1305 393 1371 448 et
1404 382 1737 448 consilium
1770 405 1984 450 meum

433 499 780 567 cognosces
817 489 882 543 et
916 476 1070 561 quid
1101 477 1312 543 facere
1346 476 1416 540 in
1450 477 1571 542 hac
1602 499 1675 543 re
1710 487 1773 542 te
1806 478 2017 542 velim.

209 575 432 659 itaque
465 595 657 658 quem
681 572 766 638 ad
789 572 1052 637 modum
1085 572 1154 636 in
1177 571 1515 658 partitione
1541 572 1890 660 proposuit,
1924 569 2017 638 ita
2039 583 2273 651 narrat,

208 669 491 756 primum
525 668 722 732 vitam
755 666 896 731 filii:

430 785 580 827 nam
612 761 670 826 is
703 772 1046 848 postquam
1081 758 1358 825 excessit
1384 782 1474 834 ‚ex
1508 759 1802 846 ephebis,

213 857 445 922 deinde
483 878 670 920 suum
707 854 1068 920 consilium.
1052 878 1068 895 ·

433 961 498 1015 et
530 970 702 1014 nunc
733 947 802 1013 id
837 971 1098 1035 operam
1131 948 1266 1013 do.

213 1043 448 1109 deinde
485 1042 640 1126 quid
675 1039 930 1108 Sosiam
964 1041 1121 1108 velit
1152 1041 1391 1119 facere,
1427 1041 1497 1106 id
1530 1043 1704 1126 quod
1734 1053 2127 1128 postremum
2160 1063 2277 1128 po·

211 1137 345 1202 suit
377 1137 445 1201 in
478 1135 842 1222 partitione,
878 1146 1270 1223 postremum
1305 1134 1489 1199 dicit.

431 1252 601 1298 nunc
635 1241 814 1296 tuum
849 1241 950 1296 est
983 1229 1316 1296 officium.

213 1347 406 1410 quem
439 1326 526 1390 ad
557 1325 820 1391 modum
860 1324 1055 1410 igitur
1097 1323 1202 1388 hic
1245 1334 1310 1388 et
1330 1277 1427 1388 ad
1468 1323 1737 1408 primam
1780 1345 2097 1409 quamque
2130 1346 2277 1411 par-

212 1432 346 1486 tem
379 1421 654 1506 primum
699 1419 970 1484 accessit
1003 1429 1068 1484 et
1102 1417 1394 1484 omnibus
1442 1417 1747 1483 absolutis
1788 1419 1985 1483 finem
2027 1417 2277 1484 dicendi

212 1513 397 1592 fecit,
459 1513 554 1577 sic
603 1511 788 1577 nobis
841 1511 1054 1596 placet
1103 1521 1169 1576 et
1221 1510 1305 1575 ad
1367 1509 1654 1596 singulas
1717 1511 1915 1597 partis
1978 1511 2278 1576 accedere

213 1617 282 1672 et
333 1605 628 1672 omnibus
681 1605 988 1670 absolutis
1040 1625 1356 1690 perorare.
1460 1625 1631 1668 nunc
1672 1604 1752 1669 de
1802 1595 2277 1671 confirmatione

214 1701 548 1788 deinceps,
599 1699 692 1764 ita
740 1709 813 1764 ut
865 1700 1020 1766 ordo
1073 1697 1213 1785 ipse
1263 1697 1574 1786 postulat,
1626 1696 2141 1785 praecipiendum
2184 1697 2279 1762 vi-

213 1796 422 1861 detur.

337 1887 752 1956 Confirmatio
786 1853 904 1967 est,
939 1910 1056 1975 per
1091 1909 1283 1972 quam
1309 1887 1813 1974 argumentando
1838 1895 2095 1952 nostrae
2130 1906 2279 1950 cau-
2312 1885 2382 1940 24

213 2006 326 2048 sae
360 1983 554 2049 fidem
599 1993 666 2048 et
707 1981 1148 2048 auctoritatem
1191 1992 1255 2047 et
1295 1981 1763 2050 firmamentum
1806 1980 2095 2067 adiungit
2137 1957 2375 2044 ora-⁸⁴

211 2076 322 2143 tio.
411 2077 598 2143 huius
643 2077 842 2163 partis
887 2087 1062 2142 certa
1105 2088 1254 2141 sunt
1293 2086 1661 2163 praecepta,
1708 2096 1873 2159 quae
1914 2074 1983 2139 in
2026 2073 2279 2160 singula

213 2192 554 2236 causarum
597 2170 958 2236 dividentur
1009 2192 1272 2257 genera3
1327 2192 1551 2235 verum
1602 2179 1816 2236 tamen
1864 2191 1994 2235 non
2036 2167 2271 2234 incom-

211 2265 474 2331 modum
507 2264 756 2331 videtur
791 2263 1110 2350 quandam
1154 2263 1382 2331 silvam
1428 2275 1616 2349 atque
1660 2262 1989 2330 materiam
2022 2261 2277 2329 univer-

215 2381 352 2425 sam
405 2370 552 2425 ante
609 2357 1016 2445 [permixtam
1071 2370 1136 2428 et
1189 2358 1551 2445 confusam]
1616 2380 1933 2447 exponere
1994 2358 2277 2425 omnium

211 2454 855 2543 argumentationum,
909 2463 1058 2540 post
1093 2463 1305 2519 autem
1339 2453 1617 2530 tradere,
1672 2473 1863 2537 quem
1898 2451 1983 2516 ad
2012 2450 2277 2516 modum

211 2570 411 2613 unum
443 2548 742 2631 quodque
778 2568 1010 2612 causae
1045 2567 1249 2632 genus
1285 2546 1435 2609 hinc
1460 2546 1753 2611 omnibus
1790 2543 2276 2631 argumentandi

209 2640 560 2706 rationibus
597 2640 812 2703 tractis
851 2637 1210 2703 confirmari
1244 2648 1555 2725 oporteat.

337 2732 586 2799 Omnes
637 2754 742 2797 res
798 2731 1249 2797 confirmantur
1301 2741 1414 2797 aut
1464 2754 1546 2796 ex
1598 2752 1703 2809 eo,
1761 2731 1931 2815 quod
1965 2732 2276 2817 personis,

213 2837 324 2893 aut
375 2850 457 2893 ex
507 2848 614 2904 eo,
668 2826 843 2910 quod
891 2824 1166 2911 negotiis
1221 2835 1320 2891 est
1373 2824 1763 2904 attributum.
1862 2845 1937 2889 ao
1986 2824 2277 2910 personis

211 2921 328 2987 has
355 2943 484 2986 ‚res
537 2920 872 2987 attributas
924 2930 1254 3007 putamus:
1315 2942 1579 2997 nomen,
1633 2928 1954 2997 naturam,
2016 2917 2274 2997 victum,

210 3015 559 3094 fortunam,
605 3014 921 3094 habitum,
968 3014 1423 3093 adfectionem,
1472 3012 1711 3091 studia,
1756 3012 2045 3092 consilia,
2083 3012 2273 3092 facta,

211 3131 427 3189 casus,
475 3110 816 3177 orationes.
905 3131 1140 3176 nomen
1175 3120 1302 3188 est,
1350 3109 1522 3193 quod
1554 3107 1667 3173 uni
1704 3107 1928 3192 cuique
1962 3129 2275 3195 personae

209 3204 420 3283 datur,
467 3227 592 3290 quo
629 3228 748 3272 suo
785 3226 1074 3289 quaeque
1109 3203 1368 3291 proprio
1405 3214 1471 3269 et
1504 3213 1676 3269 certo
1690 3262 1695 3267 .
1711 3200 2022 3269 vocabulo
2058 3202 2276 3290 appel-

209 3299 392 3363 latur.
489 3309 779 3365 naturam
831 3299 1043 3387 ipsam
1095 3298 1358 3365 definire
1410 3297 1669 3363 difficile
1720 3308 1821 3365 est
1827 3320 1848 3375 ς
1908 3296 2109 3384 partis
2164 3320 2277 3362 au-

212 3403 339 3457 tem
403 3392 540 3457 eius
601 3414 969 3459 enumerare
1023 3415 1164 3471 eas,
1235 3414 1503 3477 quarum
1563 3391 1921 3479 indigemus
1976 3391 2059 3456 ad
2111 3390 2277 3455 hanc

208 3486 742 3573 praeceptionem,
797 3488 1046 3553 facilius
1099 3497 1218 3553 est.
1325 3510 1440 3553 eae
1486 3497 1699 3553 autem
1749 3484 1983 3573 partim
2036 3483 2270 3562 divino,
2318 3510 2369 3553 ³5

207 3580 438 3693 partim
496 3580 748 3647 mortali
804 3580 873 3646 in
933 3602 1166 3667 genere
1226 3591 1588 3661 versantur,
1652 3580 2012 3648 mortalium
2064 3586 2276 3642 autem

207 3698 354 3762 pars
407 3674 476 3741 in
529 3674 884 3755 hominum,
939 3698 1090 3761 pars
1143 3674 1211 3739 in
1242 3630 1594 3741 bestisi-uni
1654 3696 1887 3761 genere
1938 3693 2277 3738 numeran-

211 3781 328 3837 tur.
469 3781 660 3856 atque
731 3769 1059 3837 hominum
1135 3792 1342 3857 genus
1416 3780 1482 3835 et
1548 3769 1617 3833 in
1688 3790 1846 3834 sexu
1916 3764 2277 3831 considera-

210 3874 337 3942 tur,
391 3865 568 3931 virile
606 3889 689 3931 an
722 3864 1030 3931 muliebre
1063 3864 1177 3943 sit,
1231 3876 1298 3930 et
1329 3864 1401 3929 in
1432 3863 1708 3941 natione,
1760 3860 1985 3948 patria,
2038 3881 2279 3945 cogna-

211 3956 405 4036 tione,
443 3970 670 4026 aetate.
758 3958 1018 4026 natione
1053 3956 1290 4025 Graius
1329 3981 1414 4023 an
1446 3956 1786 4033 barbarus3
1829 3952 2035 4041 patria
2068 3952 2275 4019 Athe·-

209 4051 446 4118 niensis
485 4076 568 4119 an
602 4053 1188 4133 Lacedaemonius3
1225 4044 1607 4139 cognatione
1642 4049 1872 4135 quibus
1908 4046 2271 4127 maioribus,
