2784 4575
520 237 651 306 370
958 203 977 253 ⁵
1138 241 1528 302 M.'1·ULL11
1563 238 2004 298 emanoms

522 387 656 439 tare
690 393 821 439 non
851 379 1101 460 posset,
1136 387 1344 452 neque
1380 358 1514 432 tam
1547 375 1894 444 amentem,
1927 373 2002 430 ut
2016 386 2278 451 poenas
2319 385 2408 434 ac
2443 365 2620 430 iudi-

422 495 501 538 ιιο
526 467 627 532 cia
668 473 1117 532 contemneret.
1202 461 1658 546 consequentia
1707 469 1952 526 autem·
1949 457 2165 524 diluet
2205 461 2617 547 exponendo

524 581 657 626 non
698 581 845 626 esse
894 559 1009 624 illa
1056 567 1231 624 certa
1270 553 1508 625 indicia
1558 553 1740 632 facti,
1793 572 1958 638 quae
2009 553 2202 618 etiam
2251 553 2450 620 nullo
2503 555 2617 620 ad-

522 675 725 720 misso
776 651 1081 738 consequi
1129 661 1424 739 possent,
1477 647 1908 733 consistetque
1955 647 2026 714 in
2077 646 2358 734 singulis
2413 659 2498 715 et
2539 672 2616 714 ea

524 758 638 814 aut
670 769 917 826 eorum,
970 765 1135 831 quae
1166 745 1307 832 ipse
1341 745 1514 810 facta
1547 763 1692 810 esse
1733 742 1933 821 dicet,
1985 742 2242 830 propria
2294 764 2460 810 esse
2503 743 2612 808 de-

524 841 745 907 fendet
785 839 1015 933 potius
1034 859 1227 924 quam
1270 835 1578 916 criminis,
1615 845 1753 916 aut,
1790 833 1848 902 si
1882 835 2003 904 sibi
2039 854 2184 901 eum
2217 848 2610 903 accusatore

424 923 427 926 ⁴
524 933 888 1001 communia
921 927 1165 1012 essent,
1215 953 1335 1019 pro
1366 929 1651 1018 periculo
1684 929 1900 1018 potius
1933 949 2125 1014 quam
2157 939 2392 996 contra
2423 929 2608 996 salu-

522 1040 655 1094 tem
704 1027 919 1094 valere
980 1027 1242 1105 debere3
1313 1024 1696 1134 testiumque
1748 1033 1814 1090 et
1872 1021 2317 1108 quaestionum
2389 1045 2603 1111 genus

522 1121 893 1188 universum
926 1131 993 1186 et
1023 1119 1237 1205 quoad
1267 1117 1504 1206 poterit
1534 1118 1602 1185 in
1647 1116 1916 1206 singulis
1949 1137 2033 1183 cx
2073 1114 2601 1206 reprehensionis

425 1245 498 1286 ιιι
526 1214 715 1294 loeis,
769 1215 850 1280 de
894 1213 1125 1298 quibus
1161 1225 1309 1279 ante
1362 1213 1605 1278 dictum
1638 1222 1764 1290 est,
1819 1211 2088 1278 refellet.
2174 1210 2414 1276 harum
2449 1233 2600 1278 cau-

530 1328 745 1373 sarum
793 1307 1107 1396 principia
1158 1306 1506 1394 suspitiosa
1538 1303 1622 1372 ad
1655 1305 2064 1372 acerbitatem
2097 1304 2183 1370 ab
2215 1315 2597 1372 accusatore

526 1411 871 1488 ponentur,
923 1401 1520 1486 denuntiabiturque
1555 1419 1890 1467 commune
1931 1399 2306 1466 insidiarum
2338 1399 2595 1488 pericu-

525 1495 661 1560 lum
696 1495 1261 1580 excitabunturque
1313 1493 1538 1574 animi,
1590 1505 1665 1560 ut
1698 1493 2026 1562 attendant
2033 1519 2054 1573 3
2108 1493 2190 1560 ab
2221 1515 2336 1560 reo
2373 1504 2594 1560 autem

526 1589 807 1674 querella
840 1588 1093 1655 conflati
1126 1588 1406 1654 criminis
1422 1592 1441 1671 ξ
1459 1587 2012 1674 conlectarumque
2065 1585 2500 1675 suspitionum
2535 1600 2594 1656 et

526 1681 916 1750 accusatoris
948 1683 1219 1750 insidiae
1256 1693 1321 1750 et
1352 1682 1508 1748 item
1551 1703 1886 1749 commune
1919 1680 2272 1770 periculum
2301 1683 2594 1770 profere-

528 1787 631 1841 tur
691 1776 1011 1861 animique
1072 1777 1156 1842 ad
1212 1775 1714 1844 misericordiam
1757 1776 2156 1852 ‚adlicientur
2209 1787 2284 1843 et
2335 1776 2590 1844 modice

524 1871 971 1936 benevolentia
1020 1870 1303 1936 iudicum
1354 1869 1726 1958 conligetur.
1809 1870 2088 1938 narratio
2139 1881 2351 1936 autem
2398 1893 2586 1938 accu-

530 1965 757 2030 satoris
822 1963 940 2029 erit
1000 1965 1185 2047 quasi
1242 1965 1645 2030 membratim
1703 1964 1872 2052 gesti
1929 1963 2170 2052 negotii
2237 1965 2592 2052 suspitiosa

529 2056 883 2142 explicatiO,
922 2057 1160 2142 sparsis
1199 2058 1492 2124 omnibus
1527 2057 1940 2145 argumentis,
1975 2057 2312 2126 obscuratis
2347 2057 2589 2122 defen-

530 2149 813 2214 sionibus
824 2175 843 2228 3
880 2149 1202 2216 defensori
1236 2163 1347 2217 aut
1369 2153 1726 2240 praeteritis
1759 2162 1873 2219 aut
1898 2149 2238 2220 obseratis
2268 2149 2590 2238 suspitio-

527 2262 680 2305 num
716 2241 1132 2329 argumentis,
1184 2263 1398 2311 rerum
1429 2246 1712 2334 ipsarum
1756 2256 2020 2314 eventus
2056 2255 2236 2315 erunt
2267 2265 2584 2331 casusque

428 2363 503 2403 ιιι
528 2337 842 2403 narrandi.
929 2337 1017 2403 ἰιι
1030 2338 1476 2407 confirmandis
1513 2352 1724 2409 autem
1755 2342 1993 2409 nostris
2027 2338 2584 2430 argumentationi-

528 2432 649 2497 bus
718 2430 1233 2519 infirmandisque
1312 2434 1640 2501 contrariis
1719 2457 1911 2523 saepe
1979 2446 2170 2501 erunt
2233 2434 2586 2501 accusatori

528 2536 739 2594 motus
794 2525 1145 2594 animorum
1196 2526 1530 2605 incitandi,
1581 2548 1692 2595 reo
1741 2527 2096 2617 mitigandi.
2183 2539 2376 2613 atque
2427 2528 2586 2594 haec

528 2620 785 2705 quidem
836 2620 1087 2707 utrique
1138 2621 1414 2688 maxime
1461 2621 1531 2686 in
1579 2622 1980 2708 peroratione
2029 2621 2352 2691 faciendaz
2407 2622 2587 2689 alteri

529 2715 1033 2797 :frequentatione
1088 2726 1603 2803 argumentorum
1637 2725 1704 2781 et
1745 2716 2222 2783 coacervatione
2254 2716 2582 2795 univer-3223

528 2806 737 2884 alteri,
810 2807 867 2874 si
918 2808 1109 2897 plane
1168 2830 1428 2875 causam
1485 2808 1927 2896 redarguendo
1998 2810 2360 2897 explicarit,
2435 2834 2584 2878 enu-

529 2900 901 2981 meratione,
964 2913 1037 2968 ut
1085 2903 1361 2989 quidque
1425 2902 1704 2983 diluerit,
1766 2914 1834 2969 et
1881 2904 2288 2973 miseratione
2339 2906 2426 2972 ad
2477 2930 2582 2973 ex-

528 3004 817 3059 tremum.

426 3083 495 3137 36
652 3084 730 3152 G.
764 3088 842 3154 F.
882 3085 1063 3155 Scire
1112 3087 1269 3154 mihi
1315 3090 1447 3155 iam
1497 3090 1718 3156 videor
1767 3112 1958 3174 quem
2001 3092 2087 3157 ad
2125 3092 2392 3160 modum
2437 3115 2582 3161 con-

428 3156 503 3195 ²²³
528 3179 768 3245 iectura
801 3182 1128 3247 tractanda
1162 3182 1273 3249 sit=
1322 3206 1496 3249 nunc
1538 3184 1618 3247 de
1663 3184 2026 3273 definitione
2060 3186 2417 3254 audiamus.
2505 3186 2580 3255 O.

526 3274 605 3340 P.
642 3276 1004 3341 communia-
1046 3276 1277 3342 dantur
1308 3277 1377 3343 in
1409 3277 1534 3343 isto
1568 3300 1804 3364 genere
1847 3280 2200 3347 accusatori
2233 3280 2582 3348 defensori-

529 3388 653 3453 que
721 3380 1087 3457 praecepta3
1166 3380 1311 3437 uter
1376 3371 1547 3437 enim
1614 3371 1972 3440 definiendo
2041 3371 2584 3461 describendoque

528 3462 723 3529 verbo
757 3463 964 3550 magis
1000 3463 1083 3529 ad
1118 3484 1377 3531 sensum
1427 3465 1652 3533 iudicis
1703 3466 2190 3555 opinionemque
2241 3470 2585 3557 penetrarit

530 3566 595 3619 et
628 3566 768 3622 uter
804 3558 887 3621 ad
938 3578 1339 3625 communem
1388 3560 1568 3625 verbi
1619 3560 1752 3627 vim
1785 3572 1850 3629 et
1883 3562 1967 3628 ad
1999 3584 2142 3629 eam
2191 3564 2585 3651 praeceptio-

528 3670 703 3727 nem,
758 3670 947 3734 quam
998 3648 1361 3719 inchoatam
1414 3652 1810 3720 habebunt
1787 3678 1857 3721 m
1907 3655 2134 3723 animis
2177 3656 2267 3737 ei,
2321 3658 2431 3743 qui
2476 3680 2584 3725 au-

530 3741 731 3821 dient,
792 3744 999 3831 magis
1053 3755 1119 3811 et
1166 3746 1431 3834 propius
1497 3748 1864 3828 accesserit,
1925 3746 1983 3816 is
2045 3750 2258 3817 vincat
2317 3772 2582 3818 necesse

422 3862 498 3903 ιιι
534 3848 661 3915 est3
714 3858 847 3903 non
897 3837 1066 3905 enim
1120 3842 1623 3927 argumentando
1676 3836 1981 3909 tractatur
2022 3843 2148 3910 hcc
2177 3863 2414 3956 genua,
2469 3846 2583 3911 sed

530 3940 852 4015 tamquam
896 3933 1271 4017 explicando
1312 3934 1832 4021 excutiendoque
1851 3936 2074 4016 verbo,
2125 3948 2226 4017 ut,
2279 3939 2336 4003 si
2369 3938 2438 4005 in
2470 3961 2579 4006 reo

530 4022 800 4101 pecunia
860 4024 1147 4089 absoluto
1214 4048 1562 4111 rursusque
1619 4041 1918 4097 revocato
1975 4030 2580 4119 praevaricationem
