2784 4575
363 401 432 455 18

374 1647 426 1688 28

465 261 550 327 26
957 271 1378 331 CORNIFICII
1412 270 2033 331 RHETORIOORUM

589 396 908 505 Quoniam
951 395 1108 461 satis
1154 396 1510 461 ostendisse
1555 395 1871 473 videmur,
1909 395 2138 479 quibus
2183 420 2525 483 argumen-

370 473 809 557 ²⁷tationibus
861 490 930 555 in
979 512 1108 555 uno
1171 510 1423 574 quoque
1484 512 1716 575 genere
1771 510 2002 555 causae
2060 489 2372 557 iudicialis
2424 493 2522 557 uti

467 584 850 663 conveniret,
887 584 1192 667 consequi
1225 583 1493 661 videtur,
1528 595 1601 647 ut
1634 583 2004 661 doceamus,
2042 606 2232 667 quem
2268 585 2351 649 ad
2382 608 2524 653 mo-

467 680 621 743 dum
665 678 1242 765 argumentationes
1295 688 1515 743 ornate
1558 689 1623 743 et
1668 678 1956 743 absolute
2001 688 2270 744 tractare
2312 681 2525 766 possi-

466 796 628 839 mus.
700 796 850 838 nam
885 773 1018 837 fere
1053 794 1183 836 non
1219 770 1474 835 difficile
1510 782 1612 837 est
1643 772 1945 849 invenire,
1983 772 2137 855 quid
2171 774 2255 839 sit
2288 795 2525 841 causac

469 868 858 944 adimente,
907 865 1346 929 difficillimum
1389 886 1541 930 vero
1586 877 1714 944 est,
1758 865 2088 931 inventum
2123 867 2423 953 expedire
2457 879 2527 933 et

469 960 760 1049 expedite
793 958 1200 1046 pronuntiare
1211 984 1230 1037 3
1276 958 1437 1023 haec
1466 960 1641 1023 enim
1672 982 1777 1025 res
1812 960 1991 1038 facit,
2033 969 2109 1024 ut
2139 982 2348 1045 neque
2384 962 2525 1027 diu-

468 1056 592 1119 tius
605 1103 622 1131 ‚
661 1076 851 1137 quam
887 1053 1042 1117 satis
1079 1052 1189 1131 sit,
1224 1052 1294 1117 in
1325 1053 1571 1118 eisdem
1602 1053 1761 1119 locis
1800 1074 2279 1133 commoremur,
2314 1077 2525 1141 neque

467 1149 694 1217 eodem
727 1147 1073 1212 identidem
1104 1146 1527 1225 revolvamur,
1564 1168 1773 1231 neque
1796 1146 2159 1213 inchoatam
2184 1172 2525 1235 argumen-

467 1240 788 1306 tationem·
813 1239 1275 1324 relinquamus,
1319 1262 1526 1325 neque
1570 1241 1968 1307 incommode
2004 1243 2086 1307 ad
2122 1243 2313 1309 aliam
2346 1244 2525 1309 dein-

471 1356 621 1421 ceps
675 1346 1092 1400 transeamus.
1178 1336 1392 1419 itaque
1429 1336 1550 1401 hac
1598 1336 1843 1402 ratione
1886 1346 1953 1401 et
2000 1336 2125 1423 ipsi
2158 1337 2525 1403 meminisse

466 1429 845 1517 poterimus,
901 1428 1054 1512 quid
1091 1450 1339 1513 quoque
1373 1431 1515 1495 loco
1560 1430 1903 1495 dixerimus
1916 1478 1933 1507 ‚
1989 1441 2054 1495 et
2097 1430 2345 1496 auditor
2378 1452 2527 1496 cum

472 1523 662 1589 totius
701 1544 929 1588 causae
965 1533 1102 1587 tum
1135 1524 1324 1588 unius
1367 1522 1674 1607 cuiusque
1718 1522 2279 1610 argumentationis
2314 1524 2529 1589 distri-

469 1616 794 1683 butionem
837 1618 1163 1704 percipere
1209 1629 1274 1681 et
1316 1617 1683 1683 meminisse
1734 1617 1984 1704 poterit.
2077 1614 2289 1705 [ergo]
2336 1618 2527 1683 abso-

468 1711 784 1776 lutissima
827 1722 893 1777 et
933 1711 1401 1797 perfectissima
1442 1722 1545 1777 est
1586 1710 2047 1797 argumentatio
2092 1734 2197 1789 ea,
2254 1733 2416 1796 quae
2456 1712 2527 1777 in

469 1804 747 1889 quinque
797 1804 996 1891 partis
1050 1815 1150 1869 est
1201 1804 1564 1869 distributa:
1617 1803 2142 1890 propositionem,
2194 1807 2524 1885 rationem,

466 1898 727 1963 rationis
741 1898 1297 1975 confirmationem,
1313 1898 1805 1977 exornationem,
1822 1898 2342 1986 complexionem.
2377 1924 2529 1987 pro-

467 1989 699 2077 positio
751 2000 878 2067 est,
930 2011 1046 2075 per
1097 2012 1289 2073 quam
1333 1990 1725 2057 ostendimus
1780 1994 2169 2072 summatim,
2225 1994 2378 2078 quid
2420 1995 2523 2071 sit,

470 2083 641 2166 quod
681 2082 952 2167 probare
995 2082 1318 2161 volumus3
1370 2084 1533 2149 ratio
1577 2096 1701 2163 est,
1756 2108 1919 2169 quae
1962 2108 2223 2152 causam
2266 2088 2525 2153 demon-

471 2186 631 2241 strat
664 2198 882 2240 veram
917 2198 1079 2254 esse,
1115 2176 1182 2241 in
1219 2199 1411 2260 quam
1444 2180 1849 2258 intendimus,
1889 2181 2069 2246 brevi
2106 2181 2492 2248 subiectione
2502 2208 2523 2261 3

467 2270 728 2337 rationis
783 2270 1172 2339 confirmatio
1235 2283 1334 2338 est
1393 2297 1498 2353 ea,
1563 2297 1725 2358 quae
1784 2276 2073 2363 pluribus
2136 2276 2523 2364 argumentis

470 2365 847 2430 conroborat
896 2367 1172 2432 breviter
1225 2368 1583 2453 expositam
1632 2371 1969 2448 rationem3
2025 2371 2349 2436 exornatio
2404 2381 2522 2449 est,

469 2481 596 2542 qua
645 2459 882 2524 utimur
931 2459 1027 2526 rei
1077 2459 1511 2528 honestandae
1564 2474 1629 2528 et
1680 2465 2278 2552 conlocupletandae
2330 2485 2525 2529 causa

469 2553 838 2620 confirmata
864 2555 1437 2641 argumentatione;
1474 2558 1827 2644 complexio
1856 2571 1972 2637 est,
2010 2580 2171 2644 quae
2207 2559 2524 2624 concludit
2572 2579 2579 2586 ·

365 2665 432 2720 19
467 2647 744 2714 breviter
797 2648 1125 2736 conligens
1176 2649 1376 2737 partis
1434 2652 2016 2738 argumentationis.
2104 2651 2281 2718 hisce
2330 2650 2524 2738 igitur

369 3799 422 3840 29

466 2742 746 2827 quinque
807 2743 1094 2830 partibus
1145 2755 1220 2809 ut
1279 2745 1750 2812 absolutissime
1808 2757 2087 2823 utamur,
2150 2746 2272 2810 hoc
2332 2745 2523 2810 modo

465 2837 876 2903 tractabimus
915 2839 1559 2924 argumentationem.
1604 2862 1863 2905 causam
1900 2840 2307 2906 ostendemus
2342 2837 2524 2904 Ulixi

465 2927 696 3006 fuisse,
733 2951 862 3012 qua
893 2952 964 2995 re
999 2931 1388 2997 interfecerit
1422 2933 1718 2998 Aiacem:
1760 2932 2110 2995 ‘inimicum
2144 2931 2315 2996 enim
2352 2953 2527 2996 acer-

464 3022 696 3087 rimum
740 3023 820 3088 de
863 3024 1073 3089 medio
1127 3025 1348 3089 tollere
1391 3026 1672 3102 volebat,
1726 3050 1766 3090 a
1800 3047 1925 3108 quo
1970 3025 2091 3090 sibi
2134 3047 2263 3089 non
2296 3024 2525 3090 iniuria

469 3138 786 3181 summum
834 3116 1186 3203 periculum
1235 3119 1587 3195 metuebat3
1642 3117 1899 3182 videbat
1946 3116 2055 3182 illo
2106 3117 2407 3182 incolumi
2452 3141 2521 3182 se

464 3209 846 3276 incolumem
879 3230 1009 3274 non
1034 3210 1345 3288 futurum3
1383 3210 1682 3297 sperabat
1704 3211 1873 3276 illius
1907 3221 2109 3276 morte
2146 3233 2215 3276 se
2254 3210 2523 3276 salutem

467 3302 589 3368 sibi
625 3323 1019 3389 comparare3
1058 3314 1495 3382 consueverat,
1536 3303 1591 3368 si
1622 3305 1759 3369 iure
1793 3327 1923 3370 non
1946 3315 2257 3391 potuerat,
2292 3304 2525 3370 iniuria

465 3396 689 3481 quavis
741 3396 996 3462 inimico
1050 3395 1336 3462 exitium
1353 3397 1729 3462 machinari:
1784 3399 1885 3462 cui
1917 3398 2011 3464 rei
2054 3422 2225 3465 mors
2260 3399 2523 3486 indigna

461 3491 826 3557 Palamedis
857 3490 1286 3557 testimonium
1316 3493 1445 3556 dat.
1516 3513 1670 3578 ergo
1700 3503 1765 3557 et
1786 3504 1993 3559 metus
2020 3494 2284 3581 periculi
2309 3494 2523 3560 horta»

461 3585 650 3650 batur
703 3609 850 3652 eum
899 3583 1286 3664 interimere,
1342 3608 1382 3651 a
1433 3605 1557 3669 quo
1614 3586 1993 3674 supplicium
2036 3589 2401 3665 verebatur,
2456 3598 2521 3650 et

465 3681 858 3746 consuetudo
892 3679 1200 3766 peccandi
1242 3679 1539 3746 maleficii
1584 3681 1970 3768 suscipiendi
2001 3683 2369 3750 removebat
2404 3680 2523 3744 du-

463 3773 852 3840 bitationem.
925 3795 1146 3840 omnes
1183 3774 1354 3840 enim
1387 3797 1533 3840 cum
1558 3776 1819 3842 minima
1849 3788 2113 3863 peccata
2146 3798 2293 3840 cum
2326 3795 2521 3838 causa

465 3867 836 3954 suscipiunt,
873 3877 1009 3932 tum
1043 3891 1196 3936 vero
1229 3869 1358 3948 illa,
1396 3891 1559 3954 quae
1594 3870 1793 3936 multo
1828 3872 2107 3935 maxima
2142 3879 2291 3934 sunt
2324 3865 2521 3932 male-

460 3962 623 4040 ficia,
663 3961 871 4046 aliquo
909 3975 1078 4029 certe
1105 3964 1529 4031 emolumento
1565 3965 1805 4029 inducti
1832 3965 2154 4049 suscipere
2192 3971 2517 4027 conantur.

463 4055 520 4120 si
555 4055 786 4123 multos
820 4057 1071 4124 induxit
1102 4059 1170 4124 in
1201 4070 1535 4146 peccatum
1569 4057 1875 4146 pecuniae
1912 4077 2088 4142 spes,
2138 4055 2194 4121 si
2236 4054 2520 4144 complu-
