2784 4575
850 312 956 367 DE
988 267 1355 368 oRATORE
1389 312 1466 368 11.
1500 313 1814 367 312—322.
2234 300 2356 368 131

304 438 635 504 habiturus
673 436 781 513 sit,
835 434 1079 501 nesciat
1086 460 1106 513 3
1161 446 1226 501 81
1262 434 1350 500 811
1380 434 1580 514 idem,
1635 455 1782 499 cum
1833 434 2164 500 brachium
2210 458 2361 503 con-

306 530 691 609 calefecerit,
746 539 883 594 tum
918 552 989 595 se
1044 530 1248 596 solere
1299 552 1586 617 pugnare
1596 554 1615 608 3
1669 550 1876 613 neque
1931 529 2197 595 attendit
2247 552 2358 597 eos

302 626 507 713 ipsos,
540 624 739 690 unde
792 624 914 689 hoc
968 623 1171 689 simile
1226 624 1443 702 ducat,
1505 622 1744 711 primas
1804 622 1945 687 illas
1999 622 2217 687 hastas
2269 622 2360 689 ita

302 720 539 785 iactare
589 717 841 796 leniter,
894 728 968 783 ut
1009 729 1077 784 et
1126 718 1446 784 venustati
1487 717 1592 783 vel
1641 716 1918 781 maxime
1973 716 2252 782 serviant
2293 728 2360 783 81

302 812 562 898 reliquis
613 811 855 878 viribus
910 811 1043 877 suis
1098 812 1458 891 consulant3
1521 832 1642 877 nec
1693 820 1794 877 est
1853 809 2140 889 dubium,
2207 809 2358 895 quin·

302 906 634 973 exordium
685 906 936 971 dicendi
989 906 1333 972 vehemens
1377 917 1445 971 et
1493 928 1756 992 pugnax
1797 927 1928 971 non
1971 925 2163 991 saepe
2215 927 2358 971 esse

302 1002 558 1079 debeat,
616 1000 731 1065 sed
784 1000 839 1064 si
880 1000 949 1064 in
990 1000 1133 1087 ipso
1184 1000 1295 1065 illo
1346 999 1724 1087 gladiatorio
1774 998 1942 1065 vitae
1996 998 2355 1078 certamine,

304 1118 429 1178 quo
465 1094 634 1159 ferro
670 1093 1046 1172 decernitur,
1082 1104 1297 1159 tamen
1332 1104 1478 1159 ante
1505 1116 1919 1205 congressum
1945 1093 2146 1157 multa
2177 1092 2356 1171 fiunt,

304 1210 467 1273 quae
502 1210 633 1253 non
668 1187 751 1252 ad
795 1188 1022 1254 volnus
1029 1236 1053 1297 .’
1109 1189 1226 1254 sed
1276 1189 1361 1254 ad
1413 1188 1690 1275 speciem
1742 1187 1952 1253 valere
2004 1188 2355 1266 videantur,

303 1292 539 1367 quanto
592 1280 715 1346 hoc
766 1280 972 1368 magis
1026 1281 1093 1345 in
1146 1281 1428 1347 oratione
1473 1291 1572 1347 est
1615 1281 2059 1376 spectandum,
2114 1281 2180 1345 in
2233 1302 2360 1365 qua

299 1400 430 1441 1108
463 1375 562 1442 vis
596 1375 809 1462 potius
846 1398 1037 1460 quam
1072 1375 1406 1443 delectatio
1432 1374 1816 1463 postulaturl
1853 1370 2019 1441 811111
2047 1386 2146 1443 881
2181 1376 2359 1443 deni-

302 1492 423 1553 que
465 1468 533 1533 in
575 1479 802 1535 natura
852 1491 1066 1535 rerum
1117 1469 1427 1548 omnium,
1482 1469 1653 1553 quod
1689 1492 1760 1535 se
1801 1469 2168 1535 universum
2210 1493 2358 1557 pro-

300 1563 530 1628 fundat
563 1574 627 1628 et
665 1560 895 1651 [quod]
935 1573 1137 1629 totum
1170 1574 1431 1649 repente
1467 1562 1745 1640 evolvat3
1793 1562 1885 1627 sic
1919 1563 2158 1642 omnia,
2195 1586 2356 1649 quae

298 1658 462 1723 fiunt
494 1678 784 1741 quaeque
822 1668 1098 1743 aguntur
1132 1657 1466 1735 acerrime,
1502 1656 1847 1723 lenioribus
1883 1657 2206 1744 principiis
2243 1682 2358 1723 na-

300 1762 445 1817 tura
476 1750 617 1837 ipsa
651 1750 1024 1838 praetexuit.
1114 1752 1272 1817 haec
1308 1761 1521 1816 autem
1553 1750 1622 1814 111
1657 1750 1924 1816 dicendo
1958 1773 2088 1816 non
2121 1752 2355 1816 extrin-

302 1865 485 1909 secus
523 1842 813 1909 alicunde
849 1845 1239 1928 quaerenda,
1279 1844 1396 1910 sed
1431 1866 1512 1909 ex
1545 1843 1703 1930 ipsis
1739 1844 2090 1911 visceribus
2127 1865 2356 1910 causae

302 1938 611 2003 sumenda
646 1947 795 2003 sunt
802 1962 822 2017 3
865 1938 1102 2004 idcirco
1139 1950 1273 2005 tota
1307 1960 1503 2005 causa
1535 1949 1956 2026 pertemptata
1991 1950 2179 2024 atque
2214 1962 2357 2025 per-

301 2042 548 2118 specta,
610 2029 769 2098 locis
822 2032 1117 2099 omnibus
1177 2032 1453 2098 inventis
1516 2042 1704 2117 atque
1765 2032 2086 2099 instructis
2150 2031 2358 2098 consi-

300 2125 649 2191 derandum
694 2136 795 2191 est
846 2148 972 2210 quo
1023 2126 1333 2213 principio
1379 2126 1462 2191 sit
1511 2126 1837 2193 utendum.
1928 2126 2021 2192 sic
2064 2137 2127 2192 et
2170 2124 2356 2192 facile

297 2220 689 2306 reperientur
698 2245 717 2300 3
783 2231 1111 2287 sumentur
1164 2220 1331 2287 enim
1386 2244 1468 2287 ex
1519 2221 1614 2287 eis
1665 2222 1886 2302 rebus,
1950 2242 2112 2307 quae
2173 2230 2357 2285 erunt

297 2313 651 2380 uberrimae
686 2315 789 2379 vel
822 2315 891 2379 in
926 2317 1314 2403 argumentis
1350 2317 1454 2382 vel
1487 2316 1556 2382 in
1590 2317 1681 2382 eis
1716 2317 2033 2404 partibus,
2079 2318 2162 2382 ad
2197 2339 2354 2400 quas

300 2405 434 2471 dixi
468 2406 731 2492 degredi
766 2431 957 2494 saepe
992 2421 1311 2496 oportere3
1351 2408 1498 2496 [ita]
1532 2421 1600 2477 et
1634 2411 1936 2476 momenti
1973 2410 2210 2498 aliquid
2245 2411 2357 2475 ad-

298 2501 525 2578 ferent,
564 2521 708 2564 cum
744 2512 929 2565 erunt
959 2525 1165 2587 paene
1200 2526 1282 2568 ex
1314 2503 1539 2568 intima
1564 2503 1936 2569 defensione
1963 2504 2354 2590 deprompta,

300 2605 365 2659 et
410 2592 741 2680 apparebit
783 2613 876 2658 ea
903 2616 1033 2659 non
1083 2596 1275 2660 modo
1327 2616 1457 2661 non
1508 2617 1654 2660 esse
1709 2595 2068 2660 communia
2117 2615 2239 2660 nec
2289 2595 2358 2658 in

300 2687 457 2751 alias
512 2708 739 2751 causas
793 2709 987 2772 posse
1040 2688 1397 2766 transferri,
1457 2689 1572 2754 sed
1613 2687 1866 2774 penitus
1915 2711 1994 2755 ex
2039 2708 2117 2754 ea
2162 2710 2357 2754 causa

303 2778 495 2867 [quae
530 2787 667 2845 tum
711 2791 937 2866 agatur
943 2778 994 2868 ,]
1043 2781 1419 2846 effloruisse.
1509 2804 1695 2848 omne
1732 2793 1942 2848 autem
1974 2781 2354 2869 principium

300 2883 411 2940 aut
440 2873 535 2938 rei
569 2873 791 2954 totius,
828 2897 989 2959 quae
1027 2884 1278 2961 agetur,
1334 2875 1860 2962 significationem
1893 2875 2128 2942 habere
2166 2876 2356 2942 debe-

298 2968 393 3034 bit
428 2978 539 3034 aut
574 2967 817 3034 aditum
868 2969 952 3034 ad
987 2991 1248 3036 causam
1282 2979 1347 3035 et
1382 2969 1939 3037 communitionem
1993 2981 2103 3036 aut
2157 2971 2356 3056 quod-

299 3063 448 3128 dam
482 3074 923 3129 ornamentum
958 3075 1022 3129 81
1057 3063 1460 3152 (1188118181113
1515 3065 1631 3130 88(1
1665 3076 1939 3151 oportet,
1982 3075 2056 3129 ut
2091 3065 2354 3130 aedibus

298 3179 375 3223 ac
418 3158 671 3245 templis
723 3158 1041 3225 vestibula
1084 3170 1150 3225 et
1194 3159 1432 3238 aditus,
1487 3160 1582 3226 818
1624 3161 1836 3226 8811818
1879 3160 2189 3248 principia
2238 3183 2355 3248 pro

295 3252 585 3338 portione
618 3276 832 3318 rerum
864 3276 1285 3342 praeponere3
1328 3241 1552 3340 itaque
1577 3255 1646 3319 in
1677 3256 1892 3342 parvis
1939 3267 2128 3341 atque
2163 3255 2357 3322 infre-

300 3346 638 3426 quentibus
694 3347 904 3412 causis
943 3349 1077 3413 ab
1058 3372 1203 3436 1psa
1234 3371 1304 3414 re
1349 3361 1451 3415 est
1502 3349 1778 3416 exordiri
1830 3372 2022 3438 saepe
2077 3371 2357 3417 commo—

300 3435 472 3516 dius3
528 3439 643 3502 sed
678 3461 822 3504 cum
858 3441 976 3506 8111
1007 3443 1317 3508 utendum
1366 3443 1706 3530 principio,
1763 3445 1934 3529 quod
1984 3444 2354 3532 plerumque

300 3529 446 3608 erit,
500 3541 612 3595 aut
645 3554 726 3598 ex
758 3555 869 3598 reo
907 3545 1018 3599 aut
1070 3557 1151 3600 ex
1204 3537 1568 3602 adversario
1607 3547 1717 3602 aut
1751 3561 1831 3603 ex
1865 3561 1935 3604 re
1972 3548 2081 3604 aut
2115 3561 2197 3604 ex
2241 3538 2352 3618 818,

299 3625 470 3711 apud
505 3647 664 3710 quos
702 3637 951 3712 agetur,
1006 3627 1351 3695 sententias
1388 3631 1534 3696 duci
1567 3631 1800 3698 licebit.
1889 3655 1970 3698 ex
2003 3655 2142 3712 reo,
2181 3629 2354 3718 [reos

301 3720 579 3806 appello,
618 3741 885 3804 quorum
916 3743 1021 3787 res
1058 3721 1215 3810 est,]
1264 3745 1428 3808 quae
1465 3725 1823 3812 significent
1855 3727 2094 3793 bonum
2127 3727 2353 3804 virum,

300 3834 462 3896 quae
523 3813 877 3894 liberalem,
943 3839 1103 3900 81188
1164 3818 1631 3898 881881110811111,
1703 3843 1864 3904 81188
1923 3820 2356 3887 misericordia

302 3906 592 3992 dignum,
644 3931 807 3994 quae
842 3910 1098 3976 valeant
1146 3908 1368 3979 contra
1417 3914 1649 3980 falsam
1693 3915 2191 3982 criminationem
2199 3941 2219 3994 3
2273 3935 2356 3980 ex

2393 837 2472 878 317
2517 828 2524 846 ’

2389 1775 2468 1816 318

2391 2148 2466 2191 319

2389 2782 2456 2836 79

2389 2853 2468 2894 320

2389 3467 2466 3508 321

300 3998 662 4067 adversario
698 4003 941 4070 eisdem
975 4027 1057 4070 ex
1088 4005 1246 4072 locis
1282 4006 1418 4074 fere
1453 4007 1764 4075 contraria
1772 4034 1792 4087 3
1847 4029 1929 4075 ex
1968 4032 2067 4089 re,
2123 4009 2179 4074 si
2213 4029 2354 4075 cru-
2384 4031 2466 4074 ssa

300 4092 458 4159 delis
469 4141 489 4173 ,
544 4093 599 4160 si
632 4097 937 4178 nefanda,
997 4098 1051 4165 si
1084 4109 1335 4188 praeter
1372 4101 1760 4189 opinionem,
1815 4102 1870 4169 si
1902 4102 2242 4182 immerito,
2297 4101 2354 4168 si

1941 4207 1969 4256 9
1983 4205 2008 4234 0
