2784 4575
41 3370 56 3507 r-··—v.
41 3172 49 3369 V“W*''

914 259 1232 318 ORATOR
1266 259 1572 318 121—128.
2142 248 2274 317 305

224 389 593 467 verecunda,
630 410 758 454 non
794 384 975 453 elatis
1010 384 1272 450 incensa
1304 383 1536 460 verbis,
1575 382 1690 449 sed
1724 393 1910 450 acuta
1945 385 2272 452 sententiis

227 487 323 552 vel
377 484 461 550 ad
512 482 932 549 offensionem
982 477 1332 544 adversarii
1383 477 1490 542 vel
1541 477 1627 542 ad.
1665 478 2276 545 commendationem

230 581 349 658 sui3
404 578 797 644 narrationes
832 574 1165 641 credibiles
1201 579 1323 638 nec
1355 571 1684 651 historico,
1741 574 1856 639 sed
1887 596 2088 660 prope
2121 574 2277 639 coti-

230 675 411 740 diano
455 694 748 738 >sermone
794 669 1145 758 explicatae
1190 666 1464 732 dilucide
1474 692 1494 745 3
1548 665 1702 732 dein
1741 667 1796 732 si
1829 667 2038 734 tenuis
2083 689 2278 736 causa

227 769 365 846 erit,
415 779 551 834 tum
587 767 779 832 etiam
816 762 1302 852 argumentandi
1346 773 1535 828 tenue
1577 761 1756 827 filu-m
1789 773 1856 828 et
1885 762 1954 826 in
1987 761 2274 830 docendo

225 875 284 929 et
332 864 399 928 in
448 863 827 938 refellendo,
880 860 1072 944 idque
1106 859 1197 923 ita
1248 857 1531 935 tenebia„
1575 865 1650 922 ut
1699 867 1936 940 quanta
1987 857 2070 922 ad
2119 881 2274 939 rem,

222 968 397 1024 tanta
431 958 525 1022 ad·
549 956 900 1022 orationem
942 955 1055 1018 fiat
1109 952 1421 1031 accessi03
1477 973 1624 1017 cum
1657 974 1809 1018 vero
1843 973 2038 1017 causa
2072 975 2149 1018 ea
2181 953 2278 1019 in-

226 1051 466 1127 ciderit,
503 1049 569 1113 in
606 1073 732 1132 qua
765 1047 864 1112 vis
902 1047 1297 1132 eloquentiae
1329 1046 1549 1134 possit<
1568 1045 1874 1132 expromi,
1912 1055 2049 1111 tum
2084 1070 2154 1113 se
2188 1046 2281 1113 la-

224 1144 345 1210 tius
399 1143 625 1207 fundet
662 1139 931 1228 [orator]
945 1191 963 1219 ‚
1018 1151 1154 1206 tum
1195 1151 1379 1226 reget
1431 1149 1497 1206 et
1543 1141 1758 1205 flectet
1791 1139 2034 1206 animos
2081 1152 2145 1206 et
2179 1141 2280 1206 sic

226 1237 502 1314 adficiet,
555 1246 627 1300 ut
661 1236 861 1313 volet,
906 1235 974 1300 id
1010 1245 1135 1312 est,
1187 1245 1262 1298 ut
1294 1255 1527 1300 causac
1569 1245 1796 1299 natura
1831 1245 1896 1300 et
1926 1235 2087 1301 ratio
2123 1245 2283 1300 tem-

224 1330 393 1417 poris
448 1330 813 1417 postulabit.
914 1325 1061 1414 [sed
1113 1327 1236 1393 erit
1286 1327 1524 1414 duplex
1574 1327 1779 1394 omnis
1831 1329 1986 1394 eius-
2021 1341 2282 1396 ornatus

220 1423 325 1488 ille
362 1424 778 1501 admirabilia,
831 1433 1093 1511 propter
1136 1444 1325 1506 quem
1371 1421 1660 1512 ascendit
1691 1423 1756 1487 in
1791 1433 2037 1488 tantum
2080 1423 2282 1490 hono-

221 1539 355 1582 rem
408 1515 821 1604 eloquentia]
909 1540 1059 1581 nam
1114 1537 1259 1580 cum
1314 1515 1522 1580 omnis
1572 1539 1722 1602 pars
1778 1517 2095 1582 orationis
2136 1541 2283 1583 esse

2313 977 2390 1018 125

224 1612 413 1677 debet
462 1610 829 1689 laudabilis,
888 1607 1011 1696 [sic
1043 1621 1117 1675 ut
1168 1610 1434 1675 verbum
1485 1609 1732 1674 nullum
1773 1610 1897 1675 nisi
1945 1621 2053 1676 aut
2085 1633 2283 1695 grave
2362 1666 2367 1672 .

222 1715 331 1770 aut
382 1705 640 1790 elegans
706 1703 1017 1792 excidat‚]
1075 1713 1221 1768 tum
1270 1714 1421 1768 sunt
1469 1703 1745 1769 maxime
1805 1703 2157 1792 luminosae
2219 1714 2284 1768 et

222 1799 407 1883 quasi
440 1811 740 1865 actuosae
774 1809 988 1885 partes
1024 1798 1219 1876 duae3
1274 1819 1544 1881 quarum
1597 1797 1860 1862 alteram
1893 1797 1962 1861 in
2001 1796 2283 1863 universi

221 1893 473 1979 generis
528 1893 899 1977 quaestione
952 1914 1153 1978 ponc,
1208 1912 1430 1974 quam,
1481 1900 1554 1954 ut
1600 1913 1792 1976 supra
1836 1889 1995 1968 dixi,
2051 1889 2285 1956 Graeci

223 1988 546 2073 appellant
598 1991 824 2065 θέσιν,
889 1987 1150 2052 alteram
1202 1985 1272 2048 in
1326 1984 1635 2071 augendis
1699 1984 2282 2072 amplificandisque

218 2083 445 2159 rebus,
501 2104 662 2166 quae
700 2082 781 2147 ab
820 2080 1059 2146 eisdem
1106 2077 1381 2164 αὔξησις
1419 2088 1518 2143 est
1557 2078 1906 2156 nominata,
1963 2100 2127 2162 quae
2163 2078 2285 2144 etsi

223 2176 637 2259 aequabiliter
680 2187 813 2241 toto
859 2196 1122 2260 corpore
1168 2173 1472 2239 orationis
1524 2172 1670 2238 fusa
1721 2195 1863 2238 esse
1917 2173 2132 2252 debet,
2154 2209 2162 2216 ·
2187 2186 2282 2240 ta—

220 2292 369 2334 men
403 2269 473 2333 in
506 2269 949 2335 communibus
984 2267 1141 2335 locis
1186 2267 1465 2333 maxime
1508 2268 1775 2334 excellet
1783 2294 1800 2347 3
1855 2269 1964 2353 qui
2000 2292 2283 2337 commu-

219 2385 337 2428 nes
392 2363 692 2448 appellati
746 2372 895 2428 sunt
946 2386 1054 2440 eo,
1118 2363 1291 2447 quod
1342 2362 1635 2426 videntur
1685 2361 2025 2429 multarum
2076 2365 2282 2429 eidem

221 2478 366 2521 esse
421 2478 783 2534 causarum,
838 2456 953 2521 sed
1003 2456 1243 2542 proprii
1296 2455 1690 2541 singularum
1742 2478 1884 2521 esse
1930 2457 2280 2543 debebunt.

223 2562 290 2614 at
328 2572 475 2615 vero
510 2549 621 2613 illa
652 2572 801 2635 pars
840 2550 1170 2627 orationis,
1225 2571 1387 2634 quae
1425 2559 1525 2614 est
1561 2550 1640 2614 de
1676 2572 1909 2636 genere
1939 2549 2280 2627 ⁸universO,

218 2654 391 2709 totas
446 2665 676 2709 causas
729 2665 920 2729 saepe
982 2642 1263 2710 continet
1271 2668 1290 2721 3
1354 2642 1662 2727 quicquid
1719 2654 1818 2708 est
1877 2643 2047 2707 enim
2103 2642 2280 2720 illud,

219 2738 289 2801 in
336 2758 460 2821 quo
514 2736 699 2820 quasi
742 2748 1063 2803 certamen
1116 2749 1217 2805 est
1268 2735 1765 2813 controversiae,
1819 2736 1990 2819 quod
2036 2732 2282 2802 Graece

221 2829 600 2914 κρινόμενον
654 2830 909 2908 dicitur,
961 2830 1029 2895 id
1070 2829 1161 2895 ita
1205 2830 1331 2895 dici
1380 2829 1620 2917 placet,
1671 2838 1746 2893 ut
1796 2830 2159 2895 traducatur
2201 2831 2284 2895 ad

222 2936 599 3012 perpetuam
634 2924 1070 3009 quaestionem
1098 2937 1287 3008 atque
1304 2936 1377 2989 ut
1405 2924 1484 2989 de
1511 2923 1808 2989 universo
1844 2946 2076 3010 genere
2112 2924 2284 2989 dica-

220 3030 355 3097 tur,
390 3020 515 3085 nisi
552 3042 698 3085 cum
733 3021 813 3085 de
848 3042 1001 3085 vero
1038 3019 1423 3104 ambigetur,
1461 3019 1633 3102 quod
1667 3018 1887 3102 quaeri
1921 3018 2284 3083 coniectura

222 3114 417 3191 solet3
473 3114 715 3181 dicetur
768 3124 980 3179 autem
1030 3135 1163 3180 non
1204 3112 1776 3199 Peripateticorum
1817 3134 2023 3190 more,
2057 3147 2148 3161 --
2181 3122 2298 3177 est*

221 3207 395 3271 enim
446 3207 697 3273 illorum
750 3208 1115 3273 exercitatio
1160 3208 1420 3294 elegans
1473 3206 1602 3271 iam
1631 3206 1783 3271 inde
1820 3207 1900 3271 ab
1933 3206 2283 3272 Aristotele

220 3300 671 3367 constituta'-
689 3301 804 3365 sed
839 3301 1159 3385 aliquanto
1188 3300 1522 3366 nervosius
1560 3300 1748 3365 et-ita
1781 3301 1866 3366 de.
1896 3324 1966 3367 re
2001 3310 2284 3367 commu-

218 3393 331 3457 nia
364 3393 679 3471 dicentur,
734 3404 805 3457 ut
842 3405 906 3459 et
948 3417 1063 3480 pro
1106 3395 1233 3460 reis
1281 3393 1486 3459 ‚multa
1527 3393 1752 3460 leniter
1797 3394 2084 3459 dicantur
2119 3404 2183 3459 et
2216 3394 2284 3459 in

218 3486 620 3553 adversarios
668 3508 913 3573 aspere.
1002 3488 1311 3575 augendis
1358 3511 1510 3554 vero
1555 3489 1748 3555 rebus
1785 3500 1851 3553 et
1895 3490 2113 3555 contra
2149 3488 2282 3553 abi-

218 3580 463 3647 ciendis
499 3580 792 3646 nihil‘est
836 3582 1006 3666 quod
1047 3592 1177 3648 non
1230 3584 1534 3669 perficere
1576 3582 1784 3670 possit
1827 3582 2025 3649 oratio
2035 3608 2056 3661 3
2111 3582 2284 3666 quod

216 3687 289 3741 et
321 3675 485 3741 inter
519 3676 729 3741 media
762 3686 1135 3761 argumenta
1168 3677 1530 3743 faciendum
1566 3688 1682 3753 est,
1721 3676 2282 3761 quotienscumque

218 3770 475 3838 dabitur
508 3769 613 3835 vel
648 3770 1073 3857 amplificandi
1106 3771 1209 3836 vel
1241 3770 1580 3837 minuendi
1601 3770 1810 3850 locus,
1848 3780 1913 3836 et
1946 3792 2150 3857 paene
2184 3770 2283 3833 in-

216 3862 454 3929 finite
434 3887 501 3927 1n
536 3865 915 3952 perorando,

344 3958 497 4024 Duo
554 3969 701 4023 sunt
752 3962 971 4037 etiam,
1012 3982 1178 4043 quae
1217 3960 1391 4025 bene
1436 3918 1708 4025 tractata
1747 3958 1831 4023 ab.
1873 3922 2120 4024 oratore
2166 3957 2278 4022 ad-

216 4050 577 4123 mirabilem
602 4052 1045 4143 eloquentiam
1050 4054 1319 4133 faciunt3
1356 4074 1624 4138 quorum
1651 4053 1918 4119 alterurn
1953 4063 2068 4132 est,
2107 4028 2391 4137 (Ῑιιοᾶ128

331 4152 381 4197 ce·
366 4154 591 4197 ιοενοηίευ
570 4153 653 4197 vol.
690 4151 743 4197 II.
844 4193 849 4196 ,
1869 4159 1935 4207 20

2316 2108 2396 2152 126

2315 3139 2390 3179 127

2311 3954 2382 4008 3,.
