2784 4575
348 426 426 469 821

352 1366 430 1407 222

363 3114 432 3166 60

466 260 589 329 194
1070 270 1152 325 M.
1188 268 1464 327 ‘runnu
1499 264 1902 323 clcsnoms

460 396 835 486 incipiendis
866 404 977 461 aut
1002 392 1315 459 finiendis.
1362 391 1480 457 sed
1509 390 1579 455 in
1613 413 1724 457 ore
1759 401 1908 455 sunt
1941 388 2173 466 omnia,
2207 387 2279 452 in
2305 410 2386 453 eo
2415 412 2530 453 au-

462 503 593 559 tem
640 492 783 579 ipso
848 487 1207 554 dominatus
1268 497 1367 551 est
1422 484 1628 550 omnis
1687 483 2041 561 oeulorum3
2104 504 2228 567 quo
2293 480 2529 547 melius

460 586 665 652 nostri
712 583 805 649 illi
858 605 1075 661 senes,
1140 580 1249 666 qui
1298 590 1712 667 personatum
1761 600 1844 643 ne
1895 576 2205 643 Roscium
2265 575 2526 660 quidem

460 702 697 767 magno
751 699 942 765 opere
996 674 1345 741 laudabant
1352 699 1373 753 3
1427 672 1621 738 animi
1655 682 1755 737 est
1797 671 1968 737 enim
2001 669 2208 737 omnis
2257 668 2428 735 actio
2463 682 2528 735 et

461 776 677 861 imago
731 770 925 837 animi
974 770 1219 849 voltus,
1279 767 1524 832 indices
1577 766 1774 833 oculi:
1833 788 1985 835 nam
2034 765 2196 831 haec
2245 774 2348 831 est
2395 786 2534 829 una

462 892 613 955 pars
652 865 963 953 corporis,
1018 886 1212 948 quae,
1267 873 1424 946 quot
1457 860 1652 927 animi
1701 870 1913 926 motus
1967 870 2144 939 sunt,
2195 868 2293 925 tot
2327 858 2534 945 signi-

461 961 789 1029 ficationes
828 956 925 1047 [et
957 954 1512 1043 commutationes]
1550 954 1756 1042 possit
1797 954 2080 1032 efficere3
2129 974 2339 1037 neque
2373 975 2530 1017 vero

465 1069 564 1123 est
598 1054 936 1141 quisquam
971 1052 1081 1137 qui
1116 1052 1341 1117 eadem
1376 1049 1678 1117 conivens
1715 1049 1971 1115 efficiat.
2039 1046 2530 1135 Theophrastus

466 1152 724 1236 quidem
757 1147 1139 1213 Tauriscum
1181 1144 1502 1230 quendam
1535 1144 1690 1209 dicit
1732 1156 2010 1209 actorem
2045 1164 2344 1208 aversum
2379 1142 2534 1207 soli-

467 1258 604 1309 tum
640 1266 783 1309 esse
819 1242 1057 1319 dicere,
1102 1240 1213 1324 qui
1244 1239 1313 1303 in
1347 1238 1598 1326 agendo
1635 1249 1940 1304 contuens
1975 1236 2215 1321 aliquid
2246 1258 2534 1322 pronun-

466 1339 669 1403 tiaret.
756 1359 885 1420 qua
914 1358 985 1400 re
1020 1334 1351 1401 oculorum
1382 1344 1485 1399 est
1515 1356 1754 1419 magna
1785 1332 2165 1411 moderatim
2211 1354 2363 1395 nam
2395 1329 2528 1395 oris

464 1455 595 1498 non
646 1442 747 1497 est
795 1430 1061 1494 nimium
1116 1428 1426 1493 mutanda
1477 1428 1753 1513 species,
1814 1450 1899 1493 ne
1950 1437 2062 1492 aut
2113 1424 2197 1491 ad
2253 1423 2528 1511 ineptias

467 1536 577 1591 aut
610 1526 693 1591 ad
734 1524 1111 1611 pravitatem
1162 1522 1440 1607 aliquam
1484 1521 1874 1601 deferamur3
1927 1521 2096 1587 oculi
2139 1530 2316 1599 sunt,
2369 1541 2532 1603 quo-

463 1642 606 1685 rum
640 1630 776 1684 tum
810 1617 1187 1695 intentione,
1240 1628 1377 1681 tum
1411 1616 1815 1695 remissione,
1861 1626 1998 1680 tum
2033 1614 2354 1691 coniectu,
2389 1624 2528 1677 tum

465 1714 777 1779 hilaritate
812 1722 1023 1779 motus
1062 1711 1417 1777 animorum
1463 1710 1894 1797 significemus
1929 1720 2078 1795 apte
2111 1730 2256 1775 cum
2291 1730 2529 1795 genere

464 1809 607 1895 ipso
650 1807 983 1885 orationis3
1038 1814 1139 1869 est
1172 1803 1341 1869 enim
1378 1804 1542 1869 actio
1577 1804 1763 1887 quasi
1797 1826 2006 1870 sermo
2041 1802 2354 1891 corporis,
2399 1822 2530 1887 quo

465 1903 672 1989 magis
705 1900 904 1967 menti
940 1921 1296 1985 congruens
1332 1920 1478 1963 esse
1523 1897 1741 1975 debet,
1794 1898 2012 1964 oeulos
2056 1908 2268 1963 autem
2299 1905 2532 1961 natura

465 1996 679 2075 nobis,
731 2006 805 2059 ut
839 2014 1003 2077 equo
1048 2004 1113 2057 et
1154 1992 1325 2058 leoni
1378 2002 1618 2070 saetas,
1673 1992 1968 2070 caudam,
2022 1992 2221 2069 auris,
2265 1991 2348 2057 ad
2387 2013 2533 2055 mo-

470 2100 571 2153 tus
617 2088 971 2153 animorum
1014 2085 1429 2151 declarandos
1483 2086 1676 2164 dedit,
1763 2108 1890 2170 qua
1929 2108 2002 2151 re
2033 2084 2104 2149 in
2145 2084 2267 2149 hac
2305 2094 2532 2150 nostra

470 2180 715 2244 actione
769 2178 1119 2243 seeundum
1170 2200 1396 2245 vocem
1449 2178 1656 2245 voltus
1709 2180 1880 2245 valet
1887 2204 1907 2259 3
1958 2178 2015 2244 is
2061 2188 2274 2243 autem
2323 2176 2531 2243 oculis

466 2272 871 2358 gubernatur.
960 2283 1150 2356 atque
1182 2272 1251 2338 in
1294 2272 1387 2338 eis
1443 2274 1767 2352 omnibus,
1821 2295 1982 2358 quae
2039 2283 2190 2339 sunt
2240 2270 2530 2350 actioniS,

464 2367 634 2430 inest
684 2367 997 2451 quaedam
1030 2367 1128 2432 vis
1167 2390 1205 2432 a
1238 2379 1468 2432 natura
1507 2368 1656 2434 data
1663 2393 1685 2446 ;
1739 2390 1867 2451 qua
1904 2390 1976 2433 re
2020 2366 2214 2432 etiam
2255 2366 2376 2431 hac
2407 2365 2532 2431 im-

464 2461 681 2549 periti,
728 2462 849 2527 hac
882 2462 1141 2550 volgus,
1188 2462 1310 2527 hae
1344 2462 1617 2546 denique
1650 2461 1905 2527 barbari
1938 2461 2214 2527 maxime
2249 2483 2534 2526 commo-

465 2567 722 2621 ventur:
793 2557 990 2622 verba
1050 2557 1219 2622 enim
1279 2556 1602 2622 neminem
1659 2566 1922 2622 movent
1985 2554 2111 2622 nisi
2170 2578 2346 2632 eum,
2419 2556 2530 2639 qui

466 2651 751 2716 eiusdem
796 2651 1051 2738 linguae
1106 2651 1420 2718 societate
1454 2650 1826 2716 coniunctus
1871 2662 1996 2729 est,
2051 2649 2532 2734 sententiaeque

469 2767 660 2830 saepe
724 2755 947 2810 acutae
997 2768 1129 2811 non
1182 2756 1513 2810 acutorum
1575 2744 1903 2810 hominum
1963 2767 2190 2811 sensus
2247 2755 2532 2830 praeter-

466 2837 714 2902 volant:
778 2839 973 2916 acti0,
1028 2861 1190 2922 quae
1242 2861 1398 2926 prae
1451 2861 1523 2904 se
1571 2849 1818 2904 motum
1869 2839 2064 2903 animi
2113 2837 2265 2916 fert,
2319 2837 2529 2903 omnis

466 2940 680 2994 movet
687 2956 706 3008 3
758 2931 965 2998 isdem
1010 2930 1179 2996 enim
1224 2931 1509 2998 omnium
1561 2931 1754 2998 animi
1813 2933 2090 2998 motibus
2134 2930 2533 2997 concitantur

467 3034 531 3088 et
566 3047 676 3090 eos
711 3023 919 3092 isdem
952 3023 1120 3089 notis
1158 3035 1223 3090 et
1264 3024 1333 3090 in
1378 3025 1518 3092 aliis
1563 3037 1922 3113 agnoscunt
1960 3037 2024 3091 et
2065 3024 2134 3090 in
2169 3048 2240 3090 se
2271 3024 2395 3111 ipsi
2425 3024 2536 3088 in-

468 3117 700 3183 dicant.
780 3119 862 3183 ad
899 3116 1162 3183 actionis
1201 3130 1416 3184 autem
1447 3143 1636 3185 usum
1672 3130 1861 3203 atque
1894 3118 2151 3184 laudem
2183 3116 2527 3184 maximam

352 3186 432 3225 224
504 3211 519 3226 .

468 3233 604 3276 sme
640 3211 831 3277 dubio
865 3221 1112 3298 partem
1148 3235 1275 3277 vox
1301 3212 1545 3279 obtinet
1552 3239 1572 3292 3
1611 3235 1772 3298 quae
1805 3213 2082 3300 primum
2117 3224 2219 3278 est
2247 3210 2532 3298 optanda

464 3304 679 3382 nobis;
719 3304 975 3383 deinde,
1014 3327 1451 3390 quaecumque
1487 3307 1634 3386 erit,
1678 3331 1758 3374 ea
1792 3307 2054 3386 tuenda3
2091 3307 2172 3372 de
2207 3329 2333 3390 quo
2365 3305 2528 3370 illud

464 3399 593 3463 iam
636 3399 793 3463 nihil
838 3399 921 3464 ad
964 3400 1087 3466 hoc
1136 3401 1567 3487 praecipiendi
1619 3425 1852 3489 genus,
1907 3423 2099 3484 quem
2144 3401 2227 3466 ad
2266 3400 2530 3466 modum

466 3493 609 3558 voci
644 3494 979 3560 serviatur:
1034 3495 1327 3579 equidem
1362 3506 1575 3561 tamen
1619 3519 1853 3584 magno
1889 3517 2080 3582 opere
2125 3515 2359 3560 censeo
2395 3517 2534 3559 ser-

466 3587 794 3669 viendum3
840 3589 956 3654 sed
987 3588 1143 3653 illud
1178 3589 1428 3653 videtur
1464 3590 1545 3655 ab
1581 3590 1767 3656 huius
1803 3589 2004 3655 nostri
2040 3587 2351 3654 sermonis
2387 3588 2537 3653 offi-

469 3680 567 3746 cio
618 3704 749 3746 non
792 3682 1158 3760 abhorrere,
1212 3682 1413 3766 quod,
1465 3695 1538 3748 ut
1587 3684 1718 3748 dixi
1767 3682 1958 3770 paulo
2011 3693 2184 3761 ante,
2238 3681 2536 3768 plurimis

465 3775 535 3840 in
585 3775 779 3840 rebus
834 3777 1006 3862 quod
1056 3775 1333 3840 maxime
1387 3788 1488 3842 est
1539 3777 1722 3856 utile,
1773 3777 1842 3842 id
1891 3777 2107 3842 nescio
2160 3799 2288 3860 quo
2337 3785 2538 3864 paeto

470 3868 663 3934 etiam
714 3869 896 3934 decet
946 3868 1242 3934 maxime.
1330 3893 1480 3934 nam
1527 3872 1610 3936 ad
1660 3893 1886 3938 vocem
1919 3869 2327 3936 obtinendam
2369 3869 2537 3934 nihil

470 3971 571 4023 est
604 3961 817 4026 utilius
854 3984 1045 4045 quam
1082 3963 1304 4027 erebra
1336 3965 1632 4043 mutatio;
1685 3964 1842 4030 nihil
1883 3963 2300 4052 perniciosius
2336 3984 2540 4047 quam

358 4074 439 4114 225
475 4051 681 4113 effusa
749 4052 885 4117 sine
954 4055 1421 4122 intermissione
1485 4059 1823 4126 contentio,
1955 4056 2132 4142 quid,
2201 4057 2287 4122 ad
2355 4057 2538 4121 auris

2737 440 2740 495 >
