2784 4575
865 242 1182 299 ORATOR
1215 242 1381 298 224-
1405 242 1529 297 230.
2094 232 2225 298 333

107 431 118 470 t
167 370 302 437 ulla
343 377 470 447 est,
525 388 688 453 quae
731 366 1010 433 finctum
1053 364 1288 432 oratori
1330 363 1525 442 ferat,
1576 363 1701 429 nisi
1746 376 1892 453 apte
1935 366 2227 475 eprosita

110 540 117 547 ‚
171 476 362 549 atque
415 461 734 539 absolute,
785 482 906 526 nec
957 460 1295 527 verborum
1343 458 1562 523 lumen
1614 470 1877 546 apparet
1918 457 2045 524 nisi
2088 460 2231 525 dili·

107 569 398 658 genter
448 554 948 631 conlocatorum,
1003 562 1068 619 et
1110 552 1340 618 horum
1387 562 1727 636 utrumque
1776 573 2079 617 numerus
2132 552 2233 617 in-

107 621 430 729 lustrat3
481 670 784 716 numerus
837 656 1052 713 autem
1090 680 1183 695 --
1226 667 1419 733 saepe
1471 645 1641 712 enim
1692 644 1816 712 hoc
1866 645 2228 711 testandum

107 748 120 844 J
171 755 276 811 est
289 778 379 793 —-
392 764 524 809 non
550 742 742 809 modo
769 763 901 807 non
924 740 1172 827 poetice
1197 739 1473 818 iunctus,
1508 762 1731 806 verum
1758 738 1951 805 etiam
1974 740 2233 828 fugiens

169 838 352 904 illum
395 836 580 921 eique
623 834 907 902 omnium
941 832 1430 913 dissimillimum
1481 856 1613 900 non
1665 833 1821 918 quin
1862 833 2071 900 eidem
2106 834 2233 899 sint
2290 884 2295 889 .

169 929 422 997 numeri
455 952 587 995 non
620 928 812 995 modo
856 938 1176 993 oratorum
1209 936 1272 993 et
1305 933 1669 1014 poetarum,
1722 950 1943 993 verum
1976 926 2232 994 omnino

167 1024 595 1111 loquentium,
632 1022 903 1107 denique
939 1022 1130 1087 etiam
1163 1020 1527 1087 sonantium
1559 1021 1869 1101 omnium,
1905 1042 2069 1106 quae
2100 1043 2236 1087 me-

171 1118 280 1183 tiri
342 1116 600 1183 auribus
661 1136 1034 1225 possumus,
1095 1114 1214 1181 sed
1265 1114 1422 1201 ordo
1483 1115 1721 1202 pedum
1780 1114 1963 1194 facit,
2024 1125 2098 1180 ιιι
2146 1114 2233 1191 id,

172 1211 350 1296 quod
390 1210 862 1297 pronuntiatur,
917 1219 1029 1275 aut
1061 1198 1362 1275 orationis
1400 1220 1511 1273 aut
1549 1208 1864 1319 poematis
1902 1163 2107 1275 simile
2142 1208 2237 1273 vi-

107 1323 114 1394 j
173 1306 419 1371 deatur.
507 1304 674 1369 hanc
705 1303 928 1389 igitur,
983 1301 1120 1368 sive
1164 1301 1687 1389 compositionem
1722 1303 1857 1369 sive
1898 1303 2236 1390 perfectio-
2268 1330 2353 1371 228

107 1413 116 1488 ἲ
171 1421 326 1465 nem
369 1398 504 1466 sive
548 1418 882 1463 numerum
923 1397 1138 1464 vocari
1179 1397 1419 1485 placet,
1473 1397 1773 1464 adhibere
1814 1418 2081 1465 necesse
2114 1408 2234 1475 est,

109 1559 111 1582 ÷
175 1494 234 1558 si
269 1502 489 1558 ornate
523 1492 682 1557 velis
719 1492 955 1569 dicere,
990 1514 1121 1557 non
1157 1490 1391 1570 solum,
1428 1492 1601 1576 quod
1635 1492 1725 1557 ait
1754 1492 2137 1559 Aristoteles
2172 1501 2239 1557 et

173 1585 692 1672 Theophrastus,
742 1608 825 1651 ne
857 1585 1102 1651 infinite
1135 1584 1374 1652 feratur-
1408 1597 1483 1651 ut
1511 1586 1749 1652 flumen
1792 1587 2021 1665 oratio,
2074 1607 2237 1669 quae

173 1702 309 1745 non
344 1689 454 1745 aut
488 1678 715 1765 spiritu
745 1678 1212 1766 pronuntiantis
1260 1691 1371 1746 aut
1403 1679 1763 1745 interductu
1802 1678 2069 1757 librarii,
2124 1678 2240 1745 sed
2288 1741 2291 1742 γ

171 1793 441 1839 numero
475 1783 698 1863 coacta
732 1773 926 1839 debet
956 1772 1280 1852 insistere,
1333 1796 1558 1839 verum
1590 1773 1783 1839 etiam
1835 1774 2006 1858 quod
2036 1772 2239 1838 multo

171 1865 482 1933 maiorem
517 1866 757 1933 habent
803 1878 960 1955 apta
991 1866 1124 1933 vim
1167 1889 1360 1952 quam
1404 1869 1632 1935 soluta.
1718 1878 1793 1933 ut
1826 1866 1996 1932 enim
2038 1866 2242 1933 athle-

173 1972 277 2025 tas
330 1982 451 2025 nec
499 1960 701 2043 multo
755 1982 940 2027 secus
993 1960 1378 2047 gladiatores
1430 1961 1721 2027 videmus
1772 1960 1931 2026 nihil
1980 1981 2102 2026 nec
2144 1959 2240 2025 vi-

172 2054 372 2120 tando
406 2053 618 2120 facere
655 2065 840 2121 caute
871 2077 994 2121 nec
1033 2055 1310 2143 petendo
1354 2055 1791 2133 vehementer,
1842 2054 1912 2120 in
1946 2076 2073 2139 quo
2106 2076 2238 2119 non

171 2160 387 2215 motus
422 2148 528 2214 hic
569 2148 804 2217 habeat
843 2150 1232 2237 palaestram
1274 2149 1624 2235 quandam,
1675 2160 1776 2227 ut,
1830 2148 2131 2234 quicquid
2169 2147 2241 2213 in

171 2242 279 2308 his
313 2242 504 2309 rebus
539 2243 652 2311 fiat
683 2244 920 2311 utiliter
955 2245 1038 2311 ad
1070 2266 1382 2333 pugnam,
1434 2244 1609 2311 idem
1651 2244 1735 2310 ad
1786 2254 2115 2332 aspectum
2149 2252 2245 2309 et-

173 2337 308 2400 iam
361 2335 445 2399 sit
478 2347 848 2403 venustumz
903 2339 998 2404 sie
1031 2351 1246 2405 orator
1287 2360 1411 2404 nec
1448 2339 1711 2426 plagam
1761 2361 2026 2426 gravem
2066 2337 2240 2415 facit,

176 2427 306 2493 nisi
339 2427 562 2514 petitio
595 2428 719 2495 fuit
752 2441 932 2517 apta,
984 2452 1106 2496 nec
1158 2431 1314 2497 satis
1361 2442 1537 2498 recte
1590 2431 1865 2497 declinat
1914 2431 2241 2517 impetum,

177 2521 309 2588 nisi
341 2521 533 2588 etiam
564 2521 634 2588 in
668 2523 951 2590 cedendo
986 2523 1141 2608 quid
1177 2524 1401 2590 deceat
1422 2523 1771 2611 intellegat.
1839 2523 2053 2608 itaque
2088 2544 2244 2607 qua-
2276 2547 2360 2588 ιιι)

177 2617 261 2682 lis
298 2638 519 2682 eorum
551 2625 795 2694 motus,
849 2637 1012 2701 quos
1049 2613 1549 2702 ἅπαλαίστρους
1584 2615 1819 2685 Graeci
1852 2625 2111 2696 vocant,
2147 2626 2244 2682 ta·-

177 2709 262 2774 lis
297 2708 525 2774 horum
557 2709 716 2776 mihi
751 2709 1010 2777 videtur⁸
1033 2711 1264 2790 oratio,
1317 2711 1431 2796 qui
1460 2733 1593 2776 non
1627 2710 1931 2776 claudunt
1960 2711 2241 2776 numeris
2312 2743 2317 2745 ·

182 2803 560 2882 sententias,
613 2814 984 2890 tantumque
1037 2805 1249 2884 abest,
1299 2816 1401 2884 ut,
1454 2805 1628 2890 quod
1677 2804 1765 2883 ei,
1818 2804 1929 2890 qui
1970 2804 2093 2871 hoe
2134 2817 2243 2870 aut

179 2895 633 2984 magistrorum
665 2897 882 2986 inopia
915 2909 1029 2964 aut
1059 2898 1301 2986 ingenii
1343 2898 1639 2965 tarditate
1674 2908 1787 2964 aut
1816 2897 2053 2967 laboris
2088 2899 2245 2986 fuga

179 3014 316 3058 non
350 3002 499 3058 sunt
531 2993 846 3072 adsecuti,
901 2993 1112 3062 solent
1153 2980 1394 3073 dicere,
1450 3003 1786 3060 enervetur
1828 2995 2029 3062 oratio
2072 3015 2245 3060 com-

177 3086 497 3175 positione
531 3088 890 3167 verborum,
924 3098 998 3153 ut
1031 3087 1265 3155 aliter
1243 3112 1314 3154 m
1347 3109 1427 3154 ea
1456 3109 1581 3154 nec
1600 3087 1887 3199 ‘impetus
1921 3089 2091 3154 ullus
2122 3109 2244 3156 nec

179 3179 283 3245 vis
319 3202 464 3246 esse
496 3181 722 3269 possit.
811 3182 926 3249 sed
957 3205 1260 3270 magnam
1294 3182 1811 3250 exercitationem
1842 3205 1945 3250 res
1979 3181 2243 3270 flagitat,
2279 3200 2353 3256 69

179 3295 267 3338 ne
303 3274 457 3356 quid
491 3297 739 3354 eorum,
793 3275 902 3361 qui
935 3299 1140 3364 genus
1176 3276 1300 3344 hoc
1345 3276 1547 3343 secuti
1578 3299 1711 3343 non
1743 3287 2109 3356 tenuerunt,
2162 3276 2249 3342 si-

179 3364 335 3431 mile
369 3366 708 3447 faciamus,
758 3391 842 3436 ne
878 3380 988 3435 aut
1019 3371 1218 3438 verba
1251 3371 1615 3438 traiciamus
1652 3381 1899 3458 aperte,
1952 3392 2079 3456 quo
2112 3392 2249 3436 me-

183 3460 310 3524 lius
357 3472 465 3525 aut
508 3461 695 3526 cadat
745 3473 856 3528 aut
895 3463 1188 3531 volvatur
1239 3465 1470 3544 oratio;
1524 3465 1699 3549 quod
1748 3487 1821 3531 se
1862 3465 1946 3530 L.
1984 3462 2247 3532 Caelius
2286 3493 2368 3533 aas

183 3551 582 3640 Antipater
563 3577 631 3619 m
671 3555 998 3643 prooemio
1038 3556 1194 3622 belli
1225 3557 1461 3623 Punici
1492 3559 1619 3624 nisi
1651 3558 2011 3625 necessario
2045 3558 2256 3624 factu·-

183 3669 331 3712 rum
363 3659 580 3735 negat.
665 3670 708 3716 o
740 3647 946 3714 virum
981 3649 1380 3736 simplicem,
1410 3651 1521 3735 qui
1551 3673 1671 3718 nos
1706 3651 1865 3722 nihil
1898 3651 2087 3730 celet3
2146 3674 2251 3716 sa-

183 3741 498 3830 pientem,
553 3742 664 3828 qui
697 3742 1104 3810 serviendum
1147 3744 1518 3811 necessitati
1555 3745 1763 3833 putet!
1818 3746 1934 3812 sed
1974 3745 2079 3810 hic
2114 3767 2252 3811 om-

185 3835 343 3902 nino
392 3836 600 3906 rudis:
653 3837 840 3904 nobis
893 3849 1106 3904 autem
1147 3839 1218 3905 in
1259 3839 1595 3908 scribendo
1648 3852 1836 3926 atque
1878 3839 1947 3905 in
1981 3839 2251 3906 dicendo

187 3929 588 3997 necessitatis
634 3931 961 3999 excusatio
1007 3955 1140 4000 non
1187 3932 1521 4020 probatur.
1600 3935 1757 4000 nihil
1801 3945 1903 4000 est
1936 3933 2105 3999 enim
2136 3954 2251 3998 ne·-

189 4043 403 4101 cesse,
457 4034 523 4090 et
555 4024 611 4091 si
645 4026 802 4110 quid,
831 4039 1030 4106 esset,
1082 4026 1152 4093 id
1183 4049 1449 4095 necesse
1502 4039 1716 4097 tamen
1748 4052 1877 4096 non
1921 4038 2057 4095 erat
2098 4047 2252 4094 con-
