2784 4575
345 1264 416 1318 42

339 1336 417 1377 1⁷8

343 2132 418 2172 1⁷9

342 2779 418 2821 180

341 3625 419 3668 182

447 281 534 347 98
1061 293 1138 348 M.
1177 290 1451 349 TULLII
1489 287 1885 346 CICERONIS

449 428 560 485 aut
618 416 1000 504 defatigetur
1061 413 1485 480 similitudinis
1549 413 1865 479 satietate.
1924 411 2195 499 proponi
2254 420 2501 497 oportet

450 511 604 596 quid
653 510 904 576 adferas
941 520 1007 576 et
1041 531 1168 593 qua
1197 531 1268 574 re
1302 508 1392 573 ita
1428 507 1511 572 sit
1554 506 1913 584 ostendere3
1968 529 2051 572 ex
2092 505 2334 570 eisdem
2376 503 2499 568 illis

445 604 606 672 locis
637 605 957 670 interdum
991 601 1386 680 concludere,
1422 600 1777 684 relinquere
1812 599 1969 664 alias
2008 599 2255 682 alioque
2294 608 2508 662 trans-

445 699 567 778 ire3
621 720 814 785 saepe
845 720 977 766 non
1007 717 1363 784 proponere
1400 716 1477 760 ac
1516 695 1761 760 ratione
1794 693 1937 804 ipsa
1971 687 2317 758 adferenda
2350 689 2508 774 quid

446 792 930 880 proponendum
971 791 1190 870 fuerit,
1238 790 1586 867 declarare3
1646 789 1701 854 si
1736 788 1838 852 cui
1872 788 2026 872 quid
2068 786 2271 854 simile
2304 783 2509 862 dieas,

445 886 626 972 prius
683 883 783 972 [ut
833 885 1037 952 simile
1089 882 1294 971 dicas]
1351 883 1716 961 confirmes,
1772 881 2000 948 deinde
2052 880 2223 967 quod
2274 879 2509 966 agitur,

451 980 792 1068 adiungas3
835 980 1236 1066 interpuncta
1270 986 1789 1086 argumentorum
1818 976 2191 1063 plerumque
2228 972 2506 1049 occulas,

449 1097 531 1139 ne
567 1073 710 1158 quis
747 1095 826 1138 ea
865 1094 1198 1138 numerare
1240 1071 1477 1158 possit,
1528 1079 1604 1134 ut
1634 1092 1705 1135 re
1740 1069 2237 1158 distinguantur,
2292 1066 2509 1132 verbis

455 1168 726 1234 confusa
759 1187 904 1232 esse
940 1165 1290 1231 videantur.

568 1262 756 1324 Haec
789 1270 855 1323 et
886 1281 1233 1346 properans
1269 1268 1341 1322 ut
1377 1257 1550 1343 apud
1592 1257 1813 1323 doctos
1848 1266 1917 1322 et
1948 1257 2382 1324 semidoctus
2358 1281 2506 1346 ipse

448 1374 769 1439 percurro,
804 1363 876 1416 ut
912 1352 1248 1436 aliquando
1285 1350 1370 1416 ad
1402 1351 1514 1414 illa
1547 1350 1788 1416 maiora
1820 1351 2180 1417 veniamus:
2214 1353 2369 1418 nihil
2401 1364 2505 1418 est

451 1447 622 1512 enim
652 1446 722 1512 in
755 1445 1022 1512 dicendo
1033 1495 1052 1526 ,
1101 1444 1360 1522 Catule,
1404 1443 1639 1522 maius,
1696 1465 1888 1527 quam
1919 1456 1994 1508 ut
2028 1444 2243 1510 faveat
2274 1447 2507 1513 oratori

449 1541 535 1619 is,
580 1539 689 1624 qui
723 1540 964 1617 audiet,
1017 1541 1236 1624 utique
1267 1540 1408 1625 ipse
1444 1537 1539 1603 sic
1569 1547 1927 1616 moveatur,
1972 1548 2046 1602 ut
2076 1538 2315 1624 impetu
2351 1561 2506 1624 quo-

453 1635 600 1701 dam
637 1634 830 1699 animi
865 1645 930 1699 et
960 1634 1435 1721 perturbatione
1470 1631 1676 1718 magis
1721 1653 1914 1716 quam
1946 1630 2177 1697 iudicio
2214 1643 2325 1697 aut
2358 1655 2505 1698 con-

453 1729 594 1794 silio
645 1739 931 1816 regatur:
983 1728 1168 1816 plura
1219 1727 1389 1793 enim
1440 1725 1639 1792 multo
1690 1725 1979 1791 homines
2028 1725 2311 1791 iudicant
2362 1727 2505 1794 odio

453 1834 561 1888 aut
613 1845 828 1889 amore
883 1833 994 1887 aut
1045 1822 1390 1910 cupiditate
1442 1830 1553 1886 aut
1598 1820 1926 1885 iracundia
1978 1828 2088 1884 aut
2130 1820 2346 1886 dolore
2400 1830 2508 1886 aut

451 1917 692 1982 laetitia
726 1927 837 1981 aut
872 1938 988 2002 spe
1023 1926 1132 1979 aut
1182 1916 1406 1979 timore
1442 1924 1553 1978 aut
1602 1935 1811 1979 errore
1856 1923 1967 1977 aut
2000 1912 2213 1998 aliqua
2259 1936 2508 2000 permo-

455 2010 625 2075 tione
685 2009 918 2074 mentis
980 2029 1172 2092 quam
1238 2007 1507 2072 veritate
1568 2016 1678 2072 aut
1734 2007 2124 2093 praescripto
2188 2020 2298 2072 aut
2354 2008 2505 2072 iuris

454 2125 677 2166 norma
727 2101 940 2184 aliqua
981 2111 1090 2165 aut
1138 2099 1356 2164 iudicii
1408 2098 1683 2165 formula
1734 2109 1843 2164 aut
1890 2099 2161 2186 legibus.
2250 2122 2378 2185 qua
2416 2123 2505 2177 re,

451 2194 576 2258 nisi
610 2194 764 2277 quid
796 2194 978 2260 vobis
1016 2193 1188 2258 aliud
1219 2192 1448 2280 placet,
1486 2193 1571 2258 ad
1601 2193 1713 2258 illa
1743 2215 2107 2281 pergamus.
2110 2194 2127 2222 '
2194 2200 2212 2231 ⁶
2218 2195 2507 2282 paulum

451 2285 658 2371 inquit
686 2283 954 2355 Catulus
992 2286 1212 2353 ‘etiam
1245 2310 1417 2353 nunc
1451 2287 1677 2355 deesse
1711 2289 1961 2353 videtur
1994 2287 2085 2353 eis
2120 2289 2333 2367 rebus,
2368 2289 2509 2353 An·-

453 2380 614 2459 toni,
671 2402 830 2464 quas
886 2382 1263 2469 exposuisti,
1317 2382 1491 2467 quod
1542 2383 1627 2448 sit
1678 2381 1793 2448 tibi
1843 2393 1989 2447 ante
2043 2382 2510 2469 explicandum,

452 2495 644 2557 quam
677 2474 829 2540 illuc
873 2475 1308 2606 proficiscare,
1359 2498 1490 2561 quo
1525 2486 1589 2542 te
1625 2475 1783 2540 dicis
1834 2475 2202 2542 intendere?
2297 2476 2507 2561 ‘quid-

450 2567 663 2632 nam?
715 2568 991 2653 inquit.‘
1001 2570 1111 2654 qui
1161 2570 1319 2637 ordo
1363 2570 1479 2635 tibi
1520 2569 1797 2657 placeat'
1850 2570 2057 2653 inquit
2100 2568 2369 2636 Catulus
2417 2576 2511 2636 ‘et

459 2684 621 2745 quae
671 2661 1003 2749 dispositio
1055 2674 1597 2751 argumentorum,
1648 2663 1718 2727 in
1759 2684 1889 2746 qua
1930 2674 2001 2728 tu
2051 2664 2209 2729 mihi
2260 2686 2513 2750 semper

456 2756 614 2821 deus
649 2756 852 2821 videri
895 2757 1104 2824 soles.’
1195 2758 1370 2823 ‘vide
1407 2780 1599 2842 quam
1634 2756 1782 2822 sim’
1819 2756 2026 2842 inquit
2062 2758 2248 2823 ‘deus
2283 2758 2352 2822 in
2384 2758 2511 2823 isto

451 2872 714 2935 genere,
755 2848 1013 2917 Catule:
1066 2874 1196 2917 non
1232 2851 1491 2918 hercule
1522 2850 1679 2915 mihi
1712 2850 1837 2916 nisi
1873 2852 2195 2917 admonito
2230 2851 2513 2917 venisset

449 2944 518 3006 in
549 2953 858 3023 mentem3
891 2954 966 3009 ut
997 2945 1210 3031 possis
1239 2945 1606 3011 existimare
1639 2968 1742 3011 me
1776 2946 1846 3010 ιιι
1880 2968 1977 3024 ea,
2012 2946 2080 3011 in
2115 2946 2345 3031 quibus
2380 2967 2512 3013 non

449 3057 796 3121 numquam
831 3038 1074 3121 aliquid
1119 3038 1373 3105 efficere
1427 3039 1674 3118 videor,
1724 3062 1851 3105 usu
1904 3040 2107 3106 solere
2140 3040 2210 3104 in
2244 3039 2513 3106 dicendo

452 3130 556 3193 vel
589 3150 744 3196 casu
777 3131 989 3218 potius
1011 3131 1350 3199 incurrere.
1426 3154 1503 3197 ac
1532 3155 1638 3199 res
1666 3132 1923 3216 quidem
1956 3132 2101 3211 ista,
2139 3154 2331 3217 quam
2366 3154 2515 3219 ege,

453 3222 638 3306 quasi
669 3245 802 3290 non
832 3224 1066 3304 norim,
1121 3226 1214 3291 sic
1247 3236 1572 3310 tamquam
1622 3225 1913 3312 ignotum
1962 3226 2286 3292 hominem
2326 3248 2513 3314 prae-

453 3315 740 3397 teribam,
777 3328 1022 3385 tantum
1047 3330 1262 3407 potest
1292 3320 1362 3385 ιιι
1388 3319 1677 3397 dicendo,
1711 3330 1787 3384 ut
1820 3320 1904 3385 ad
1928 3320 2311 3386 vincendum
2336 3319 2512 3384 nulla

450 3412 596 3498 plus
658 3412 890 3500 possit3
965 3416 1081 3480 sed
1139 3424 1353 3481 tamen
1412 3412 1570 3479 mihi
1639 3414 1873 3481 videris
1942 3425 2089 3481 ante
2158 3425 2409 3525 tempus
2474 3436 2513 3479 a

453 3527 556 3570 me
590 3506 902 3573 rationem
936 3507 1173 3574 ordinis
1219 3518 1285 3573 et
1317 3506 1854 3595 disponendarum
1892 3532 2109 3573 rerum
2138 3508 2516 3593 requisisse,

454 3622 604 3665 nam
648 3602 706 3666 si
749 3624 872 3687 ego
926 3623 1180 3667 omnem
1223 3601 1354 3667 vim
1407 3602 1674 3669 oratoris
1706 3602 1777 3667 ιιι
1810 3603 2198 3718 argumentis
2243 3614 2309 3669 et
2340 3602 2409 3667 ιιι
2440 3625 2519 3667 re

451 3694 598 3781 ipsa
636 3718 760 3783 per
795 3718 865 3762 se
909 3695 1380 3783 comprobanda
1420 3696 1809 3784 posuissem,
1828 3709 2113 3785 tempus
2170 3707 2343 3763 esset
2382 3696 2514 3761 iam

454 3792 534 3855 de
576 3789 798 3856 ordine
852 3799 1370 3875 argumentorum
1412 3800 1480 3856 et
1520 3790 1600 3855 de
1644 3791 2076 3857 conlocatione
2128 3790 2363 3876 aliquid
2414 3789 2513 3855 di-

453 3905 627 3963 cere3
681 3884 801 3949 sed
834 3904 980 3949 cum
1026 3883 1148 3949 tria
1191 3883 1320 3949 sint
1351 3907 1392 3949 a
1426 3906 1529 3949 me
1562 3886 1917 3971 proposita,
1972 3886 2053 3950 de
2086 3907 2215 3951 uno
2251 3884 2511 3961 dictum,

359 4034 362 4039 .
454 3997 600 4039 cum
625 3976 715 4041 de
749 3976 1000 4043 duobus
1034 3976 1294 4062 reliquis
1331 3977 1579 4055 dixere,
1632 3989 1770 4045 tum
1802 3978 1923 4045 erit
1956 3977 2226 4063 denique
2262 3977 2342 4043 de
2376 3974 2516 4041 dis-

430 4068 748 4153 'ponenda
780 4080 914 4134 tota
949 4070 1232 4137 oratione
1269 4071 1719 4155 quaerendum.
