2784 4575
1059 213 1179 254 ADN
1185 212 1417 255 OTAITIO
1458 210 1705 255 CRITICA.
2220 208 2377 253 XXX
2384 207 2407 254 Ι
2416 208 2467 253 X

801 784 1427 853 ADNOTATIO
1484 784 1945 852 ORITICA.

290 1048 715 1107 conmmcn
751 1046 1203 1103 RHETORIGA
1227 1002 1336 1103 AD
1396 1045 1494 1094 aut
1532 1041 1631 1109 [ad
1657 1041 2055 1111 imperatorem
2083 1046 2165 1111 et]
2202 1040 2262 1097 in
2291 1044 2474 1099 eonsi-

533 1134 592 1189 Ο,
622 1133 1104 1191 ΗΕΒΕΝΝῙΠΜ,
1394 1117 1545 1171 lium.
1580 1120 1599 1186 ΙΙ
1637 1114 1743 1184 15,
1778 1123 1859 1170 25.
1896 1120 2171 1173 exercitum
2197 1116 2387 1176 eduxit.
2427 1126 2474 1175 3.

1396 1195 1608 1249 eduxit.
1657 1196 1677 1267 ss
1734 1190 1839 1257 16,
1878 1200 1960 1249 26.
2014 1197 2149 1249 ratio
2183 1207 2271 1251 esi.
2332 1198 2475 1266 1,ab.

1398 1277 1485 1326 est
1518 1271 1683 1326 ratio·
1748 1272 2193 1341 Clytaemestram.
2243 1272 2302 1329 Ο.
2348 1274 2477 1345 cly-

1394 1354 1813 1403 taemnestram.
1842 1350 1861 1417 ΙΙ
1890 1342 1989 1417 17,
2021 1356 2102 1405 27.
2139 1354 2477 1421 reperientur.

1398 1422 1457 1479 Ο.
1478 1426 1849 1495 reperiuntur.
1890 1426 1963 1480 af.

717 1242 834 1283 Ltn.
865 1242 903 1283 1.

341 1312 412 1385 2,
449 1321 496 1369 2.
535 1335 638 1388 quo
671 1318 824 1369 modo
857 1318 951 1369 has
979 1331 1182 1367 causas.
1252 1313 1360 1366 has

275 1409 482 1447 causas
513 1409 626 1464 quo
656 1394 843 1446 modo·
883 1408 932 1445 e.
959 1394 1052 1461 113.
1088 1400 1135 1443 et
1161 1398 1357 1443 senien-

273 1470 467 1521 tiamm
483 1468 614 1521 incl.
629 1469 758 1539 (om.
771 1468 846 1537 2.)
871 1470 890 1535 ΙΙ
916 1463 975 1535 3,
1006 1472 1055 1519 4.
1093 1468 1360 1519 exordium

273 1549 435 1613 μ,2,ι·.
461 1544 524 1597 in
553 1543 860 1597 exordium.
886 1546 906 1613 u
942 1548 989 1595 5.
1027 1551 1100 1595 est
1128 1544 1357 1595 conside·
1821 1548 1937 1589 Lm.
1966 1550 2030 1591 11.

273 1622 502 1675 randum
539 1620 722 1690 epftb.
751 1617 1228 1683 considerandum
1255 1622 1356 1671 est.
1469 1616 1525 1687 1,
1558 1626 1601 1673 1.
1630 1637 1859 1689 parvam
1871 1624 2079 1690 partem
2097 1623 2291 1677 eius-
2310 1634 2479 1678 trans-

283 1699 304 1766 ΙΙ
329 1692 386 1764 6,
409 1704 459 1752 9.
493 1706 583 1751 aut
601 1700 663 1751 de
679 1699 862 1767 aliqua
879 1714 936 1749 re
956 1692 1000 1747 Ο
1028 1694 1152 1765 (aut
1168 1693 1361 1763 aliqua
1397 1696 1641 1763 feremus.
1666 1694 1725 1750 Ο.
1744 1713 1955 1765 parvae
1974 1704 2169 1767 partes
2188 1698 2309 1753 eius
2332 1700 2479 1755 duae

273 1791 355 1831 rc.
386 1775 496 1847 ext.)
527 1773 816 1845 aliquare.
839 1775 860 1842 ΙΙ
888 1778 970 1827 10.
1007 1772 1189 1840 fecerit
1203 1774 1362 1843 fidem
1396 1804 1467 1816 —-
1493 1772 1923 1829 transferentur.
1952 1790 2002 1829 c.
2036 1776 2057 1843 ΙΙ
2081 1770 2149 1844 3,
2172 1782 2218 1829 5.
2246 1778 2372 1830 m722'l
2396 1796 2481 1833 eo-

275 1851 596 1907 audizoribus
650 1848 714 1905 Ο.
771 1848 944 1904 fidem
1007 1848 1361 1903 auditoribus
1398 1870 1532 1905 rum.
1586 1848 1646 1904 Ο.
1692 1848 1847 1903 nihil·
1870 1850 2089 1905 horum.
2134 1858 2218 1925 ρ1.
2260 1854 2283 1925 fl
2322 1848 2393 1923 4,
2434 1860 2480 1907 6.

273 1928 492 1985 fecerit.
520 1924 625 1998 117,
649 1934 730 1981 11.
767 1928 1084 1981 exordienda
1115 1932 1160 1979 1.
1180 1924 1240 1979 in
1267 1942 1361 1979 ex·
1400 1929 1549 1982 bono.
1596 1925 1657 1981 Ο.
1705 1927 1919 1981 bonum
1958 1929 2131 1997 [illas]
2180 1926 2241 1983 Ο.
2282 1930 2477 1999 [alias]

277 2005 570 2061 ordienda.
631 2006 845 2060 nimium
875 2006 1154 2075 apparatis
1195 2003 1362 2057 verbis
1399 2004 1459 2061 fv
1494 2003 1617 2077 (ubi
1654 2002 1826 2057 ‘alias
1855 2003 1986 2058 illas
1997 2004 2053 2077 '),
2090 2006 2220 2059 illas
2258 2007 2415 2062 alias.
2452 2009 2472 2076 ss

275 2084 614 2153 compositum
631 2091 722 2135 aut
748 2082 884 2135 incl.
900 2100 964 2137 ex
981 2082 1246 2137 contrario
1265 2098 1361 2149 po·
1402 2092 1447 2137 7.
1488 2084 1568 2151 [in
1586 2100 1646 2137 eo
1667 2084 1783 2135 Ioco
1801 2082 2065 2151 solitudo.]
2090 2080 2153 2137 Ο.
2174 2082 2478 2151 [solitudo]

275 2161 410 2217 terit.
431 2167 477 2213 1.
493 2158 710 2229 poterit
735 2174 804 2213 ex
825 2159 1128 2214 contrario.
1151 2159 1172 2231 ΙΙ
1199 2151 1259 2226 8,
1282 2162 1362 2210 12.
1402 2176 1509 2214 om.
1546 2158 1633 2216 ‘in
1660 2176 1729 2213 eo
1758 2158 1924 2226 loce,’
1960 2164 2025 2211 ut
2057 2164 2097 2212 t.
2135 2161 2481 2213 considerabi-

275 2246 354 2292 est
377 2238 713 2292 narrationis.
747 2244 792 2291 1.
827 2235 1172 2292 narrationis
1201 2240 1303 2290 cst.
1337 2236 1356 2304 ΙΙ
1400 2246 1502 2291 tur.
1545 2234 1612 2292 Ο.
1644 2236 2052 2292 consideratur.
2097 2238 2485 2307 transiqendam

278 2309 348 2384 9,
387 2320 468 2368 16.
503 2332 610 2368 non
633 2323 808 2384 potest
841 2313 1034 2381 facere.
1075 2311 1135 2368 Ο.
1171 2311 1362 2368 facere
1399 2315 1737 2368 includatur.
1794 2331 1973 2384 ecqua.
2020 2310 2081 2366 Ο.
2130 2330 2293 2385 quac.
2332 2314 2420 2368 cb.
2456 2316 2477 2384 ss

277 2408 398 2446 non
413 2394 620 2462 potest.
649 2391 1156 2446 deinsinuationibus
1168 2395 1278 2459 1,2.
1292 2389 1363 2444 dc
1400 2386 1469 2460 5,
1514 2395 1563 2444 8.
1618 2392 1925 2444 adiumentis
1968 2405 2075 2442 scr.
2112 2390 2483 2461 argumentis,

281 2466 681 2522 insinuatione.
736 2485 841 2522 eas.
877 2467 942 2519 E.
993 2483 1132 2521 eam.
1182 2467 1362 2520 cdl34.
1402 2478 1601 2522 tumore
1607 2469 1907 2536 praeditam
1925 2482 2029 2520 scr.
2042 2472 2277 2521 tumore.
2289 2470 2507 2537 factum·

279 2562 438 2614 quam
465 2545 546 2598 rei
566 2545 779 2598 utilitas.
816 2542 878 2596 Ο.
915 2559 1064 2613 quae
1100 2542 1184 2596 rei
1217 2541 1363 2595 utili-
1400 2547 1481 2598 sit.
1520 2543 1583 2598 Ο.
1630 2543 1704 2598 sit
1728 2543 1960 2598 factum.
1996 2547 2101 2596 trv.
2146 2553 2239 2596 aut
2262 2545 2311 2596 si
2336 2545 2483 2596 vesti-

279 2626 389 2674 tas·
416 2641 466 2673 α.
491 2621 514 2690 fl
543 2614 642 2686 10,
675 2626 754 2672 17.
783 2620 1028 2688 primum.
1048 2616 1108 2671 Ο.
1127 2619 1363 2686 primum
1398 2623 1542 2690 qiam
1586 2616 1645 2672 Ο.
1682 2627 1783 2673 aut
1825 2617 2144 2687 vestigium.
2204 2622 2487 2672 secundum

283 2696 444 2750 enim.
459 2697 836 2763 Clytaemestra
849 2692 1364 2762 LClytaemnestra.
1402 2697 1537 2750 vitae
1559 2693 1785 2748 Sehiitz.
1822 2695 1989 2748 vitae.
2014 2696 2035 2763 u
2062 2689 2119 2759 7,
2144 2700 2225 2746 11.
2252 2697 2489 2748 cruciatu

282 2773 473 2826 dicturi
495 2788 686 2824 summ.
708 2768 770 2823 Ο.
791 2769 924 2822 dict.
946 2769 1136 2823 simus,
1159 2771 1180 2840 Ι]
1210 2773 1290 2822 18.
1319 2778 1366 2822 et
1404 2770 1467 2826 Ο.
1538 2769 1901 2826 cruciatibuS.
1944 2772 1963 2839 ΙΙ
2010 2776 2089 2822 11.
2160 2787 2263 2840 quo
2315 2773 2487 2827 modo,

283 2851 341 2902 in
375 2847 516 2916 confi
554 2844 614 2901 Ο.
651 2851 710 2900 ct
746 2844 900 2900 conf.
939 2849 960 2916 ΙΙ
996 2842 1095 2918 11,
1136 2850 1215 2900 18.
1253 2863 1364 2899 cor·
1404 2846 1465 2901 Ο.
1504 2863 1633 2918 que.
1678 2848 1697 2916 ΙΙ
1738 2841 1808 2915 9,
1849 2851 1929 2900 13.
1964 2865 2028 2900 ea
2061 2849 2324 2901 sententia.
2364 2852 2393 2900 3
2432 2848 2491 2921 (a

281 2943 428 2996 pore.
475 2922 536 2979 Ο.
591 2940 624 2978 e
663 2938 920 2994 corpore.
971 2942 1025 2977 n.
1061 2926 1082 2993 ΙΙ
1117 2930 1198 2978 19.
1251 2941 1368 2976 cam
1407 2922 1703 2991 sententia.
1756 2921 1909 2996 parf.)
1966 2923 2263 2978 sententia.
2319 2924 2489 2978 heka.

283 3004 476 3072 scripto
513 3001 612 3075 (ut
645 3005 735 3056 est
767 2999 828 3054 in
867 3000 926 3072 1)
963 3000 1124 3054 malit
1157 2999 1366 3056 Baiter.
1405 3003 1667 3072 aperietur
1685 3016 1789 3055 scr.
1800 3001 2131 3070 reperietur.
2151 3010 2335 3055 contra
2353 3003 2493 3072 quod

283 3081 409 3132 navi
441 3076 502 3133 Ο.
537 3094 702 3132 nave.
745 3079 801 3130 in
833 3080 1080 3148 scapham
1116 3075 1177 3131 Ο.
1217 3085 1276 3132 et
1309 3078 1370 3132 in
1410 3077 1540 3146 1,af.
1566 3082 1763 3132 contra
1779 3074 1840 3130 id
1860 3079 2077 3149 quodi}
2106 3074 2205 3147 10,
2237 3085 2317 3132 14.
2356 3094 2491 3148 quae

286 3155 573 3226 scapham.
599 3155 621 3224 ss
649 3149 746 3221 12,
775 3158 858 3208 20.
898 3156 1124 3224 leyitima
1154 3162 1200 3209 1.
1227 3155 1368 3225 legi·
1407 3157 1579 3209 omnia
1614 3149 1921 3224 scriptorem
1955 3157 2185 3210 noluisse
2222 3171 2381 3226 quam
2408 3172 2489 3209 re·

283 3231 423 3286 tima
449 3236 552 3286 est.
603 3249 764 3285 unam
797 3232 854 3284 in
879 3241 1009 3286 sent.
1047 3231 1258 3286 Baiter.
1310 3231 1370 3286 in
1408 3233 1625 3286 ctissime
1656 3234 1791 3303 fieri.
1840 3230 1901 3286 Ο.
1956 3247 2105 3304 quac
2152 3233 2491 3301 scripturam

285 3325 456 3362 unam
477 3313 624 3364 sent.
655 3307 704 3362 ei
727 3309 908 3362 debere
927 3308 1008 3380 (et
1024 3309 1234 3364 debere
1253 3307 1370 3378 hp).
1400 3309 1677 3364 habuisse
1734 3312 1931 3380 [quam
1972 3308 2290 3364 rectissime
2336 3305 2486 3374 fieri]

291 3385 519 3439 debere.
558 3383 694 3456 (θμ).
739 3394 812 3438 est
849 3386 1090 3454 leqitima.
1131 3384 1194 3439 Ο.
1229 3385 1371 3456 legi·
1407 3386 1485 3440 fn.
1522 3389 1545 3456 ΙΙ
1579 3393 1659 3440 15.
1700 3395 1857 3455 parte
1890 3387 2021 3440 iuris
2054 3385 2185 3440 incl.
2217 3388 2239 3458 fl
2269 3381 2367 3452 11,
2406 3389 2489 3437 16.

288 3460 444 3516 tima.
479 3465 565 3534 (³²-
591 3462 612 3530 ΙΙ
637 3467 720 3514 21.
757 3461 948 3516 malim
975 3462 1182 3517 abesse
1213 3461 1369 3516 ‘Cae-
1408 3479 1631 3534 quarum
1656 3481 1722 3516 εει·
1750 3465 1921 3516 altera
1937 3471 2097 3532 parte
2123 3479 2231 3518 scr.
2251 3476 2399 3532 quae
2421 3477 2491 3522 cx

283 3537 400 3610 pio'
429 3541 563 3592 ante
593 3537 932 3591 ‘maiestatis.'
976 3539 1220 3610 leqitima.
1270 3542 1370 3606 1‚3.
1410 3541 1590 3595 altera
1616 3543 1797 3608 parte.
1834 3557 1901 3592 ne
1924 3540 2051 3610 qaid
2074 3539 2386 3608 ambiyuum.
2424 3535 2489 3592 Ο.

290 3613 546 3686 legitima
563 3617 668 3668 est.
688 3618 737 3666 2.
763 3613 784 3682 ΙΙ
809 3619 892 3666 22.
929 3615 1072 3670 civili
1084 3615 1216 3669 incl.
1235 3617 1372 3669 cadit
1410 3615 1735 3686 ambiguum
1778 3632 1851 3670 ne
1888 3615 2037 3686 quid.
2086 3630 2135 3670 e.
2180 3616 2495 3668 intercedere

291 3693 393 3764 qui.
420 3691 601 3761 hpne.
641 3689 795 3744 cadit
819 3689 868 3743 is
890 3691 1004 3762 qui.
1029 3693 1050 3762 ΙΙ
1078 3686 1183 3760 13,
1205 3697 1289 3746 23.
1327 3695 1376 3747 ei
1412 3699 1513 3765 1,3.
1531 3692 2037 3760 interdicerepmcv.
2064 3693 2085 3760 ss
2114 3686 2211 3761 12,
2243 3698 2340 3752 17..
2360 3708 2495 3760 qaae

292 3770 396 3838 qui.
417 3766 630 3823 Baiter.
658 3765 720 3820 hi
738 3767 849 3836 qui.
875 3768 896 3836 ΙΙ
923 3762 1022 3836 14,
1043 3775 1126 3822 24.
1153 3771 1248 3824 hoc
1263 3789 1370 3824 mo·
1408 3779 1527 3824 sunt
1562 3788 1647 3837 ea,
1688 3769 1747 3830 Q.
1770 3768 1996 3838 Caepio?
2037 3767 2243 3838 Bergk.
2280 3766 2493 3822 Sehiitz
2590 3814 2596 3819 .

291 3847 358 3899 do
375 3847 432 3899 in
447 3847 564 3898 Ioco
581 3875 650 3886 -
681 3845 970 3898 iniciamus.
990 3845 1048 3898 Ο.
1077 3845 1138 3899 in
1156 3847 1285 3902 loco
1304 3877 1375 3890 —-
1409 3847 1492 3922 (Z.
1503 3845 1617 3902 fic.
1631 3851 1779 3913 1855,
1792 3847 1932 3918 329).
1944 3861 2089 3915 quae
2099 3850 2235 3900 sunt
2244 3861 2329 3911 ea,
2344 3858 2492 3914 quae

291 3920 586 3978 iniciamus
611 3919 725 3976 hoc
749 3921 938 3976 modo.
965 3923 1250 3994 13νο13ρ3.
1281 3926 1376 3992 [ad
1411 3923 1592 3995 capio.
1618 3925 1639 3992 ΙΙ
1666 3929 1746 3976 18.
1767 3930 1941 3974 utrum
1958 3939 2050 3976 eae
2066 3941 2151 3976 res
2167 3924 2359 3976 similes
2374 3922 2492 3974 sint.

292 4000 680 4070 imperatorem]
701 4001 820 4054 etin
839 4001 1124 4055 consilium.
1161 3998 1372 4056 Baiter.
1414 4017 1520 4055 scr.
1542 4005 1727 4054 utrum
1749 4014 1819 4054 ca
1835 4014 1929 4054 res
1949 3997 2145 4056 similis
2175 3998 2263 4055 sit.
2300 4015 2371 4052 an
2386 3996 2493 4050 dis-
