2784 4575
805 283 912 338 DE
931 280 1314 340 'ORATORE
1351 285 1427 339 11.
1462 283 1701 338 85—92.
2193 272 2277 338 79

210 410 502 479 oratione
537 419 752 473 autem
795 406 983 472 celeri
1017 417 1083 471 et
1115 406 1456 484 concitata,
1514 405 1685 490 'quod
1718 416 1854 472 erat
1895 399 2161 493 ingenii,
2214 418 2290 474 et-

211 504 428 572 verbis
475 499 1042 568 effervescentibus
1088 511 1152 565 et
1200 500 1392 586 paulo
1444 499 1709 564 nimium
1756 499 2275 579 redundantibus,

214 597 393 683 quod
435 606 572 662 erat
625 594 872 660 aetatis.
960 615 1092 660 non
1136 617 1278 658 sum
1331 603 1737 679 aspernatus3
1788 592 1935 660 volo
1987 593 2157 658 enim
2208 615 2281 658 se

215 691 447 757 efferat
494 690 564 754 in
619 688 1028 754 adulescente
1080 684 1468 766 fecunditas3
1520 708 1674 752 nam
1717 685 1882 752 sicut
1922 685 2169 752 facilius
2212 685 2281 750 in

216 783 458 850 vitibus
506 791 888 848 revocantur
940 803 1046 858 ea,
1109 801 1274 862 quae
1329 801 1473 844 sese
1524 779 1790 844 nimium
1842 780 2279 866 profuderunt,

218 899 442 962 quam,
479 875 536 942 si
569 874 728 940 nihil
762 875 934 940 valet
966 873 1290 950 materieS,
1335 895 1506 937 nova
1542 883 1859 939 sarmenta
1892 873 2137 938 cultura
2171 895 2282 938 ex-

217 971 524 1047 citantur,
587 967 743 1032 item
792 966 941 1032 volo
995 985 1140 1030 esse
1190 966 1259 1030 in
1320 966 1755 1045 adulescente,
1814 967 1983 1032 unde
2044 965 2282 1049 aliquid

219 1070 576 1148 amputem3
625 1082 756 1126 non
791 1058 962 1125 enim
1011 1068 1224 1145 potest
1255 1058 1326 1122 in
1369 1080 1447 1123 eo
1484 1081 1627 1124 esse
1682 1079 1873 1124 sucus
1926 1058 2279 1136 diuturnus,

219 1156 400 1240 quod
451 1154 638 1220 nimis
689 1153 976 1219 celeriter
1027 1162 1127 1218 est
1175 1152 1604 1217 maturitatem
1664 1152 2052 1218 adsecutum.
2148 1153 2280 1217 vidi
2322 1176 2376 1218 aa

221 1249 445 1316 statim
477 1246 756 1312 indolem
789 1268 998 1331 neque
1045 1245 1254 1310 dimisi
1295 1257 1548 1333 tempus
1586 1255 1651 1310 et
1684 1269 1830 1312 eum
1874 1268 2014 1311 sum
2058 1246 2281 1314 cohor-

216 1352 424 1419 tatus,
475 1351 550 1405 ut
591 1341 800 1406 forum
843 1339 967 1407 sibi
1019 1338 1241 1404 ludum
1282 1350 1535 1426 putaret
1578 1362 1720 1406 esse
1764 1340 1847 1405 ad
1890 1339 2279 1418 discendum,

217 1435 601 1521 magistrum
643 1444 884 1512 autem,
939 1455 1130 1518 quem
1175 1433 1392 1512 vellet,
1448 1433 1712 1519 eligeret
1718 1458 1737 1512 3
1790 1456 1893 1498 me
1937 1434 2188 1518 quidem
2224 1433 2283 1499 si

217 1528 488 1605 audiret,
523 1527 608 1592 L.
637 1525 976 1592 Crassum=
1015 1526 1186 1610 quod
1219 1525 1340 1592 iste
1369 1527 1646 1613 adripuit
1679 1538 1743 1592 et
1775 1527 1867 1592 ita
1902 1549 2044 1593 sese
2078 1527 2283 1592 factu-

213 1645 366 1690 rum
425 1621 822 1688 confirmavit
883 1631 1071 1705 atque
1135 1620 1327 1686 etiam
1396 1620 1667 1699 addidit,
1737 1621 1979 1707 gratiae
2044 1621 2283 1686 scilicet

217 1736 449 1792 causa,
502 1736 605 1778 me
650 1736 901 1799 quoque
947 1714 1070 1779 sibi
1120 1715 1500 1800 magistrum
1542 1714 1847 1779 futurum.
1933 1713 2043 1779 vix
2078 1736 2283 1778 annus

216 1807 668 1872 intercesserat
719 1808 800 1873 ab
853 1807 976 1873 hoc
1030 1829 1322 1873 sermone
1375 1806 1825 1873 cohortationis
1874 1829 2083 1884 meae,
2136 1827 2283 1870 cum

218 1901 352 1965 iste
403 1901 725 1966 accusavit
777 1898 856 1966 C.
909 1901 1309 1978 Norbanum,
1373 1900 1756 1966 defendente
1806 1922 1939 1964 me:
2004 1922 2133 1965 non
2185 1909 2284 1964 est
2367 1979 2371 1983 .

221 1993 526 2058 credibile
579 1995 732 2078 quid
781 1993 1090 2058 interesse
1143 1993 1299 2057 mihi
1353 1993 1435 2058 sit
1478 1992 1688 2059 visum
1738 1993 1903 2058 inter
1947 2015 2089 2058 eum
2101 2040 2121 2071 ,
2173 1991 2283 2075 qui

222 2096 365 2166 tum
399 2097 533 2152 erat
568 2099 634 2152 et
668 2087 776 2171 qui
811 2109 978 2152 anno
1015 2097 1160 2152 ante
1194 2087 1422 2152 fuerat.
1495 2087 1750 2152 omnino
1784 2086 1851 2150 in
1884 2086 2041 2152 illud
2076 2108 2283 2171 genus

223 2202 411 2245 eum
429 2178 653 2246 Crassi
708 2180 1119 2291 magnificum
1173 2189 1360 2264 atque
1421 2181 1818 2266 praeclarum
1866 2189 2094 2245 natura
2141 2179 2287 2268 ipsa

226 2273 530 2351 ducebat,
569 2274 683 2340 sed
717 2298 796 2340 ea
827 2298 956 2340 non
993 2273 1146 2341 satis
1180 2275 1489 2361 proficere
1523 2275 1865 2361 potuisset,
1899 2274 2023 2340 nisi
2059 2275 2285 2342 eodem

228 2366 444 2433 studio
481 2377 668 2450 atque
709 2368 1058 2434 imitatione
1101 2368 1482 2433 intendisset
1524 2380 1713 2453 atque
1755 2369 1847 2434 ita
1888 2368 2097 2434 dicere
2132 2391 2284 2436 con-

227 2471 511 2540 suesset,
564 2471 635 2526 ut
677 2471 810 2527 bota
846 2474 1060 2528 mente
1107 2460 1417 2528 Crassum
1470 2473 1659 2547 atque
1712 2461 1883 2528 omni
1936 2463 2143 2527 animo
2186 2463 2285 2527 in-

227 2559 528 2624 tueretur.
617 2577 768 2642 ergo
820 2556 943 2622 hoc
997 2556 1080 2621 sit
1127 2554 1404 2664 primum
1445 2555 1513 2620 in
1562 2556 1917 2641 praeceptis
1968 2555 2157 2633 meis,
2209 2566 2283 2619 ut
2316 2554 2389 2607 22

229 2650 766 2727 demonstremus,
823 2672 1011 2733 quem
1053 2649 1334 2713 imitetur
1371 2646 1591 2733 [atque
1623 2648 1742 2725 ita,
1796 2658 1895 2724 ut,
1952 2670 2115 2731 quae
2148 2671 2284 2713 mae
2325 2625 2382 2663 ⁹⁰

225 2741 398 2807 xime
433 2742 798 2807 excellent
777 2766 845 2807 111
879 2765 985 2821 eo,
1040 2764 1230 2826 quem
1264 2741 1638 2819 imitabitur,
1692 2762 1771 2805 ea
1804 2695 2282 2825 diligentissime

224 2834 706 2923 persequatur];
760 2847 895 2899 tum
931 2836 1194 2899 accedat
1227 2834 1622 2909 exercitatio,
1674 2854 1802 2915 qua
1834 2832 2041 2909 illum,
2094 2853 2285 2916 quem

226 2928 562 3014 delegerit,
603 2929 912 2995 imitando
948 2930 1215 3015 effingat
1249 2938 1437 3011 atque
1474 2926 1813 3012 exprimat,
1856 2948 1986 2991 non
2017 2937 2091 2991 ut
2122 2926 2287 2991 mul-

228 3032 332 3087 tos
376 3020 722 3089 imitatores
779 3045 970 3108 saepe
1023 3022 1322 3109 cognovi,
1379 3021 1490 3105 qui
1540 3031 1648 3085 aut
1701 3042 1805 3098 ea,
1859 3042 2020 3103 quae
2075 3018 2285 3084 facilia

229 3124 406 3193 sunt,
447 3126 558 3183 aut
591 3115 783 3182 etiam
815 3116 943 3195 illa,
980 3138 1144 3200 quae
1177 3115 1457 3201 insignia
1492 3136 1567 3180 ac
1598 3136 1803 3200 paene
1838 3112 2095 3191 vitiosa,
2136 3134 2285 3179 con-

230 3220 551 3276 sectantur
585 3210 921 3275 imitando:
955 3210 1114 3274 nihil
1149 3220 1250 3275 est
1282 3208 1551 3287 facilius,
1592 3229 1780 3292 quam
1816 3206 2112 3271 amictum
2145 3206 2285 3271 imi·
2328 3224 2381 3265 ει

228 3302 352 3367 tari
385 3303 649 3369 alicuius
687 3314 798 3368 aut
833 3314 1067 3369 statum
1103 3313 1213 3368 aut
1244 3314 1515 3381 motum3
1572 3302 1626 3366 si
1662 3323 1813 3367 vero
1849 3300 2039 3366 etiam
2072 3300 2285 3366 vitiosi

231 3393 474 3478 aliquid
523 3407 650 3474 est,
711 3395 780 3462 id
833 3418 1082 3463 sumere
1133 3407 1200 3462 et
1250 3396 1319 3460 in
1371 3418 1448 3461 eo
1502 3394 1904 3461 ambitiosum
1964 3417 2107 3459 esse
2157 3417 2289 3459 non

228 3510 540 3573 magnum
571 3500 698 3568 est,
733 3500 808 3556 ut
839 3490 974 3567 ille,
1021 3490 1130 3574 qui
1163 3511 1332 3554 nunc
1369 3488 1587 3567 etiam,
1642 3488 1879 3553 amissa
1911 3508 2097 3562 voce,
2133 3485 2289 3549 furit

227 3581 298 3645 in
335 3604 408 3647 re
456 3582 743 3669 publica,
798 3584 1052 3663 Fufius,
1105 3604 1337 3649 nervos
1390 3583 1460 3647 in
1510 3581 1776 3647 dicendo
1823 3576 1901 3645 C.
1945 3575 2287 3663 Fimbriae,

229 3695 390 3757 quos
428 3686 644 3741 tamen
678 3676 902 3742 habuit
943 3676 1079 3755 ille,
1132 3697 1262 3741 non
1306 3676 1699 3759 adsequitur,
1753 3672 1877 3738 oris
1912 3670 2288 3757 pravitatem
2364 3758 2367 3761 ἡ

229 3777 295 3831 et
327 3770 670 3834 verborum
703 3769 1116 3835 latitudinem
1133 3768 1443 3845 imitatur;
1489 3769 1605 3833 sed
1639 3778 1850 3832 tamen
1884 3763 1991 3829 ille
2024 3783 2145 3827 nec
2179 3763 2289 3827 de·-

227 3860 428 3945 ligere
483 3862 697 3941 scivit,
752 3863 931 3929 cuius
982 3862 1385 3949 potissimum
1440 3861 1661 3927 similis
1716 3867 1915 3934 esset,
1978 3866 2043 3923 et
2092 3854 2159 3919 in
2210 3876 2287 3921 eo

226 3953 402 4038 ipso,
448 3974 640 4037 quem
673 3956 1028 4043 delegerat,
1071 3955 1305 4021 imitari
1340 3956 1530 4021 etiam
1564 3953 1720 4025 vitia
1753 3950 1979 4030 voluit3
2034 3948 2142 4034 qui
2176 3972 2288 4015 au·
2328 3974 2387 4015 92

225 4055 360 4113 tem
393 4045 488 4113 ita
517 4047 738 4129 faciet,
781 4060 856 4115 ut
888 4059 1167 4137 oportet,
1210 4049 1487 4136 primum
1530 4046 1751 4134 vigilet
1790 4066 2053 4111 necesse
2090 4054 2189 4111 est
2219 4043 2290 4108 in
