2784 4575
449 280 542 346 98
708 258 710 261 ’
949 285 1372 346 mammon
1405 283 2023 343 RHETORICORUM

459 440 584 501 quo
619 415 916 492 iusserat,
963 412 1252 489 veniunt,
1301 420 1615 494 quaerunt
1659 409 1853 487 hunc,
1896 407 2247 494 reperiunt,
2294 407 2527 474 domus

462 511 606 576 cuia
657 509 765 574 sit:
818 509 886 572 in
939 507 1354 572 diversorium
1410 503 1602 569 derisi
1656 505 1991 570 conferunt
2044 523 2205 568 sese.
2304 503 2529 568 vident

461 604 780 672 hominem
829 613 1086 688 postero
1151 600 1280 666 die:
1341 609 1627 677 narrant,
1692 598 2127 685 expostulant,
2191 610 2524 664 accusant:

459 700 550 764 ait
581 698 702 764 iste
729 720 838 763 eos
871 696 1276 760 similitudine
1303 694 1428 760 loci
1454 695 1753 781 deceptos
1792 694 2125 780 angiporto
2161 693 2521 772 deerrasse3

461 816 530 857 se
595 802 814 857 contra
874 790 1304 854 valetudinem
1375 811 1558 853 suam
1620 789 1704 852 ad
1760 798 2014 853 noctem
2081 787 2349 852 multam
2411 811 2525 852 ex-

463 897 806 973 spectasse.
899 883 1209 949 Sannioni
1260 905 1460 969 puero
1512 883 1841 969 negotium
1886 882 2176 959 dederat,
2227 893 2303 946 ut
2342 904 2520 960 vasa,

461 980 865 1056 vestimenta,
901 1000 1134 1064 pueros
1169 987 1452 1064 rogaret:
1492 976 1781 1042 servulus
1816 999 1947 1042 non
1979 977 2327 1041 inurbanus
2366 977 2517 1040 satis

463 1085 718 1140 strenue
772 1083 837 1138 et
889 1072 1194 1138 concinne
1247 1082 1669 1158 compararat:
1732 1071 1854 1137 iste
1914 1070 2199 1157 hospites
2263 1071 2518 1136 domum

462 1168 746 1245 deducit,
803 1166 891 1230 ait
926 1189 995 1232 se
1034 1165 1207 1231 aedis
1243 1165 1553 1241 maximas
1608 1165 1859 1230 cuidam
1904 1166 2106 1232 amico
2143 1165 2226 1232 ad
2266 1165 2519 1251 nuptias

463 1261 923 1326 commodasse.
1027 1261 1278 1324 nuntiat
1325 1255 1486 1346 puer
1546 1270 1881 1346 argentum
1939 1259 2143 1346 repeti
2190 1295 2280 1308 —-
2328 1258 2519 1344 perti-

462 1365 709 1419 muerat
759 1354 955 1432 enim,
1013 1354 1119 1438 qui
1171 1355 1604 1421 commodarat
1634 1391 1723 1402 —-
1758 1361 2021 1441 ‘apage,
2075 1353 2279 1438 inquit
2315 1353 2517 1418 ‘aedis

463 1448 887 1526 commodavi,
924 1447 1230 1516 familiam
1263 1445 1441 1514 dedi:
1480 1458 1814 1534 argentum
1850 1469 2101 1533 quoque
2138 1448 2308 1513 volt?
2360 1458 2522 1512 tam-

463 1542 583 1606 etsi
635 1541 917 1629 hospites
989 1543 1223 1621 habeo,
1287 1554 1503 1608 tamen
1560 1552 1775 1608 utatur
1842 1542 2020 1620 licet,
2091 1564 2209 1608 nos
2284 1539 2518 1608 Samiis

463 1636 951 1702 delectabimur.’
1043 1638 1196 1722 quid
1237 1660 1388 1724 ego,
1436 1659 1600 1721 quae
1645 1636 1873 1702 deinde
1918 1637 2180 1713 efficiat,
2233 1637 2521 1701 narrem?

463 1730 596 1796 eius
633 1731 806 1796 modi
858 1743 958 1796 est
991 1731 1264 1797 hominis
1309 1742 1565 1809 natura,
1618 1742 1717 1808 ut,
1774 1753 1936 1816 quae
1982 1731 2247 1818 singulis
2295 1731 2517 1796 diebus

462 1824 657 1888 efficit
699 1824 902 1912 gloria
945 1836 1134 1910 atque
1179 1825 1629 1902 ostentatione,
1684 1847 1761 1890 ea
1803 1825 1913 1890 vix
1966 1847 2175 1890 annuo
2230 1846 2518 1891 sermone

365 1940 415 1980 65
463 1939 754 1983 enarrare
805 1919 1068 2004 possim.
1073 1919 1088 1946 ’
1178 1918 1366 1983 huius
1412 1919 1587 1985 modi
1636 1919 2021 1996 notationes,
2076 1941 2239 2003 quae
2284 1919 2518 1984 descri-

459 2012 647 2089 bunt,
708 2012 862 2094 quid
923 2022 1420 2078 consentaneum
1476 2012 1560 2078 sit
1618 2013 1806 2078 unius
1870 2013 2175 2097 cuiusque
2236 2023 2516 2090 naturae,

462 2103 868 2169 vehementer
911 2105 1151 2170 habent
1191 2130 1493 2193 magnam
1537 2107 2046 2174 delectationem:
2102 2118 2299 2174 totam
2352 2107 2517 2192 enim

461 2208 754 2262 naturam
797 2199 1152 2286 cuiuspiam
1192 2213 1438 2289 ponunt
1483 2213 1629 2268 ante
1682 2203 1900 2269 oculos
1956 2213 2065 2267 aut
2107 2201 2393 2290 gloriosi,
2446 2212 2519 2266 ut

461 2315 580 2360 nos
617 2294 892 2381 exempli
925 2317 1122 2362 causa
1155 2319 1564 2383 coeperamus
1575 2346 1594 2375 ,
1642 2309 1753 2363 aut
1784 2298 1985 2367 invidi
2031 2309 2141 2363 aut
2174 2297 2377 2363 timidi
2412 2307 2521 2362 aut

463 2386 664 2465 avari,
711 2389 1053 2470 ambitiosi,
1092 2392 1418 2470 amatoris,
1453 2392 1791 2470 luxuriosi,
1838 2392 2026 2469 finis,
2073 2391 2520 2479 quadruplato-

459 2479 576 2559 ris3
615 2482 886 2567 denique
923 2485 1202 2551 cuiusvis
1249 2486 1529 2552 studium
1561 2486 1845 2573 protrahi
1886 2497 2099 2573 potest
2131 2486 2200 2551 in
2241 2486 2521 2551 medium

463 2574 574 2639 tali
607 2578 951 2644 notatione.

355 2681 426 2735 52
584 2668 1043 2740 Sermocinatio
1080 2684 1205 2754 est,
1244 2697 1390 2740 cum
1420 2675 1613 2741 alicui
1646 2698 1957 2761 personae
1994 2698 2201 2741 sermo
2238 2674 2521 2740 attribui-

461 2776 561 2829 tur
615 2776 681 2829 et
730 2767 786 2831 is
839 2768 1176 2854 exponitur
1227 2790 1374 2835 cum
1424 2769 1669 2835 ratione
1724 2768 2078 2855 dignitatis,
2132 2769 2255 2836 hoc
2304 2779 2519 2855 paetoz

462 2864 638 2923 ‘cum
669 2860 972 2927 militibus
1007 2864 1160 2928 urbs
1196 2864 1583 2929 redundaret
1616 2874 1681 2928 et
1714 2886 1936 2929 omnes
1974 2863 2196 2929 timore
2234 2862 2521 2949 oppressi

461 2951 634 3015 domi
685 2954 1182 3033 continerentur,
1246 2956 1423 3021 venit
1470 2956 1593 3022 iste
1648 2979 1794 3021 cum
1855 2980 2040 3043 sago,
2104 2957 2317 3043 gladio
2380 2978 2521 3023 suc-

461 3044 724 3122 cinctus,
763 3057 984 3112 tenens
1021 3049 1297 3114 iaculum
1306 3075 1326 3128 3
1363 3061 1493 3115 tres
1532 3051 1971 3117 adulescentes
2007 3051 2295 3119 homines
2334 3050 2521 3115 simili

463 3147 690 3202 ornatu
741 3141 1240 3223 subsequuntur3
1294 3143 1598 3229 inrumpit
1648 3145 1717 3209 in
1769 3146 1945 3211 aedis
2000 3145 2209 3211 subito
2222 3194 2237 3223 ,
2295 3144 2521 3211 deinde

461 3252 696 3315 magna
731 3253 887 3297 voce
924 3235 1061 3298 ‘ubi
1089 3236 1213 3300 est'
1249 3236 1457 3321 inquit
1492 3237 1639 3303 ‘iste
1666 3240 1891 3303 beatus
1930 3240 2179 3305 aedium
2208 3240 2519 3317 dominus,

463 3322 571 3405 qui
604 3346 733 3387 non
767 3325 923 3391 mihi
955 3340 1210 3413 praesto
1245 3330 1405 3396 fuit?
1466 3332 1617 3417 quid
1660 3332 1947 3398 tacetisP'
2010 3334 2115 3398 hic
2161 3333 2267 3399 alii
2300 3356 2518 3399 omnes

465 3417 701 3503 stupidi
736 3418 959 3486 timore
997 3424 1475 3492 obmutuerunt:
1522 3450 1684 3493 uxor
1718 3427 1887 3493 illius
1922 3427 2343 3493 infelicissimi
2379 3450 2520 3492 oum

462 3511 736 3578 maximo
781 3514 934 3581 fletu
979 3518 1061 3581 ad
1103 3518 1286 3585 istius
1339 3520 1539 3605 pedes
1596 3520 1825 3586 abiecit
1878 3544 2049 3587 sese:
2106 3522 2373 3609 ‘parce,'
2424 3520 2522 3585 in-

463 3606 598 3689 quit
650 3613 744 3672 ‘et
774 3632 892 3695 per
935 3632 1096 3694 quae
1131 3614 1247 3677 tibi
1289 3614 1659 3681 dulcissima
1707 3626 1857 3681 sunt
1898 3616 1965 3682 in
2010 3616 2167 3695 vita,
2223 3614 2521 3682 miserere

459 3700 688 3766 nostri·
741 3703 872 3769 noli
918 3705 1322 3794 exstinguere
1368 3709 1746 3788 exstinctos3
1801 3710 1899 3777 fer
1940 3722 2273 3777 mansuete
2323 3710 2521 3776 fortu-

459 3816 627 3861 nam.
699 3819 816 3864 nos
855 3820 1105 3884 quoque
1141 3802 1377 3869 fuimus
1414 3804 1613 3871 beati.
1648 3827 1843 3871 nosce
1880 3816 1943 3871 te
1980 3828 2123 3871 esse
2159 3804 2519 3871 hominem?

463 3888 646 3968 ‘quin
695 3890 875 3957 illum
925 3894 1082 3960 mihi
1135 3897 1298 3961 datis
1355 3919 1431 3963 ac
1482 3921 1597 3964 vos
1664 3900 1921 3965 auribus
1974 3899 2133 3964 meis
2190 3899 2521 3985 opplorare
2597 3952 2603 3955 .

461 3980 788 4049 desinitis?
822 4010 950 4052 non
987 3990 1215 4057 abibo?
1287 3991 1378 4056 illi
1413 3993 1737 4058 nuntiatur
1771 3994 2013 4059 interea
2040 3992 2291 4058 venisse
2326 3992 2519 4057 istum

463 4081 525 4133 et
569 4072 841 4144 clamore
885 4084 1160 4150 maximo
1204 4096 1473 4152 mortem
1516 4086 1759 4151 minari„
1848 4087 2020 4169 quod
2066 4086 2253 4151 simul
2295 4096 2366 4152 ut
2410 4107 2523 4150 au-
