2784 4575
503 225 634 291 232
1113 238 1194 292 Μ.
1229 235 1506 294 TULLII
1538 234 1945 295 CICERONIS

501 370 658 426 natu
690 360 1032 444 quicquam
1063 358 1386 424 audivisse
1422 357 1643 426 videor
1674 370 1742 425 et
1773 381 1925 425 eum
1961 359 2325 488 conlegam·
2335 358 2583 429 Crassi

499 453 694 520 eredo
727 453 970 520 fuisse!
1059 452 1384 518 ‘omnibus
1430 451 1688 536 quidem
1734 452 1905 518 aliis'
1957 452 2219 537 inquam
2278 452 2375 516 ‘in
2426 475 2580 518 ma-

502 546 902 636 gistratibus,
947 546 1064 612 sed
1097 547 1386 612 tribunus
1430 568 1598 612 anno
1632 557 1783 634 post
1814 546 1939 612 fuit
1968 566 2172 631 eoque
2200 545 2273 610 ιιι
2302 545 2575 612 Rostris

501 641 766 710 sedente
799 639 1003 708 suasit
1037 637 1378 708 Serviliam
1408 639 1623 728 legem
1656 638 1957 708 Crassus.
2040 663 2194 706 nam
2224 660 2576 706 censuram

503 735 642 802 sine
677 732 994 802 Scaevola
1033 734 1266 821 gessit3
1319 757 1471 802 eum
1502 734 1675 800 enim
1713 733 2157 820 magistratum
2195 755 2386 799 nemo
2420 757 2577 798 um-

501 849 696 913 quam
731 827 1187 896 Scaevolarum
1235 828 1483 916 petivit.
1572 829 1689 896 sed
1738 828 1899 896 haec
1934 825 2159 896 Crassi
2208 849 2355 894 cum
2390 829 2579 896 edita

501 923 704 990 oratio
739 934 869 1001 est,
922 945 1114 1008 quam
1147 933 1214 989 te
1247 945 1443 1010 saepe
1473 921 1715 1010 legisse
1748 933 1923 989 certo
1958 922 2123 1000 scio,
2165 932 2467 1007 quattuor
2504 934 2576 988 et

503 1015 762 1103 triginta
787 1011 982 1102 [tum]
1013 1015 1292 1082 habebat
1315 1037 1517 1082 annos
1546 1015 1935 1100 totidemque
1960 1015 2143 1081 annis
2166 1014 2327 1080 mihi
2352 1025 2570 1082 aetate

501 1113 889 1197 praestabat.
977 1111 1078 1176 his
1113 1111 1284 1180 enim
1318 1111 1687 1179 oonsulibus
1721 1133 1866 1176 eam
1896 1110 2110 1196 legem
2146 1107 2377 1187 suasit,
2420 1109 2567 1193 qui-

501 1205 624 1270 bus
675 1204 811 1269 nati
863 1225 1113 1281 sumus,
1167 1225 1314 1270 eum
1362 1204 1505 1290 ipse
1556 1213 1730 1270 esset
1780 1201 1865 1284 Q.
1919 1201 2247 1289 Caepione
2278 1205 2563 1270 consule

497 1305 688 1362 natus
723 1305 790 1362 et
824 1293 902 1362 C.
939 1295 1197 1374 Laelio,
1251 1296 1521 1364 triennio
1552 1297 1697 1384 ipso
1738 1296 1946 1364 minor
1979 1319 2171 1381 quam
2202 1296 2559 1374 Antonius3

502 1388 676 1471 quod
721 1388 956 1455 idcirco
1006 1390 1223 1477 posui,
1273 1400 1350 1456 ut
1400 1389 1651 1456 dicendi
1691 1390 1929 1456 Latine
1979 1391 2187 1478 prima
2226 1390 2561 1456 maturitas

501 1482 571 1546 in
619 1503 748 1567 qua
799 1492 1006 1551 aetate
1059 1484 1429 1558 exstitisset,
1466 1493 1689 1570 posset
1723 1483 1930 1550 notari
1972 1494 2038 1550 et
2086 1483 2562 1570 intellegeretur

497 1575 629 1641 iam
663 1575 746 1640 ad
781 1598 1098 1644 summum
1120 1600 1326 1665 paene
1353 1600 1498 1646 esse
1521 1578 1912 1665 perductam,
1946 1587 2019 1642 ut
2052 1599 2130 1642 eo
2164 1576 2325 1642 nihil
2358 1577 2560 1644 ferme

500 1669 840 1753 quisquam
882 1670 1114 1737 addere
1157 1682 1409 1758 posset,
1458 1671 1587 1736 nisi
1628 1672 1739 1757 qui
1780 1693 1823 1736 a
1853 1670 2285 1758 philosophia,
2337 1694 2380 1735 a
2420 1671 2555 1736 iure

393 1756 466 1810 44
501 1762 696 1841 civili,
741 1764 824 1829 ab
859 1764 1126 1830 historia
1157 1765 1388 1831 fuisset
1419 1764 1823 1830 instructior?
1914 1763 2109 1842 ‘erit,’
2153 1764 2357 1848 inquit
2388 1765 2554 1830 Bru—

414 1829 632 1934 6atus,
688 1862 826 1924 ‘aut
875 1858 1006 1922 iam
1049 1868 1150 1923 est
1197 1858 1347 1936 iste,
1402 1879 1593 1942 quem
1644 1857 2044 1945 exspectas?
2100 1857 2401 1935 ‘nescim’
2449 1859 2550 1922 in-

497 1950 728 2032 quam?
817 1951 966 2017 ‘sed
1015 1963 1116 2018 est
1165 1951 1358 2016 etiam
1407 1951 1494 2017 L.
1532 1947 1757 2018 Crassi
1804 1951 1873 2016 in
1924 1952 2248 2018 consulatu
2291 1973 2407 2035 pro
2454 1949 2538 2031 Q.

501 2039 829 2128 Caepione
871 2044 1242 2111 defensione
1293 2045 1510 2110 iuncta
1559 2067 1691 2111 non
1731 2045 1944 2111 brevis
1998 2056 2073 2109 ut
2120 2043 2416 2120 laudatiO,
2469 2054 2545 2108 ιιι

499 2137 699 2200 oratio
735 2147 949 2201 autem
981 2138 1225 2217 brevis3
1276 2149 1603 2226 postrema
1636 2139 1916 2206 censoris
1960 2139 2189 2218 oratio,
2224 2159 2353 2222 qua
2383 2161 2549 2204 anno

496 2225 1233 2317 duodequinquagesimo
1297 2255 1455 2299 usus
1522 2243 1640 2299 est.
1744 2233 1813 2299 in
1870 2231 1972 2299 his
2036 2232 2328 2300 omnibus
2386 2231 2551 2299 inest

496 2319 756 2403 quidam
791 2322 927 2391 sine
969 2324 1102 2391 ullo
1154 2326 1302 2393 fuco
1355 2327 1642 2393 veritatis
1694 2327 1895 2393 color.
1950 2327 2103 2412 quin
2146 2327 2340 2393 etiam
2383 2348 2549 2392 com-

492 2414 832 2500 prehensio
869 2429 934 2483 et
967 2419 1241 2486 ambitus
1275 2421 1383 2487 ille
1418 2422 1777 2499 verborum,
1820 2418 1935 2508 [si]
1964 2422 2059 2486 sic
2090 2420 2407 2509 περίοδον
2440 2444 2549 2529 ap-

493 2508 718 2595 pellari
748 2510 986 2597 placet,
1023 2524 1159 2579 erat
1193 2514 1364 2601 apud
1397 2514 1579 2579 illum
1612 2525 1973 2581 contractus
2010 2526 2075 2581 et
2108 2515 2353 2593 brevis,
2386 2526 2449 2579 et
2480 2516 2549 2579 in

493 2604 780 2669 membra
821 2606 1163 2689 quaedam,
1215 2629 1380 2692 quae
1414 2611 1598 2673 κῶλα
1635 2606 1869 2674 Graeci
1910 2618 2168 2687 vocant,
2223 2608 2553 2696 dispertie-

383 2717 458 2757 ιω
493 2695 605 2761 bat
639 2698 988 2765 orationem
1057 2700 1378 2767 libentius.
1382 2701 1400 2729 ’
1487 2702 1611 2767 hoc
1658 2702 1801 2769 loco
1834 2702 2075 2775 Brutus
2131 2702 2553 2788 ‘quandoqui-

492 2788 642 2854 dem
676 2800 746 2855 tu
777 2791 936 2859 istos
972 2794 1306 2871 oratores?
1335 2794 1592 2879 inquit,
1650 2802 1856 2861 ‘tanto
1890 2818 2081 2882 opere
2114 2795 2374 2874 laudas,
2420 2796 2556 2861 vel-

491 2881 620 2945 lem
686 2882 924 2969 aliquid
971 2886 1258 2953 Antonio
1321 2899 1573 2974 praeter
1624 2888 1805 2954 illum
1856 2890 1937 2955 de
1994 2889 2240 2956 ratione
2301 2890 2555 2955 dicendi

495 2998 648 3042 sane
701 2978 932 3046 exilem
981 2980 1296 3059 libellum,
1356 2982 1543 3090 plura
1596 2980 1835 3049 Crasso
1894 2982 2188 3049 libuisset
2241 2984 2552 3063 scribere3

497 3089 644 3133 oum
676 3071 847 3137 enim
879 3074 1172 3138 omnibus
1208 3073 1577 3140 memoriam
1607 3077 1725 3155 sui,
1764 3087 1897 3141 tum
1916 3077 2107 3142 etiam
2153 3075 2555 3164 disciplinam

494 3161 747 3228 dicendi
795 3166 980 3231 nobis
1042 3165 1473 3251 reliquissent3
1527 3192 1678 3233 nam
1724 3168 2073 3236 Scaevolae
2118 3170 2368 3237 dicendi
2416 3169 2554 3234 ele-

490 3256 796 3343 gantiam
809 3259 962 3325 satis
999 3282 1081 3325 ex
1116 3260 1206 3327 eis
1243 3262 1664 3342 orationibus,
1718 3286 1877 3349 quas
1910 3263 2193 3347 reliquit,
2238 3265 2555 3341 habemus

381 3375 457 3416 ιιι
491 3350 851 3439 cognitam?
939 3363 1006 3419 et
1037 3376 1161 3443 ego
1244 3356 1431 3421 ‘mihi
1480 3356 1739 3458 quidem
1784 3382 1825 3423 a
1865 3358 2137 3443 pueritia
2188 3358 2373 3443 quasi
2412 3381 2559 3423 maf-

489 3442 690 3529 gistra
723 3445 868 3511 fuit’
924 3447 1182 3531 inquam
1265 3450 1465 3515 ‘illa
1446 3456 1513 3515 m
1554 3451 1767 3537 legem
1802 3450 2145 3542 Caepionis
2198 3450 2426 3530 oratio,
2489 3453 2559 3519 ιιι

490 3560 616 3620 qua
659 3550 724 3605 et
775 3542 1112 3607 auotoritas
1166 3554 1425 3609 ornatur
1480 3555 1768 3623 senatus,
1822 3568 1948 3629 quo
1998 3569 2115 3633 pro
2167 3546 2387 3611 ordine
2440 3545 2559 3612 illa

491 3630 807 3712 dicuntur,
847 3646 910 3701 et
942 3634 1183 3702 invidia
1217 3638 1565 3704 concitatur
1597 3639 1666 3703 in
1697 3594 1978 3705 iudicum
2011 3650 2076 3705 et
2107 3640 2175 3704 in
2216 3650 2557 3706 accusato-

486 3748 630 3789 rum
663 3726 1022 3807 factionem,
1059 3740 1278 3796 contra
1311 3754 1579 3816 quorum
1608 3734 1958 3819 potentiam
1989 3733 2379 3821 populariter
2414 3746 2557 3799 tum

489 3818 826 3885 dicendum
876 3822 1014 3889 fuit.
1111 3825 1310 3891 multa
1357 3825 1428 3891 ιιι
1461 3822 1587 3892 illa
1637 3828 1921 3894 oratione
1972 3828 2280 3914 graviter,
2342 3828 2553 3893 multa

487 3912 739 3992 leniter,
800 3916 999 3983 multa
1052 3942 1302 4006 aspere,
1365 3921 1567 3986 multa
1626 3922 1831 3988 facete
1894 3920 2064 3989 dicta
2122 3932 2296 4001 sunt3
2357 3921 2552 4008 plura

489 4004 679 4067 etiam
715 4007 884 4073 dicta
917 4032 1108 4111 quam
1153 4013 1435 4100 scripta,
1471 4016 1640 4099 quod
1684 4038 1765 4081 ex
1802 4014 2181 4102 quibusdam
2226 4015 2549 4102 capitibus
