2784 4575
347 319 352 322 Ι
417 235 542 300 116
1029 247 1107 302 M.
1146 245 1422 304 TULLn
1458 243 1861 302 οιοιιιιοιιιε

413 369 658 448 inertia,
693 367 1116 455 neglegentia,
1152 369 1429 456 ignavia,
1468 367 1856 434 desidiosum
1881 365 2162 431 studium
2190 373 2255 430 et
2286 363 2483 430 luxu-

414 465 654 536 riosum
706 463 904 528 otium
956 464 1332 550 proferetur.
1383 462 1504 529 ”ab
1549 462 1905 529 auditorum
1954 483 2231 548 persona
2278 460 2484 526 bene-

415 559 693 626 volentia
725 559 1101 644 captabitur,
1139 557 1196 624 si
1227 580 1332 623 res
1371 559 1453 622 ab
1490 556 1581 622 eis
1618 557 1883 635 fortiter,
1922 553 2260 641 sapienter,
2292 575 2483 618 man-

339 700 344 702 ⁷
419 663 596 724 sueto
657 663 878 740 gestae
934 653 1368 741 proferentur,
1430 662 1504 716 ut
1550 673 1634 717 ne
1687 673 1815 736 qua
1874 649 2229 716 adsentatio
2280 646 2483 712 nimia

325 1151 377 1191 23

419 747 834 834 significetur,
890 746 947 815 si
982 747 1064 814 de
1098 746 1192 812 eis
1229 769 1420 830 quam
1463 745 1735 812 honesta
1785 743 2166 810 existimatio
2212 745 2483 827 quanta-

417 863 542 926 que
588 853 818 909 eorum
856 840 1074 910 iudicii
1125 847 1186 906 et
1232 839 1621 907 auctoritatis
1665 839 2055 926 exspectatio
2102 838 2211 916 sit,
2263 847 2485 902 osten-

419 937 632 1014 detur3
666 936 748 1005 ab
781 937 994 1026 rebus,
1031 934 1092 1002 si
1121 945 1408 1002 nostram
1440 957 1701 1007 causam
1724 934 2046 1002 laudando
2078 931 2481 1008 extollemus,

419 1029 927 1098 adversariorum
979 1051 1240 1098 causam
1280 1051 1397 1116 per
1442 1028 1977 1115 contemptionem
2026 1027 2481 1114 deprimemus.

423 1133 696 1190 attentos
751 1133 964 1190 autem
1013 1122 1350 1202 faciemus,
1416 1123 1472 1188 si
1524 1121 2099 1188 demonstrabimus
2152 1143 2257 1197 ea,
2312 1141 2483 1202 quae

423 1217 649 1282 dicturi
701 1217 964 1296 erimus,
1025 1241 1290 1306 magna,
1351 1241 1551 1296 nova,
1610 1216 2005 1283 incredibilia
2054 1239 2199 1282 esse
2250 1225 2316 1280 et
2366 1225 2481 1278 aut

421 1311 505 1377 ad
546 1310 752 1378 omnis
807 1322 916 1378 aut
965 1311 1050 1378 ad
1098 1335 1242 1391 eos,
1295 1313 1406 1397 qui
1456 1312 1741 1388 audient,
1794 1322 1904 1376 aut
1957 1310 2041 1375 ad
2090 1308 2334 1394 aliquos
2378 1307 2484 1373 in·-

419 1405 636 1470 lustris
673 1404 960 1472 homines
1007 1417 1117 1472 aut
1161 1407 1244 1472 ad
1277 1406 1433 1472 deos
1477 1405 1847 1472 immortalis
1902 1415 2013 1470 aut
2046 1405 2130 1470 ad
2165 1425 2479 1472 summam

419 1499 512 1565 rei
561 1499 854 1586 publicae
897 1499 1242 1587 pertiner03
1293 1512 1360 1566 et
1402 1501 1457 1566 si
1499 1499 1937 1588 pollicebimur
1977 1521 2097 1564 nos
2140 1497 2319 1563 brevi
2360 1520 2483 1561 no-

425 1605 621 1661 stram
673 1617 932 1661 causam
983 1594 1556 1672 demonstraturos,
1620 1604 1810 1678 atque
1870 1615 2263 1678 exponemus
2314 1591 2479 1656 iudi-

421 1689 734 1757 cationem
769 1699 880 1756 aut
909 1688 1356 1766 iudicationes,
1403 1689 1461 1757 si
1490 1689 1707 1774 plmes
1751 1698 1955 1753 erunt.
2042 1685 2263 1752 docilis
2300 1685 2483 1751 audi-

421 1793 595 1852 tores
651 1783 955 1852 faciemus
969 1831 986 1860 ‚
1053 1783 1107 1849 si
1159 1793 1374 1870 aperte
1426 1794 1494 1849 et
1541 1783 1819 1852 breviter
1872 1805 2183 1848 summam
2246 1803 2482 1846 causae

421 1899 840 1962 exponemus,
887 1876 1010 1942 hoc
1043 1887 1172 1954 est,
1209 1877 1276 1942 in
1311 1897 1439 1960 quo
1478 1875 1789 1942 ‘consistat
1824 1875 2281 1953 oona-oversia3
2326 1897 2478 1940 nam

281 1981 308 2000 ²
421 1992 596 2046 eum,
651 1992 842 2053 quem
877 1969 1150 2037 docilem
1200 1969 1360 2036 velis
1396 1971 1637 2046 facere,
1694 1971 1883 2036 simul
1934 1980 2245 2036 attenmm
2276 1968 2479 2034 facias

327 2267 394 2323 17

332 3219 384 3259 84

423 2071 698 2148 oportet,
751 2085 902 2127 nam
935 2063 994 2128 is
1029 2073 1128 2130 est
1159 2060 1437 2170 maxime
1472 2062 1728 2141 docilis
1779 2063 1891 2148 qui
1926 2062 2344 2130 attentissime
2380 2072 2479 2127 est

423 2165 685 2240 paratus
723 2154 962 2223 audire.

549 2249 736 2315 Nunc
761 2249 1222 2319 insinuationes
1249 2273 1438 2337 quem
1456 2251 1539 2318 ad
1554 2251 1816 2319 modum
1850 2251 2107 2319 tractari
2124 2249 2477 2329 conveniat,

425 2342 724 2430 deinceps
789 2344 1128 2413 dicendum
1187 2346 1459 2413 videtur.
1562 2347 1987 2417 insinuatione
2045 2345 2239 2433 igitur
2296 2358 2483 2411 uten-

300 2439 306 2443 ’
426 2436 579 2503 dum
629 2448 757 2517 est,
821 2460 968 2509 cum
1019 2439 1390 2509 admirabile
1441 2464 1644 2529 genus
1708 2463 1939 2509 causae
1998 2453 2126 2520 est,
2187 2442 2309 2507 hoc
2360 2454 2477 2519 est,

425 2542 496 2597 ut
537 2543 683 2604 ante
729 2533 1034 2613 diximus,
1089 2556 1234 2603 cum
1277 2537 1526 2603 animm
1572 2535 1875 2603 auditoris
1918 2536 2188 2602 infestus
2234 2547 2334 2602 est
2340 2557 2361 2614 3
2412 2534 2480 2599 id

427 2638 637 2694 autem
681 2629 884 2698 tribus
927 2652 1010 2695 ex
1061 2631 1379 2697 causis'fit
1421 2632 1726 2697 maxime:
1782 2632 1838 2697 si
1882 2643 1991 2697 aut
2030 2631 2199 2697 inest
2238 2631 2307 2696 in
2338 2630 2483 2717 ipsa

427 2743 620 2788 causa
655 2723 966 2807 quaedam
1009 2724 1331 2813 turpitudo
1377 2736 1489 2791 aut
1523 2726 1604 2791 ab
1640 2726 1763 2803 eis,
1818 2726 1929 2811 qui
1970 2734 2117 2791 ante
2169 2726 2481 2803 dixerunt,

425 2816 552 2881 iam
587 2817 891 2901 quiddam
925 2820 1197 2887 auditori
1228 2842 1609 2906 persuasum
1650 2819 1901 2885 videtur
1944 2832 2055 2885 aut
2088 2842 2165 2886 eo
2200 2831 2483 2906 tempore

425 2909 602 2975 locus
649 2910 902 2978 dicendi
943 2912 1158 2991 datur,
1208 2935 1354 2979 cum
1397 2913 1525 2979 iam
1568 2914 1687 2990 illi,
1740 2934 1901 2999 quos
1954 2914 2171 2979 audire
2214 2924 2483 2999 oportet,

426 3002 668 3067 defessi
719 3015 869 3069 sunt
915 3005 1257 3083 audiendo,
1311 3028 1463 3071 nam
1506 3028 1589 3072 ex
1640 3007 1763 3073 hac
1806 3030 2055 3092 quoque
2088 3031 2159 3073 re
2200 3030 2333 3076 non
2366 3008 2485 3072 mi-

424 3117 546 3161 nus
599 3116 792 3179 quam
828 3119 910 3164 ex
951 3098 1169 3183 primis
1216 3099 1493 3177 duabus,
1544 3101 1614 3165 in
1668 3112 1917 3167 oratore
1966 3125 2098 3167 non
2138 3124 2497 3186 numquam,

429 3188 678 3253 animus
741 3189 1046 3257 auditoris
1099 3192 1460 3259 offenditur.
1566 3194 1625 3259 si
1677 3216 1907 3261 causae
1959 3196 2283 3283 turpitudo
2336 3218 2487 3261 con-

427 3281 620 3347 trahit
655 3282 1100 3363 offensionem,
1137 3298 1248 3351 aut
1279 3310 1398 3374 pro
1432 3310 1515 3354 eo
1550 3288 1879 3369 homine,
1859 3314 1928 3355 m
1960 3312 2089 3374 quo
2124 3290 2485 3373 offenditur,

429 3376 622 3444 alium
657 3376 1006 3456 hominem,
1052 3380 1162 3464 qui
1195 3380 1505 3468 diligitur,
1550 3381 1869 3471 interponi
1901 3395 2177 3471 oportet,
2226 3396 2335 3449 aut
2366 3406 2486 3470 pro

425 3493 526 3548 re,
561 3470 628 3537 in
665 3493 792 3555 qua
825 3471 1192 3553 offenditur,
1229 3474 1419 3543 aliam
1452 3500 1615 3555 rem,
1662 3500 1825 3563 quae
1858 3479 2188 3563 probatur3
2226 3489 2336 3543 aut
2368 3500 2489 3564 pro

426 3586 496 3629 re
531 3562 852 3633 hominem
897 3576 1008 3633 aut
1047 3591 1164 3653 pro
1207 3568 1462 3636 homine
1504 3594 1668 3649 rem,
1722 3582 1795 3637 ut
1838 3572 1921 3637 ab
1964 3594 2071 3650 ec,
2126 3572 2298 3657 quod
2331 3571 2488 3647 odit,

430 3659 513 3725 ad
544 3658 640 3737 id,
677 3661 852 3745 quod
885 3661 1109 3749 diligit,
1147 3664 1450 3733 auditoris
1488 3664 1734 3731 animus
1770 3666 2161 3744 traducatur,
2200 3676 2265 3731 et
2300 3664 2487 3731 dissi-

426 3754 670 3819 mulare
707 3765 770 3820 te
803 3754 872 3821 id
908 3756 1352 3837 defensurum,
1385 3759 1559 3841 quod
1592 3758 1999 3839 existimeris,
2047 3759 2303 3837 deinde,
2342 3782 2501 3823 cum·

427 3846 558 3917 iam
606 3848 818 3914 mitior
860 3850 1068 3919 factus
1121 3852 1242 3919 erit
1293 3853 1570 3929 auditor,
1622 3854 1873 3940 ingredi
1921 3855 2375 3941 pedetemptim
2418 3854 2485 3917 in

431 3940 870 4009 defensionem
924 3957 988 4009 et
1031 3944 1242 4013 dicere
1283 3968 1388 4024 ea,
1442 3968 1606 4029 quae
1657 3946 2066 4035 indignentur
2118 3945 2485 4023 adversarii,

430 4032 548 4099 tibi
599 4055 848 4119 quoque
898 4035 1165 4121 indigna
1213 4038 1441 4118 videri,
1480 4040 1728 4146 deinde
1782 4038 1959 4129 [cum
2008 4042 2262 4109 lenieris
2315 4062 2485 4119 eum,
