2784 4575
394 493 475 534 170

394 1711 477 1752 171

400 3021 482 3062 172

506 231 635 298 318
1073 239 1154 296 M.
1192 237 1466 296 TULLII
1501 234 1904 294 CICERONIS

510 367 567 432 si
598 364 729 432 iam
761 374 916 431 nota
948 372 1139 448 atque
1172 372 1480 448 usurpata
1509 383 1615 426 res
1651 369 1825 426 esset
1831 384 1852 440 3
1906 381 2035 444 qua
2067 359 2336 426 inventa
2371 361 2602 427 omnis

507 483 661 526 usos
712 479 981 546 magnos
1034 467 1315 524 oratores
1368 455 1680 520 videmus.
1785 453 1903 520 sed
1944 454 2140 520 habet
2185 477 2446 520 nomen
2501 455 2598 520 in·

507 555 774 631 vidiam,
838 575 985 618 cum
1044 551 1113 616 in
1174 549 1460 616 oratione
1518 547 1797 614 iudiciali
1848 557 1915 614 et
1963 548 2206 614 forensi
2263 571 2598 614 numerus

510 645 791 734 [Graece
834 641 1129 736 ῥυθμὸς]
1176 643 1391 709 inesse
1438 643 1698 721 dicitur3
1747 641 1937 708 nimis
1981 642 2154 708 enim
2193 641 2592 708 insidiarum

508 742 593 808 ad
628 740 967 828 capiendas
1004 737 1175 804 auris
1212 737 1497 804 adhiberi
1541 737 1818 815 videtur,
1871 737 1929 802 si
1963 735 2156 803 etiam
2183 735 2258 800 in
2299 736 2592 804 dicendo

506 834 754 902 numeri
814 834 897 899 ab
958 843 1209 900 oratore
1268 842 1674 916 quaeruntur.
1779 830 1903 897 hoc
1951 831 2101 896 freti
2157 830 2268 895 isti
2321 841 2394 896 et
2459 832 2589 918 ipsi

506 929 778 994 infracta
826 937 894 994 et
942 936 1269 1014 amputata
1324 925 1669 1010 loquuntur
1719 935 1788 991 et
1837 925 1948 992 eos
2009 924 2403 1012 vituperant,
2477 928 2590 1012 qui

506 1032 659 1110 apta
690 1033 757 1088 et
786 1020 967 1086 finita
1008 1019 1447 1108 pronuntiant:
1501 1019 1558 1084 si
1589 1019 1886 1086 inanibus
1938 1018 2152 1085 verbis
2192 1019 2588 1106 levibusque

510 1115 837 1182 sententiis
850 1163 869 1193 ,
922 1114 1086 1194 iure3
1142 1114 1243 1180 sin
1293 1114 1532 1202 probae
1581 1137 1717 1192 res,
1771 1112 1940 1180 lecta
1988 1114 2213 1192 verba,
2265 1114 2428 1198 quid
2487 1126 2584 1180 est

506 1233 622 1276 cur
666 1209 959 1276 claudere
1002 1219 1115 1274 aut
1154 1209 1450 1274 insistere
1501 1208 1854 1275 orationem
1906 1207 2132 1273 malint
2179 1229 2380 1292 quam
2431 1231 2582 1274 cum

509 1301 825 1369 sententia
856 1302 1094 1389 pariter
1128 1303 1499 1369 excurrere?
1534 1303 1638 1367 hic
1672 1301 1842 1368 enim
1873 1302 2230 1368 invidiosus
2265 1323 2580 1368 numerus

508 1397 666 1462 nihil
717 1397 925 1462 adfert
985 1397 1159 1462 aliud
1208 1396 1333 1462 nisi
1383 1407 1458 1462 ιιι
1507 1396 1590 1463 sit
1641 1407 1788 1483 apte
1837 1396 2050 1464 verbis
2111 1397 2582 1483 comprehensa

512 1491 825 1558 sententia
831 1515 852 1569 ς
916 1491 1087 1575 quod
1138 1491 1213 1556 fit
1264 1490 1457 1556 etiam
1509 1491 1590 1556 ab
1654 1490 1957 1574 antiquie,
2021 1491 2138 1556 sed
2196 1490 2579 1577 plerumque

510 1606 693 1664 casu,
746 1607 938 1672 saepe
972 1595 1229 1665 natura3
1282 1596 1349 1650 et
1382 1606 1546 1669 quae
1588 1583 1776 1650 valde
1818 1583 2156 1650 laudantur
2199 1585 2374 1671 apud
2405 1585 2576 1663 illos,

514 1703 591 1746 ea
633 1679 797 1757 fere,
852 1679 1001 1764 quia
1044 1689 1195 1744 sunt
1238 1678 1569 1756 conclusa,
1610 1677 1970 1744 laudantur.
2058 1688 2126 1743 et
2155 1679 2330 1766 apud
2365 1677 2576 1746 Grae-

513 1795 623 1840 cos
660 1773 968 1858 quidem
948 1795 1079 1840 iam
1113 1773 1263 1838 anni
1302 1795 1505 1860 prope
1549 1772 1996 1858 quadringenti
2039 1783 2215 1850 sunt,
2267 1794 2412 1836 cum
2443 1771 2572 1837 hoc

509 1868 840 1956 probatur3
876 1890 995 1932 nos
1028 1888 1231 1953 nuper
1267 1865 1665 1953 agnovimus.
1727 1889 1880 1953 ergo
1905 1866 2120 1932 Ennio
2151 1866 2325 1932 licuit
2347 1877 2568 1932 vetera

514 1961 939 2030 contemnenti
974 1960 1183 2025 dicere
1639 1995 1653 2010 κ

602 2053 905 2120 ‘versibu'
909 2100 929 2131 ,
982 2075 1142 2136 quos
1180 2052 1332 2118 olim
1362 2053 1574 2120 Fauni
1609 2065 1913 2138 vatesque
1947 2050 2288 2130 canebant’

514 2147 670 2213 mihi
722 2147 803 2214 de
856 2146 1131 2231 antiquis
1185 2146 1413 2212 eodem
1463 2149 1654 2214 modo
1706 2171 1838 2215 non
1888 2148 2138 2214 licebit?
2189 2144 2567 2234 praesertim

512 2263 658 2308 cum
692 2239 971 2307 dicturus
1006 2263 1137 2307 non
1172 2239 1294 2307 sim
1340 2247 1518 2307 ‘ante
1571 2241 1824 2310 hunc’.
1899 2253 2024 2310 .ut
2065 2243 2202 2322 ille,
2251 2261 2368 2307 nec
2399 2261 2567 2325 quae

512 2346 862 2421 sequuntur
914 2341 1059 2401 ‘nos
1114 2334 1255 2401 ausi
1304 2336 1617 2406 reserare’
1672 2386 1690 2403 .
1703 2292 1966 2425 ...legi
2009 2338 2182 2415 enim
2233 2334 2568 2419 audivique

510 2454 643 2498 non
676 2430 912 2508 nullos,
966 2451 1237 2539 quorum
1270 2431 1732 2518 propemodum
1768 2432 2058 2497 absolute
2091 2422 2572 2497 concluderetur

511 2525 741 2604 oratio;
788 2524 960 2609 quod
994 2524 1103 2609 qui
1134 2547 1266 2591 non
1299 2536 1603 2611 possunt,
1637 2547 1768 2589 non
1802 2535 1903 2590 est
1935 2525 2028 2591 eis
2065 2524 2222 2591 satis
2256 2546 2382 2590 non
2420 2543 2572 2588 con-

514 2619 737 2698 temni,
781 2618 1027 2685 laudari
1062 2619 1255 2685 etiam
1288 2619 1531 2685 volunt.
1621 2640 1744 2705 ego
1781 2629 1993 2683 autem
2026 2618 2226 2685 illos
2205 2640 2346 2707 ipse
2377 2617 2573 2682 laudo

511 2714 703 2798 idque
736 2714 989 2791 merito,
1035 2734 1303 2797 quorum
1341 2736 1412 2779 se
1445 2712 1554 2778 isti
1585 2712 1934 2780 imitatores
1972 2736 2117 2779 esse
2153 2713 2397 2790 dicunt,
2451 2711 2576 2777 etsi

510 2808 580 2872 in
614 2807 707 2873 eis
744 2806 981 2890 aliquid
1024 2806 1351 2884 desidero,
1404 2805 1524 2872 hos
1561 2829 1714 2873 vero
1755 2807 2042 2885 minime,
2095 2807 2206 2891 qui
2239 2806 2397 2870 nihil
2429 2804 2576 2870 illo-

510 2922 655 2965 rum
694 2899 818 2964 nisi
861 2900 1084 2966 vitium
1128 2910 1507 2985 sequuntur,
1559 2922 1708 2966 cum
1759 2924 1800 2967 a
1850 2900 2036 2966 bonis
2081 2900 2294 2966 absint
2331 2898 2579 2987 longis-

516 2994 695 3060 sime.
782 2994 1011 3078 quodsi
1045 2994 1213 3060 auris
1251 3006 1383 3060 tam
1423 2994 1804 3061 inhumanas
1851 3006 2106 3079 tamque
2152 2993 2422 3081 agrestis
2459 2993 2580 3057 ha-

513 3089 694 3165 bent,
754 3110 837 3153 ne
890 3088 1402 3154 doctissimorum
1465 3089 1722 3173 quidem
1784 3088 2067 3155 virorum
2119 3112 2230 3154 eos
2291 3086 2582 3153 movebit

514 3181 891 3249 auctoritas?
926 3182 1147 3248 omitto
1182 3180 1534 3247 Isocratem
1569 3181 2040 3269 discipulosque
2076 3181 2213 3249 eius
2239 3182 2582 3268 Ephorum

516 3287 581 3343 et
619 3276 1028 3353 Naucratem,
1079 3296 1468 3361 quamquam
1519 3275 1820 3343 orationis
1863 3277 2194 3342 faciendae
2236 3286 2304 3342 et
2341 3298 2582 3341 ornan-

512 3372 637 3437 dae
687 3382 977 3437 auctores
1030 3368 1515 3457 locupletissimi
1569 3366 1858 3458 [summi]
1916 3370 2042 3457 ipsi
2093 3380 2374 3437 oratores
2427 3392 2584 3435 esse

513 3465 859 3543 debebant3
897 3462 1013 3529 sed
1044 3462 1186 3547 quis
1223 3463 1510 3530 omnium
1543 3463 1816 3543 doctior,
1853 3464 1996 3549 quis
2033 3463 2294 3542 acutior,
2328 3462 2472 3548 quis
2507 3462 2583 3527 in

513 3558 708 3624 rebus
768 3557 872 3623 vel
932 3556 1326 3623 inveniendis
1390 3558 1496 3623 vel
1553 3557 1906 3624 iudicandis
1971 3559 2173 3624 acrior
2222 3555 2583 3624 Aristotele

513 3650 673 3717 fuit?
724 3650 867 3735 quis
901 3673 1090 3738 porro
1124 3652 1396 3719 Isocrati
1430 3661 1530 3718 est
1563 3652 1936 3719 adversatus
1969 3652 2320 3719 infensius?
2361 3651 2418 3717 is
2451 3650 2583 3733 igi-

516 3758 619 3811 tur
651 3766 908 3810 versum
940 3744 1009 3810 in
1044 3746 1329 3814 oratione
1362 3755 1540 3812 vetat
1573 3768 1746 3825 esse,
1783 3770 2118 3813 numerum
2149 3747 2346 3813 iubet.
2433 3746 2579 3812 eius

513 3838 769 3903 auditor
799 3838 1256 3905 Theodectes‘
1235 3863 1305 3906 ιιι
1337 3838 1587 3927 primis,
1623 3849 1697 3905 ιιι
1728 3841 2112 3907 Aristoteles
2148 3862 2340 3928 saepe
2375 3838 2580 3925 signi-

516 3930 693 4011 ficat,
745 3933 981 4019 politus
1018 3931 1285 4018 scriptor
1318 3946 1508 4019 atque
1551 3934 1778 4007 artifex
1813 3935 1936 4002 hoc
1967 3936 2140 4001 idem
2173 3946 2240 4001 et
2283 3934 2476 4001 sentit
2505 3944 2580 3999 et

518 4024 853 4113 praecipit,
898 4024 1383 4107 Theophrastus
1430 4049 1580 4093 vero
1617 4027 1856 4093 eisdem
1892 4030 1974 4094 de
2006 4030 2197 4095 rebus
2234 4028 2426 4095 etiam
2459 4026 2580 4092 ad-
