2784 4575
475 246 560 309 10
913 255 1335 314 CORNIFICII
1367 256 1991 315 RHETORICORUM

473 381 811 446 arcessitur
865 378 1107 467 Caepio
1171 380 1540 445 maiestatis.
1650 377 2040 465 [constitutio
2098 380 2385 467 legitima
2446 406 2535 448 ex

473 472 882 559 definitione.]
956 474 1338 539 vocabulum
1363 474 1532 539 enim
1558 474 1851 539 definitur
1884 474 2113 560 ipsum,
2152 496 2299 539 cum
2332 498 2537 558 quae-

375 595 428 635 22
469 567 654 645 ritur,
701 568 852 651 quid
884 568 1269 631 imminuerit
1301 566 1715 632 maiestatem.
1806 590 1887 631 ex
1929 568 2339 633 translatione
2374 590 2537 635 con-

471 662 778 730 troversia
810 662 1117 737 nascitur,
1157 682 1302 724 cum
1329 671 1441 724 aut
1464 672 1715 747 tempus
1744 661 2165 726 differendum
2192 673 2303 728 aut
2336 684 2533 729 accu-

471 768 746 823 satorem
779 756 1156 820 mutandum
1193 764 1302 818 aut
1337 754 1579 819 iudices
1614 755 1951 819 mutandos
1984 778 2133 820 reus
2168 757 2339 820 dicit.
2401 757 2530 821 hae

466 862 646 938 parte
675 848 1138 916 constitutionis
1161 846 1394 912 Graeci
1419 849 1488 913 in
1503 848 1771 925 iudiciis,
1796 850 1993 914 nosin
2006 850 2141 915 iure
2154 848 2371 937 [civili]
2384 851 2527 936 ple-

465 964 732 1029 rumque
759 943 994 1007 utimur
1033 938 1127 1026 [in
1154 940 1274 1005 hac
1297 951 1479 1027 parte
1498 964 1615 1007 nos
1642 941 1797 1006 iuris
1828 941 2031 1005 civilis
2062 943 2327 1009 scientia
2340 945 2525 1008 iuva—

465 1036 610 1125 bit],
636 1038 704 1101 in
731 1034 978 1101 iudiciis
1007 1044 1220 1099 tamen
1245 1034 1531 1100 nonnihil
1560 1030 1850 1121 [utimur]
1892 1036 2013 1100 hoc
2036 1037 2258 1103 modo:
2296 1037 2352 1101 si
2378 1038 2523 1121 quis

465 1132 796 1218 peculatus
845 1138 1204 1205 accusetur,
1253 1130 1426 1213 quod
1450 1152 1607 1193 vasa
1632 1140 1935 1217 argentea
1966 1130 2223 1216 publica
2264 1131 2343 1196 de
2377 1132 2523 1198 loco

466 1225 713 1311 privato
733 1224 977 1287 dicatur
1005 1222 1365 1300 sustulisse,
1391 1222 1599 1309 possit
1614 1223 1841 1300 dicere,
1872 1244 2019 1287 cum
2048 1224 2409 1291 definitione
2438 1226 2525 1291 sit

465 1340 642 1395 usuS,
671 1318 826 1400 quid
851 1316 935 1381 sit
959 1317 1225 1393 filrtum,
1256 1316 1410 1401 quid
1434 1318 1783 1402 peculatus,
1812 1338 2030 1382 secum
2058 1318 2211 1382 furti
2238 1319 2361 1405 agi,
2388 1341 2521 1384 non

463 1413 794 1499 peculatus
831 1421 1138 1497 oportere.
1219 1410 1378 1477 haec
1411 1412 1663 1497 partitio
1696 1411 2017 1498 legitimae
2054 1412 2517 1479 constitutionis

347 1563 354 1573 .
465 1508 566 1571 his
587 1508 664 1571 de
685 1508 893 1573 causis
921 1530 1063 1572 raro
1091 1506 1348 1572 venitin
1364 1506 1684 1584 iudicium,
1714 1506 1885 1591 quod
1908 1508 1975 1570 in
2000 1508 2247 1593 privata
2272 1508 2521 1572 actione

461 1602 814 1688 praetoriae
841 1602 1244 1687 exceptiones
1273 1612 1441 1679 sunt,
1462 1611 1526 1665 et
1542 1623 1737 1665 causa
1762 1600 1933 1665 cadit
1955 1601 2063 1684 qui
2089 1602 2237 1687 egit,
2263 1600 2386 1665 nisi
2404 1600 2519 1665 ha-

461 1696 602 1760 buit
627 1696 956 1773 actionem,
987 1706 1054 1761 et
1077 1696 1146 1759 in
1170 1695 1441 1783 publicis
1462 1695 1935 1779 quaestionibus
1964 1706 2219 1760 cavetur
2244 1695 2519 1781 legibus,

459 1800 532 1855 ut
561 1801 726 1869 ante,
766 1791 821 1855 si
847 1813 958 1857 reo
986 1792 1388 1856 commodum
1420 1790 1521 1866 sit,
1558 1789 1863 1853 iudicium
1886 1790 1965 1853 de
1994 1800 2358 1855 accusatore
2382 1790 2517 1867 fiat,

359 1880 427 1935 13
460 1897 674 1949 utrum
705 1886 800 1948 illi
833 1886 1022 1949 liceat
1057 1906 1355 1949 accusare
1400 1904 1619 1947 necne.
1726 1906 1807 1947 ex
1856 1884 2330 1950 ratiocinatione
2366 1905 2519 1948 con-

369 1952 419 1992 23
462 1978 774 2042 troversia
794 1988 1060 2054 constat,
1099 2000 1244 2041 cum
1269 2000 1373 2041 res
1404 1978 1541 2041 sine
1584 1978 1841 2063 propria
1872 1977 2015 2064 lege
2051 1978 2225 2043 venit
2254 1978 2321 2041 in
2353 1978 2519 2041 iudi-

463 2067 650 2148 ciu‘m,
663 2091 825 2154 quae
844 2080 1057 2134 tamen
1083 2072 1164 2134 ab
1185 2070 1322 2135 aliis
1341 2071 1589 2156 legibus
1612 2070 2017 2136 similitudine
2038 2073 2310 2155 quadam
2329 2094 2516 2137 occu-

461 2174 668 2250 patur.
757 2184 835 2229 ea
877 2174 978 2227 est
1018 2162 1206 2228 huius
1259 2165 1462 2229 modi:
1511 2166 1619 2229 lex
1663 2176 1787 2229 est:
1844 2165 1899 2228 si
1943 2165 2219 2231 furiosus
2262 2165 2515 2243 existet,

463 2258 812 2344 adgnatum
864 2257 1320 2344 gentiliumque
1371 2258 1439 2322 in
1482 2282 1557 2324 eo
1601 2258 1996 2345 pecuniaque
2048 2260 2183 2325 eius
2226 2270 2513 2346 potestas

463 2363 620 2417 esto.
715 2348 808 2436 [et
841 2352 973 2416 lex:
1019 2353 1129 2434 qui
1161 2362 1489 2438 parentem
1523 2375 1787 2418 necasse
1820 2353 2135 2418 iudicatus
2171 2355 2316 2432 erit,
2350 2366 2425 2418 ut
2456 2354 2513 2419 is

463 2446 800 2512 obvolutus
846 2456 911 2510 et
951 2445 1270 2532 obligatus
1316 2446 1486 2512 corio
1540 2449 1889 2512 devehatur
1930 2447 1999 2511 in
2040 2447 2509 2534 profluentem]

463 2552 528 2605 et
561 2541 693 2604 lex:
739 2539 1196 2626 paterfamilias
1229 2540 1324 2604 uti
1369 2562 1561 2626 super
1596 2541 1839 2606 familia
1880 2541 2227 2628 pecuniave
2272 2563 2390 2606 sua
2422 2542 2514 2606 le-

461 2633 734 2720 gaverit,
779 2634 870 2698 ita
910 2634 1010 2698 ius
1047 2645 1205 2699 esto.
1296 2646 1360 2698 et
1402 2635 1535 2700 lex:
1582 2637 1637 2700 si
1678 2635 2133 2722 paterfamilias
2176 2634 2511 2700 intestatus

461 2729 748 2807 moritur,
795 2728 1037 2792 familia
1067 2729 1463 2815 pecuniaque
1500 2731 1635 2794 eius
1672 2731 2016 2817 adgnatum
2060 2729 2513 2817 gentiliumque

463 2834 619 2888 esto.
677 2823 1022 2887 Malleolus
1049 2823 1361 2888 iudicatus
1393 2835 1493 2889 est
1514 2834 1782 2889 matrem
1807 2845 2100 2888 necasse:
2130 2825 2190 2888 ei
2216 2825 2513 2888 damnato

464 2917 676 2980 statim
710 2915 1027 2980 folliculus
1063 2916 1316 3002 lupinus
1353 2918 1421 2981 in
1457 2941 1529 2982 os
1566 2928 1632 2982 et
1666 2918 1875 2982 soleae
1917 2917 2167 3002 ligneae
2208 2915 2301 3001 [in
2334 2917 2513 3004 pedi-

360 3098 362 3100 V
465 3008 614 3096 bus]
650 3009 945 3074 inductae
991 3022 1164 3088 sunt,
1209 3012 1274 3074 in
1311 3025 1627 3076 carcerem
1672 3011 1897 3074 ductus
1944 3021 2060 3074 est.
2150 3011 2259 3093 qui
2292 3012 2513 3076 defen-

360 3099 368 3104 *
463 3104 698 3170 debant
733 3126 904 3182 eum,
953 3104 1200 3170 tabulas
1234 3106 1302 3170 in
1338 3126 1655 3172 carcerem
1699 3104 2017 3180 adferunt,
2064 3113 2511 3170 testamentum

461 3199 602 3286 ipso
636 3209 969 3283 praesente
1005 3200 1429 3277 conscribunt,
1466 3209 1661 3263 testes
1696 3208 1867 3261 recte
1895 3197 2249 3272 adfuerunt,
2288 3196 2367 3260 de
2400 3197 2509 3262 illo

465 3291 844 3378 supplicium
895 3293 1188 3372 sumitur3
1251 3294 1336 3370 ei,
1401 3292 1510 3377 qui
1560 3291 1826 3356 heredes
1881 3300 2061 3354 erant
2112 3299 2507 3369 testamentO,

463 3385 876 3451 hereditatem
921 3387 1183 3452 adeunt:
1228 3387 1423 3452 stater
1463 3385 1669 3450 minor
1702 3383 2017 3460 Malleoli,
2064 3383 2173 3467 qui
2216 3407 2361 3448 eum
2396 3407 2509 3472 op-

458 3490 856 3568 pugnaverat
887 3482 956 3547 in
991 3482 1126 3547 eius
1161 3479 1461 3566 periculo,
1501 3501 1681 3542 suam
1708 3487 1893 3541 vocat
1917 3471 2329 3542 hereditatem
2364 3479 2507 3563 lege

462 3575 882 3662 adgnationis.
971 3575 1076 3639 hic
1111 3584 1286 3638 certa
1317 3572 1423 3637 lex
1456 3573 1523 3636 in
1564 3593 1701 3635 rem
1743 3569 1919 3634 nulla
1962 3571 2268 3650 adfertur,
2315 3582 2380 3638 et
2413 3583 2507 3634 ta-

459 3691 606 3734 men
655 3670 892 3734 multae
945 3668 1342 3744 adferuntur,
1398 3688 1433 3730 e
1487 3665 1712 3748 quibus
1764 3663 2155 3731 ratiocinatio
2206 3665 2503 3742 nascitur,

459 3783 586 3844 qua
616 3787 686 3828 re
713 3761 991 3849 potuerit
1024 3771 1134 3824 aut
1165 3782 1294 3825 non
1327 3759 1602 3845 potuerit
1632 3759 1767 3824 iure
1794 3768 2239 3825 testamentum
2274 3759 2501 3822 facere.

463 3851 856 3939 [constitutio
907 3853 1190 3937 legitima
1233 3863 1333 3918 est
1374 3873 1455 3917 ex
1496 3851 2019 3940 ratiocinatione]
2110 3853 2289 3916 cuius
2332 3851 2502 3918 modi

457 3959 672 4034 partes
717 3961 932 4016 essent
973 3948 1294 4036 legitimae
1347 3949 1808 4015 constitutionis
1862 3947 2283 4016 ostendimus:
2334 3967 2502 4012 nunc

462 4043 542 4105 de
575 4041 905 4106 iuridiciali
941 4043 1384 4128 constitutione
1421 4044 1725 4110 dicamus.
