2784 4575
776 286 883 341 DE
920 283 1287 342 ORATORE
1322 286 1428 341 111.
1465 286 1778 343 205—213.
2175 276 2298 341 191

245 413 486 489 trabat,
526 410 641 477 sed
673 408 983 476 voluntati
1017 418 1302 475 vestrum
1336 408 1620 474 omnium
1653 407 1854 494 parui.
1941 407 2042 481 his
2088 420 2298 475 autem
2331 440 2412 481 209

246 508 326 573 de
360 506 552 571 rebus
581 504 680 571 sol
712 526 814 569 me
848 503 955 568 ille
985 502 1328 580 admonuit,
1361 512 1438 568 ut
1467 500 1718 567 brevior
1754 523 1982 580 essem,
2019 502 2129 586 qui
2160 502 2298 588 ipse

244 600 373 665 iam
406 597 829 686 praecipitans
865 620 968 664 me
998 618 1249 682 quoque
1272 595 1434 662 haec
1457 595 1867 682 praecipitem
1890 619 2094 684 paene
2129 596 2303 663 evol-

246 716 395 760 vere
430 692 658 779 coegit.
748 692 865 757 sed
915 701 1130 757 tamen
1180 690 1369 757 huius
1422 691 1674 777 generis
1719 690 2173 757 demonstratio
2207 703 2308 756 est

246 800 312 855 et
354 788 641 855 doctrina
671 787 817 875 ipsa
866 787 1176 875 volgaris3
1230 810 1387 853 usus
1425 798 1638 854 autem
1687 787 2102 874 gravissimus
2139 799 2205 854 et
2235 788 2304 853 in

243 883 369 948 hoc
402 892 535 951 toto
570 881 823 947 dicendi
868 882 1079 947 studio
1116 880 1546 947 difficillimus.
1633 903 1828 966 quam
1860 882 1943 948 ob
1976 904 2115 948 rem
2149 904 2306 967 quo·
2337 909 2422 951 210

244 976 417 1043 niam
452 975 533 1041 de
569 985 795 1041 ornatu
830 975 1005 1041 omni
1038 975 1339 1043 orationis
1386 985 1536 1041 sunt
1570 997 1819 1054 omnes,
1876 976 1932 1043 si
1965 1000 2094 1043 non
2125 986 2306 1063 pate-

245 1070 428 1148 facti,
464 1080 531 1135 at
566 1079 735 1135 certe
788 1069 1264 1135 commonstrati
1312 1069 1466 1147 loci,
1521 1091 1691 1135 nunc
1742 1069 1898 1154 quid
1949 1080 2166 1156 aptum
2203 1069 2305 1147 sit,

246 1164 367 1229 hoc
404 1174 522 1241 est,
560 1162 713 1249 quid
739 1163 1013 1231 maxime
1042 1164 1266 1231 deceat
1286 1164 1354 1230 in
1381 1164 1664 1231 oratione
1690 1163 2040 1231 videamus.
2087 1184 2308 1249 quam-

248 1279 441 1343 quam
474 1256 546 1322 id
579 1257 838 1341 quidem
885 1258 1291 1345 perspicuum
1344 1270 1472 1337 est,
1523 1282 1655 1325 non
1698 1259 1872 1325 omni
1913 1280 2144 1325 causae
2183 1280 2304 1325 nec

247 1350 518 1417 auditori
550 1372 757 1435 neque
790 1374 1102 1438 personae
1145 1373 1353 1436 neque
1388 1352 1659 1438 tempori
1691 1374 2040 1439 congruere
2075 1352 2305 1419 oratio·-

244 1444 346 1509 nis
382 1467 581 1509 unum
616 1468 850 1531 genus3
902 1468 1053 1511 nam
1088 1457 1153 1513 et
1188 1467 1420 1511 causae
1465 1445 1688 1532 capitis
1743 1446 1937 1512 alium
1987 1447 2306 1531 quendam
2339 1470 2418 1512 212

246 1539 585 1604 verborum
621 1560 849 1605 sonum
862 1540 1235 1624 'requirunt,
1290 1540 1484 1605 alium
1525 1560 1738 1605 rerum
1787 1540 2177 1627 privatarum
2213 1552 2307 1605 at-

246 1654 371 1717 que
430 1654 799 1719 parvarum;
862 1645 927 1699 et
987 1634 1159 1699 aliud
1221 1634 1474 1700 dicendi
1533 1657 1738 1722 genus
1798 1635 2304 1711 deliberationes,

23 1816 25 1827 Ι
109 1729 128 1750 ¹
248 1725 423 1791 aliud
471 1725 897 1806 laudationes,
945 1724 1148 1813 [aliud
1179 1726 1473 1815 iudicia,]
1522 1728 1693 1793 aliud
1745 1750 2098 1807 sermones,
2136 1727 2310 1792 aliud

246 1819 593 1887 consolatio
606 1867 625 1897 ,
663 1820 835 1886 aliud
868 1821 1257 1907 obiurgatiO,
1294 1821 1469 1886 aliud
1503 1821 1864 1908 disputatio,
1903 1822 2076 1887 aliud
2108 1820 2308 1887 histo-

243 1913 342 1979 ria
376 1913 715 1980 desiderat.
799 1914 998 1982 refert
1032 1914 1223 1980 etiam
1258 1915 1367 1998 qui
1422 1915 1709 1993 audiant,
1764 1925 2022 1981 senatus
2075 1938 2160 1979 an
2192 1936 2310 2000 po-

244 2007 433 2093 pulus
472 2031 555 2073 an
587 2007 858 2074 iudices:
904 2009 1268 2093 frequentes
1304 2032 1389 2073 an
1423 2008 1611 2095 pauci
1645 2032 1728 2075 an
1764 2007 2017 2096 singuli,
2053 2019 2120 2073 et
2153 2028 2310 2092 qua-

244 2102 372 2168 lest
406 2102 657 2189 ipsique
693 2114 975 2169 oratores
1013 2125 1139 2187 qua
1174 2103 1303 2169 sint
1336 2114 1572 2180 aetate,
1608 2103 1876 2181 honore,
1915 2101 2305 2179 auctoritate,
2377 2156 2381 2164 .

248 2196 439 2261 debet
470 2196 701 2274 videri;
738 2207 1010 2283 tempus,
1045 2196 1222 2284 pacis
1261 2220 1343 2263 an
1376 2197 1558 2274 belli,
1595 2196 2018 2262 festinationis
2057 2219 2139 2260 an
2173 2194 2304 2261 otii.

243 2289 459 2371 itaque
494 2289 618 2355 hoc
648 2287 791 2356 loco
825 2290 983 2356 nihil
1019 2313 1172 2358 sane
1210 2302 1310 2357 est
1343 2291 1518 2375 quod
1549 2290 1830 2378 praecipi
1861 2313 2055 2376 posse
2091 2289 2307 2358 videa-
2341 2316 2424 2356 212

246 2392 369 2458 tur,
404 2379 531 2446 nisi
563 2391 636 2446 ut
667 2383 939 2468 figuram
966 2383 1265 2451 orationis
1291 2384 1593 2470 plenioris
1623 2394 1688 2450 et
1721 2384 2022 2450 tenuioris
2059 2393 2124 2448 et
2155 2383 2310 2448 item

245 2474 414 2539 illius
439 2472 776 2540 mediocris
810 2477 895 2540 ad
924 2476 1013 2554 id,
1050 2476 1223 2560 quod
1250 2499 1536 2562 agemus,
1575 2476 2124 2543 adcommodatam
2150 2475 2309 2540 deli-

246 2590 496 2656 gamus.
542 2567 926 2632 ornamentis
958 2567 1201 2634 eisdem
1226 2570 1322 2634 uti
1348 2570 1483 2633 fere
1501 2567 1717 2634 licebit
1742 2569 1898 2634 alias
1928 2568 2305 2645 contentius,
2405 2565 2412 2572 ’

247 2662 405 2728 alias
436 2661 867 2738 summissius3
903 2661 1200 2746 omnique
1234 2663 1302 2726 in
1335 2683 1406 2728 re
1431 2684 1624 2748 posse
1653 2663 1824 2746 quod
1849 2663 2073 2728 deceat
2097 2662 2308 2727 facere

248 2755 400 2820 artis
421 2765 485 2820 et
502 2766 765 2820 naturae
783 2765 901 2832 est,
924 2755 1083 2820 scire
1106 2755 1256 2839 quid
1278 2756 1656 2841 quandoque
1675 2755 1898 2822 deceat
1912 2753 2306 2842 prudentiae.

372 2846 509 2914 Sed
542 2849 701 2915 haec
738 2849 949 2914 omnia
981 2850 1244 2936 perinde
1282 2861 1456 2928 sunt,
1493 2860 1566 2915 ut
1601 2859 1894 2938 aguntur.
1983 2847 2174 2928 actio,
2210 2848 2308 2913 in·-
2341 2844 2411 2898 56

248 2966 467 3028 quam,
509 2943 577 3008 in
613 2943 881 3011 dicendo
914 2967 1045 3010 una
1080 2945 1467 3022 dominatum
1515 2943 1651 3010 sine
1686 2944 1807 3010 hac
1844 2965 2129 3009 summus
2167 2966 2309 3009 ora-
2342 2918 2423 2957 ²¹³

246 3053 349 3105 tor
383 3061 527 3104 esse
560 3037 630 3106 in
661 3061 926 3105 numero
960 3039 1135 3106 nullo
1169 3050 1402 3126 potest,
1437 3038 1774 3105 mediocris
1809 3038 1931 3103 hac
1963 3037 2308 3102 instructus

248 3155 531 3199 summos
570 3157 761 3221 saepe
798 3157 1116 3222 superare.
1189 3134 1337 3200 huic
1368 3132 1606 3221 primas
1645 3132 1898 3199 dedisse
1923 3129 2312 3197 Demosthe-

246 3249 363 3293 nes
408 3228 664 3306 dioitur,
718 3249 864 3292 cum
914 3240 1273 3316 rogaretur,
1328 3227 1484 3312 quid
1533 3227 1601 3291 in
1655 3227 1922 3292 dicendo
1960 3234 2133 3290 esset
2183 3223 2311 3310 pri-

246 3342 451 3399 mum;
487 3322 635 3386 huic
670 3323 1003 3399 secundas,
1040 3323 1187 3389 huic
1223 3322 1440 3388 tertias
1452 3345 1473 3399 ς
1509 3343 1634 3405 quo
1669 3320 1824 3386 mihi
1857 3319 2083 3385 melius
2121 3317 2312 3382 etiam

248 3412 409 3478 illud
444 3415 524 3478 ab
559 3415 883 3480 Aeschine
920 3416 1159 3482 dictum
1209 3416 1413 3481 videri
1465 3416 1656 3495 solet3
1711 3416 1820 3501 qui
1855 3436 2002 3479 cum
2051 3422 2314 3498 propter

250 3506 664 3594 ignominiam
697 3507 913 3573 iudicii
966 3510 1268 3576 cessisset
1300 3509 1578 3574 Athenis
1616 3519 1682 3575 et
1715 3532 1786 3576 se
1821 3508 2124 3574 Rhodum
2159 3526 2311 3572 con-

250 3599 530 3679 tulisset,
564 3601 826 3687 rogatus
864 3624 905 3666 a
934 3601 1207 3668 Rhodiis
1242 3601 1481 3689 legisse
1516 3602 1716 3668 fertur
1751 3601 2100 3668 orationem
2133 3597 2308 3663 illam

252 3693 606 3784 egregiam,
662 3717 853 3780 quam
897 3694 966 3759 in
1003 3693 1491 3783 Ctesiphontem
1543 3707 1763 3766 contra
1803 3693 2308 3761 Demosthenem

253 3790 525 3868 dixerat3
581 3811 709 3874 qua
739 3788 1021 3875 perlecta
1052 3790 1321 3877 petitum
1356 3790 1439 3855 ab
1474 3812 1550 3856 eo
1587 3800 1686 3856 est
1726 3787 2061 3875 postridie,
2111 3796 2186 3851 ut
2217 3785 2312 3851 le-

251 3895 432 3968 geret
480 3883 654 3950 illam
690 3883 909 3962 etiam,
965 3905 1127 3968 quae
1163 3896 1301 3950 erat
1344 3893 1566 3950 contra
1599 3884 1682 3949 ab
1713 3880 2158 3949 Demosthene
2189 3901 2307 3966 pro

255 3973 673 4062 Ctesiphonte
736 3977 936 4044 dicta:
1006 3999 1197 4062 quam
1258 3999 1406 4062 cum
1467 3976 1846 4042 suavissima
1906 3985 1972 4040 et
2029 3973 2310 4040 maxima

252 4089 410 4135 voce
442 4069 724 4157 legisset,
763 4071 1215 4140 admirantibus
1245 4071 1539 4138 omnibus
1577 4069 1869 4156 ‘quanto'
1907 4064 2110 4155 inquit
2146 4073 2310 4133 ‘ma-
