2784 4575
475 285 563 350 32
1087 297 1166 350 Μ.
1203 292 1478 352 TULLII
1512 291 1917 350 CICERONIS

475 441 679 504 eoque
739 440 883 484 sum
941 440 1100 483 usus
1163 417 1567 494 adulescens,
1628 427 1703 482 ut
1762 437 2152 482 summorum
2212 425 2543 482 oratorum

479 512 760 579 Graecas
813 511 1130 578 orationes
1183 511 1595 599 explicarem,
1658 511 1885 595 quibus
1938 509 2119 576 lectis
2172 509 2297 576 hoc
2348 510 2540 576 adse-

476 607 743 690 quebar,
787 616 887 685 ut,
931 627 1077 670 cum
1111 629 1219 683 ea,
1273 627 1437 688 quae
1470 605 1751 692 legeram
1788 603 2065 684 Graece,
2120 603 2354 670 Latine
2388 605 2538 670 red-

475 702 718 779 derem,
769 723 904 766 non
939 699 1146 766 solum
1189 699 1443 787 optimis
1498 700 1708 765 verbis
1742 710 1953 764 uterer
1987 710 2053 764 et
2086 709 2300 764 tamen
2333 700 2537 764 usitae

396 827 400 832 ·
474 795 576 874 tis,
615 795 731 860 sed
765 795 956 860 etiam
983 793 1403 881 exprimerem
1428 793 1741 878 quaedam
1774 794 1973 859 verba
2004 792 2331 873 imitando,
2367 815 2535 878 quae

365 915 440 960 156
471 913 640 956 nova
672 889 906 955 nostris
943 899 1176 967 essent,
1214 889 1366 953 dum
1400 889 1591 955 modo
1625 899 1842 954 essent
1872 887 2120 953 idonea.
2190 888 2317 952 iam
2353 889 2531 954 vocis

475 993 540 1049 et
575 982 833 1070 spiritus
869 993 936 1047 et
984 982 1178 1049 totius
1231 981 1511 1069 corporis
1557 992 1622 1046 et
1662 981 1861 1069 ipsius
1913 981 2169 1069 linguae
2221 993 2425 1048 motus
2462 995 2531 1048 et

473 1074 954 1143 exercitationes
1009 1097 1139 1140 non
1173 1086 1303 1139 tam
1339 1075 1493 1140 artis
1526 1074 1815 1161 indigent
1848 1096 2039 1159 quam
2071 1074 2305 1142 laboris
2316 1101 2335 1154 ;
2385 1075 2529 1160 qui-

471 1172 592 1236 bus
625 1170 694 1235 in
729 1171 922 1235 rebus
957 1169 1252 1236 habenda
1285 1180 1385 1236 est
1418 1169 1578 1236 ratio
1606 1169 1959 1258 diligenter,
1994 1193 2155 1254 quos
2190 1169 2529 1250 imitemur,

474 1287 742 1348 quorum
793 1262 1030 1330 similes
1083 1262 1353 1328 velimus
1408 1285 1572 1330 esse.
1659 1263 1946 1329 intuendi
1984 1264 2172 1330 nobis
2218 1275 2363 1330 sunt
2394 1287 2531 1332 non

475 1357 680 1424 solum
716 1369 1023 1434 oratores,
1061 1357 1177 1423 sed
1210 1357 1405 1422 etiam
1438 1368 1714 1436 actores,
1750 1380 1833 1422 ne
1866 1358 2036 1423 mala
2072 1359 2529 1424 consuetudine

365 1475 441 1516 157
479 1451 563 1516 ad
595 1451 870 1536 aliquam
903 1450 1370 1516 deformitatem
1403 1451 1906 1538 pravitatemque
1940 1451 2295 1518 veniamus.
2348 1475 2533 1518 exer-

376 1603 380 1608 .
474 1545 676 1611 cenda
727 1555 826 1611 est
877 1545 1066 1611 etiam
1117 1545 1425 1612 memoria
1476 1546 1833 1612 ediscendis
1884 1547 1968 1614 ad
2018 1548 2284 1612 verbum
2336 1568 2531 1631 quam

470 1639 759 1727 plurimis
797 1651 861 1704 et
902 1641 1136 1707 nostris
1193 1640 1443 1727 scriptis
1491 1654 1556 1707 et
1597 1641 1848 1719 alienis3
1902 1652 2091 1725 atque
2132 1641 2201 1706 in
2234 1663 2317 1708 ea
2348 1665 2533 1708 exer·

471 1733 767 1800 citatione
799 1757 930 1800 non
981 1757 1134 1800 sane
1171 1734 1325 1800 mihi
1381 1734 1675 1823 displicet
1708 1735 2035 1814 adhibere,
2088 1735 2145 1800 si
2178 1737 2527 1814 consueris,

475 1826 722 1915 [etiam]
759 1827 950 1894 istam
993 1828 1276 1894 locorum
1327 1829 1931 1913 simulacrorumque
1974 1828 2311 1907 rationem,
2365 1853 2528 1915 quae

469 1924 538 1987 in
571 1934 704 1988 arte
741 1922 1024 1987 traditur.
1114 1923 1443 1988 educenda
1497 1922 1725 1990 deinde
1778 1923 1968 1989 dictio
2004 1935 2105 1990 est
2140 1946 2222 1990 ex
2254 1923 2381 1990 hac
2414 1925 2528 1992 do-

467 2016 734 2082 mestica
778 2016 1226 2082 exercitatione
1262 2028 1328 2081 et
1361 2017 1683 2082 umbratili
1730 2018 2065 2084 medium
2044 2042 2114 2082 m
2148 2040 2407 2105 agmen,
2459 2017 2525 2084 in

469 2109 824 2196 pulverem,
879 2110 948 2176 in
981 2109 1351 2188 clamorem,
1406 2110 1481 2176 in
1510 2122 1721 2178 castra
1754 2124 1943 2197 atque
1976 2112 2045 2178 in
2080 2113 2281 2178 aciem
2315 2113 2527 2178 foren-

471 2226 637 2283 sem3
703 2205 1072 2282 subeundus
1124 2203 1299 2270 visus
1355 2204 1685 2270 hominum
1737 2218 1803 2272 et
1850 2205 2301 2295 periclitandae
2353 2206 2521 2272 vires

467 2297 734 2385 ingenii,
797 2309 862 2365 et
910 2299 1021 2365 illa
1071 2300 1517 2367 commentatio
1569 2300 1817 2367 inclusa
1864 2302 1931 2367 in
1984 2301 2265 2367 veritatis
2317 2301 2527 2369 lucem

357 2414 436 2457 ιω
467 2394 850 2479 proferenda
892 2404 993 2459 est
1000 2419 1020 2472 3
1073 2393 1329 2481 legendi
1364 2394 1556 2461 etiam
1606 2401 1860 2481 poetae,
1916 2395 2397 2482 cognoscendae
2431 2396 2527 2461 hi-

470 2486 729 2565 storiae,
784 2487 1068 2553 omnium
1099 2488 1411 2553 bonarum
1444 2488 1673 2555 artium
1708 2489 1997 2555 doctores
2036 2501 2224 2574 atque
2260 2489 2527 2577 scripto-

466 2604 570 2647 res
606 2580 863 2667 legendi
917 2591 982 2647 et
1012 2581 1457 2667 pervolutandi
1506 2592 1574 2647 et
1624 2582 2089 2649 exercitationis
2143 2605 2337 2649 causa
2389 2585 2527 2649 lau-

469 2675 689 2753 dandi,
725 2674 1205 2762 interpretandi,
1261 2676 1645 2763 corrigendi,
1702 2676 2128 2764 vituperandi,
2162 2678 2523 2758 refellendi3

467 2768 1042 2855 disputandumque
1079 2771 1160 2836 de
1195 2770 1368 2836 omni
1401 2793 1471 2836 re
1504 2770 1573 2837 in
1606 2770 1951 2838 contrarias
1987 2771 2185 2859 partis
2221 2782 2313 2850 et,
2349 2772 2527 2856 quic-

467 2863 621 2946 quid
672 2862 791 2927 erit
839 2863 906 2928 in
969 2887 1221 2949 quaque
1273 2887 1372 2943 re,
1436 2867 1610 2949 quod
1666 2866 1997 2953 probabile
2048 2864 2248 2931 videri
2298 2866 2523 2954 possit,

356 2977 432 3018 159
470 2958 846 3023 eliciendum
901 2957 1120 3045 [atque
1173 2960 1571 3047 dicendum],
1556 2986 1571 3001 ·
1626 2961 2115 3046 perdiscendum
2162 2960 2264 3027 ius
2317 2960 2523 3039 civile,

467 3053 947 3160 cognoscendae
981 3052 1190 3139 leges,
1241 3054 1653 3141 percipienda
1686 3056 1890 3121 omnis
1929 3054 2297 3139 antiquitas,
2334 3077 2525 3121 sena-

467 3144 630 3209 toria
696 3147 1084 3213 consuetudo
1094 3194 1114 3225 ,
1185 3148 1521 3233 disciplina
1577 3148 1671 3214 rei
1730 3150 2049 3236 publicae,
2118 3149 2257 3215 iura
2314 3147 2522 3214 socio-

462 3260 636 3315 rum,
715 3239 1000 3317 foedera,
1077 3241 1435 3326 pactiones,
1516 3264 1709 3308 causa
1768 3242 2017 3330 imperii
2078 3242 2523 3330 cognoscenda

465 3342 593 3410 est3
646 3330 940 3398 libandus
976 3346 1076 3399 est
1110 3335 1302 3400 etiam
1335 3359 1417 3401 ex
1450 3336 1624 3402 omni
1658 3358 1893 3423 genere
1938 3336 2311 3403 urbanitatis
2348 3336 2517 3403 face-

464 3425 694 3491 tiarum
755 3426 1012 3509 quidam
1077 3428 1256 3516 lepos
1271 3478 1287 3506 ,
1361 3452 1487 3513 quo
1559 3440 1882 3513 tamquam
1952 3430 2084 3497 sale
2145 3453 2523 3518 persperga-

464 3531 567 3586 tur
617 3520 820 3587 omnis
873 3522 1092 3589 oratio.
1199 3524 1399 3588 effudi
1441 3523 1623 3589 vobis
1668 3524 1880 3589 omnia
1930 3546 2093 3608 quae
2148 3524 2519 3603 sentiebam,

466 3636 626 3699 quae
661 3615 960 3695 fortasse,
1007 3639 1465 3701 quemcumque
1508 3618 2025 3703 patremfamilias
2082 3616 2517 3705 adripuissetis

466 3730 546 3773 ex
598 3708 806 3793 aliquo
859 3710 1121 3788 circulo,
1175 3711 1399 3776 eadem
1452 3710 1633 3776 vobis
1685 3711 2201 3799 percontantibus
2254 3734 2523 3799 respon-

465 3801 703 3868 disset.’

360 3892 430 3979 3‚5
581 3898 766 3963 Haec
821 3918 966 3963 cum
1011 3895 1288 3963 Crassus
1343 3896 1637 3978 dixisset,
1692 3898 2009 3965 silentium
2061 3910 2159 3965 est
2212 3919 2521 3965 consecu-

357 3964 433 4005 ιω
467 3997 627 4067 tum3
665 3990 780 4055 sed
815 4013 1200 4075 quamquam
1236 3991 1392 4056 satis
1428 3990 1523 4057 eis
1532 4040 1551 4071 ,
1608 3992 1717 4076 qui
1752 3993 2039 4071 aderant,
2086 3994 2169 4059 ad
2202 3992 2297 4070 id,
2343 3992 2521 4076 quod

358 4118 368 4133 a
467 4092 602 4143 erat
660 4084 1082 4167 propositum,
1153 4085 1392 4151 dictum
1454 4085 1813 4165 videbatur,
1885 4098 2099 4153 tamen
2160 4086 2521 4158 sentiebant
