2784 4575
829 309 933 363 DE
972 306 1336 364 ORATORE
1372 307 1448 362 11.
1483 307 1796 363 332—341.
1934 372 1947 389 ἱ
2213 292 2339 361 135

291 436 471 515 dum,
508 433 800 499 inciditur
836 432 1005 497 enim
1040 430 1243 497 omnis
1282 400 1666 507 deliberatio,
1707 431 1762 495 si
1795 428 2178 539 intellegitur
2210 454 2342 497 non

288 550 483 617 posse
532 528 671 593 fieri
724 536 832 591 aut
882 526 939 591 si
988 524 1335 591 necessitas
1390 522 1698 603 adfertur3
1753 535 1816 589 et
1858 522 1969 607 qui
2011 523 2078 587 id
2129 523 2342 589 docuit

286 647 423 689 non
472 620 832 687 videntibus
886 618 1055 697 aliis,
1106 618 1163 684 is
1216 616 1556 705 plurimum
1602 613 1779 682 vidit.
1876 618 1960 685 ad
2011 616 2342 683 consilium
2375 646 2452 689 631

288 727 505 782 autem
540 716 621 781 (16
654 738 725 781 16
756 713 1013 800 publica
1048 712 1325 777 dandum
1379 722 1570 797 caput
1603 721 1702 777 est
1743 732 1934 776 nosse
1969 734 2105 775 rem
2137 711 2345 797 publi-

287 833 462 890 cam3
518 810 601 875 ad
635 808 971 873 dicendum
1004 827 1155 871 vero
1198 804 1605 892 probabiliter
1655 827 1847 871 nosse
1879 827 2088 870 mores
2125 804 2344 871 civita-

292 904 406 982 tis,
460 903 570 988 qui
610 901 761 986 quia
812 902 1031 965 crebro
1083 910 1433 977 mutantur,
1487 921 1690 985 genus
1743 920 1992 983 quoque
2045 898 2343 966 orationis

289 1008 395 1062 est
430 1019 621 1084 saepe
655 995 1057 1073 mutandum,
1103 1004 1167 1058 et
1201 1015 1583 1078 quamquam
1615 1015 1746 1057 una
1778 992 1912 1059 fere
1949 992 2044 1057 vis
2082 1002 2181 1059 est
2213 991 2346 1059 elo-

294 1091 617 1199 quentiae,
654 1100 866 1154 tamen
902 1089 1051 1171 quia
1084 1110 1333 1152 summa
1365 1088 1642 1196 dignitas
1678 1098 1777 1154 est
1808 1066 2056 1175 populi,
2100 1087 2346 1173 gravis-

290 1184 457 1249 sima
490 1205 685 1249 causa
716 1182 810 1247 rei
842 1182 1160 1267 publicae,
1215 1181 1476 1245 maximi
1507 1192 1718 1247 motus
1751 1180 2196 1259 multitudinis,
2233 1202 2348 1267 ge-

293 1300 417 1343 nus
454 1299 705 1363 quoque
740 1276 989 1341 dicendi
1033 1275 1335 1362 grandius
1389 1275 1708 1360 quoddam
1742 1286 1807 1340 et
1838 1274 2162 1341 inlustrius
2199 1298 2344 1341 esse

290 1370 723 1437 adhibendum
774 1370 1021 1435 videtur
1031 1395 1051 1448 3
1111 1369 1512 1454 maximaque
1563 1392 1712 1457 pars
1765 1369 2064 1436 orationis
2127 1370 2346 1435 admo-

294 1464 504 1529 venda
539 1474 638 1529 est
672 1464 754 1529 ad
790 1464 1140 1528 animorum
1190 1474 1401 1529 motus
1435 1485 1566 1528 non
1597 1485 1942 1546 numquam
1977 1475 2088 1531 aut
2119 1464 2344 1529 cohor-

289 1557 531 1623 tatione
584 1568 694 1621 aut
745 1557 1336 1623 commemoratione
1388 1558 1600 1641 aliqua
1650 1568 1760 1621 aut
1791 1558 1858 1621 in
1903 1581 2083 1645 spem
2135 1569 2246 1625 aut
2276 1557 2344 1622 in

286 1662 531 1717 metum
583 1661 693 1715 aut
727 1652 811 1715 ad
862 1650 1270 1739 cupiditatem
1304 1663 1417 1715 aut
1459 1652 1541 1715 ad
1591 1652 1880 1761 gloriam
1911 1651 2338 1729 concitandos,

289 1768 486 1831 saepe
523 1745 713 1809 etiam
748 1768 788 1809 a
820 1745 1199 1823 temeritate,
1234 1744 1588 1823 iracundia,
1627 1768 1758 1833 spe,
1795 1745 2048 1823 iniuria,
2084 1743 2340 1820 invidia,

291 1838 661 1905 crudelitate
696 1838 1107 1905 revocandos.
1192 1838 1268 1903 fit
1300 1850 1540 1917 autem,
1577 1850 1674 1917 ut,
1713 1838 1860 1923 quia
1893 1839 2170 1904 maxima
2203 1861 2344 1904 ora-
2377 1834 2448 1889 83

285 1932 414 1997 tori
448 1932 629 2017 quasi
666 1952 857 1997 scena
890 1933 1139 1997 videtur
1174 1932 1382 1998 contio
1412 1954 1576 2009 esse,
1611 1942 1838 1997 natura
1869 1933 2011 2019 ipsa
2045 1933 2128 1997 ad
2161 1954 2344 1998 orna-
2377 1906 2458 1947 ³³⁸

286 2025 418 2091 tius
456 2025 706 2091 dicendi
740 2048 943 2111 genus
980 2026 1353 2104 excitemur3
1409 2026 1602 2091 habet
1637 2026 1806 2090 enim
1845 2025 2180 2091 multitudo
2215 2025 2345 2089 vim

282 2120 611 2203 quandam
648 2119 865 2196 talem,
920 2128 1020 2197 ut,
1075 2142 1264 2203 quem
1300 2119 1382 2183 ad
1425 2119 1686 2184 modum
1735 2118 1968 2185 tibicen
2005 2118 2140 2183 sine
2174 2118 2342 2183 tibiis

286 2234 536 2291 canere,
574 2214 666 2278 610
700 2223 910 2279 orator
950 2213 1085 2279 sine
1112 2212 1508 2278 multitudine
1535 2212 1828 2278 audiente
1862 2210 2164 2297 eloquens
2201 2230 2345 2277 esse

282 2326 420 2370 non
452 2307 682 2390 possit3
738 2317 802 2371 et
836 2329 981 2372 cum
1020 2308 1147 2372 sint
1179 2307 1520 2395 populares
1555 2307 1737 2372 multi
1770 2307 2052 2390 variique
2102 2307 2342 2394 lapsus,
2377 2331 2457 2374 339

286 2399 551 2464 vitanda
584 2409 684 2464 est
718 2399 1092 2467 adclamatio
1128 2401 1398 2466 adversa
1429 2402 1665 2488 populi,
1703 2423 1864 2484 quae
1900 2411 2010 2465 aut
2043 2401 2342 2466 orationis

285 2504 552 2580 peccato
588 2492 799 2575 aliquo
834 2489 1168 2571 excitatur,
1207 2495 1261 2558 si
1298 2515 1548 2580 aspere,
1587 2495 1644 2558 si
1677 2496 2083 2580 adroganter,
2122 2493 2179 2558 si
2213 2503 2346 2556 tur-

285 2586 482 2672 piter,
538 2586 595 2650 si
630 2585 912 2663 sordide,
968 2587 1023 2652 si
1058 2608 1311 2670 quoquo
1348 2585 1540 2650 animi
1574 2586 1728 2651 vitio
1781 2587 2020 2650 dictum
2054 2607 2195 2650 esse
2232 2585 2347 2649 ali-

282 2680 445 2764 quid
478 2679 754 2756 videtur,
814 2689 923 2743 aut
956 2680 1284 2744 hominum
1337 2679 1688 2749 offensione
1723 2679 1827 2743 vel
1861 2679 2125 2754 invidia,
2156 2699 2344 2761 quae

282 2784 403 2836 aut
434 2772 603 2837 iusta
636 2781 736 2838 est
770 2784 882 2838 aut
914 2795 995 2838 ex
1030 2773 1461 2838 criminatione
1514 2783 1701 2854 atque
1751 2771 1951 2849 fama,
2008 2781 2116 2836 aut
2146 2794 2251 2836 res
2289 2772 2346 2835 si

282 2865 611 2952 displicet,
668 2877 779 2933 aut
813 2867 870 2932 si
903 2878 1003 2933 est
1035 2867 1103 2932 in
1138 2866 1349 2951 aliquo
1401 2877 1577 2932 motu
1631 2887 1785 2935 suae
1824 2864 2198 2954 'cupiditatis
2235 2876 2345 2932 aut

285 2972 495 3026 metus
530 2961 887 3028 multitudo.
977 2962 1076 3028 his
1114 2973 1409 3046 quattuor
1445 2961 1652 3026 causis
1699 2961 1960 3026 totidem
1993 2961 2343 3027 medicinae

279 3067 723 3142 opponuntur:
776 3068 912 3121 tum
964 3056 1350 3143 obiurgatio,
1407 3056 1462 3120 si
1497 3067 1597 3122 est
1639 3055 1976 3122 auctoritas
1989 3079 2008 3132 ;
2061 3065 2198 3119 tum
2233 3054 2345 3118 ad-

279 3148 548 3215 monitio
568 3150 751 3234 quasi
777 3151 978 3216 lenior
997 3150 1380 3236 obiurgati03
1411 3161 1545 3214 tum
1562 3148 1918 3235 promissiO,
1940 3147 1994 3213 si
2013 3146 2343 3224 audierint,

282 3244 692 3328 probaturos3
747 3255 882 3309 tum
918 3243 1306 3331 deprecatio,
1361 3244 1532 3328 quod
1567 3254 1666 3308 est
1697 3243 2010 3320 infimum,
2066 3243 2182 3308 sed
2214 3262 2345 3307 non

282 3357 633 3418 numquam
666 3338 839 3402 utile.
929 3339 1103 3405 nullo
1140 3349 1352 3403 autem
1372 3339 1526 3404 'loco
1577 3339 1722 3424 plus
1759 3337 2026 3402 facetiae
2077 3345 2345 3423 prosunt
2377 3359 2458 3402 340

278 3437 353 3492 61
388 3429 675 3494 celeritas
712 3441 778 3495 et
808 3432 1005 3497 breve
1042 3432 1297 3516 aliquod
1332 3431 1570 3497 dictum
1604 3453 1724 3497 nec
1760 3432 1896 3497 sine
1939 3431 2244 3518 dignitate
2280 3441 2344 3495 et

284 3543 432 3585 cum
467 3521 681 3612 lepore
690 3547 709 3601 3
747 3523 904 3589 nihil
940 3525 1107 3590 enim
1135 3536 1265 3590 tam
1291 3525 1476 3590 facile
1504 3548 1694 3611 quam
1722 3525 2056 3590 multitudo
2085 3548 2125 3589 a
2148 3525 2343 3589 tristi-

286 3614 377 3680 tia
410 3625 477 3679 et
510 3637 702 3702 saepe
740 3617 819 3682 ab
873 3619 1211 3683 acerbitate
1255 3620 1585 3684 commode
1637 3629 1703 3685 et
1749 3619 2024 3684 breviter
2059 3627 2124 3683 et
2159 3628 2341 3683 acute

276 3719 353 3776 61
385 3707 585 3774 hilare
622 3709 789 3776 dicto
826 3711 1174 3776 deducitur.

403 3803 699 3890 Exposui
732 3803 894 3882 fere,
946 3815 1019 3869 ut
1051 3805 1258 3890 potui,
1305 3805 1487 3871 vobis
1522 3804 1591 3870 in
1622 3815 1888 3890 utroque
1923 3827 2155 3892 genere
2191 3825 2340 3868 cau·
2373 3815 2444 3872 84

286 3918 501 3960 sarum
545 3919 707 3982 quae
760 3897 942 3983 sequi
994 3899 1292 3976 solerem,
1352 3921 1517 3983 quae
1550 3899 1801 3985 fugere,
1856 3921 2017 3982 quae
2053 3909 2339 3985 spectare

286 4010 537 4073 quaque
572 3992 829 4058 omnino
863 3993 930 4058 in
966 3991 1175 4058 causis
1209 3993 1454 4058 ratione
1490 3993 1759 4058 versari:
1809 3991 1982 4081 [nec]
2019 3993 2177 4058 illud
2211 4003 2336 4058 ter·
2370 4018 2450 4060 341

276 4085 443 4150 tium
468 4085 843 4153 laudationis
872 4109 1075 4174 genus
1107 4084 1234 4174 [est
1260 4087 1536 4167 difficile,
1572 4085 1770 4174 quod]
1803 4110 1922 4176 ego
1951 4088 2128 4154 initio
2155 4086 2337 4172 quasi
