2784 4575
830 271 936 325 DE
975 267 1342 328 ORATORE
1375 269 1457 328 11.
1498 271 1737 326 68—75.
2232 257 2318 324 75

240 395 566 488 termittiS,
602 392 1066 476 relinquantur3
1102 416 1232 459 non
1267 393 1439 460 enim
1461 392 1618 458 mihi
1650 393 1860 459 minus
1897 393 2107 480 operis
2144 395 2321 460 vide-'-

243 503 356 556 tur
407 490 488 555 de
538 486 856 553 universis
911 487 1252 573 generibus
1305 511 1521 553 rerum
1564 509 1755 571 quam
1799 487 1878 553 de
1924 488 2318 574 singulorum

245 584 466 652 causis
503 605 578 648 ac
611 583 814 648 multo
861 581 1054 646 etiam
1085 580 1292 646 maius
1328 582 1409 647 de
1452 591 1681 646 natura
1714 582 1976 648 deorum
2009 603 2202 666 quam
2236 583 2317 650 de

243 679 580 745 hominum
621 675 839 742 litibus
895 675 1142 742 dicere?
1231 680 1392 741 ‘non
1426 685 1525 740 est
1567 674 1705 754 ita,’
1758 675 1963 760 inquit
1992 677 2317 744 Antonius

250 773 494 839 ‘dicam
529 772 700 838 enim
734 770 868 849 tibi,
908 768 1158 848 Catule,
1193 791 1326 836 non
1359 781 1495 835 tam
1528 770 1753 836 doctus
1790 793 2008 855 quam,
2042 770 2113 835 id
2148 772 2318 856 quod
2360 807 2412 846 ⁷2

134 919 142 925 .
249 878 360 934 est
409 866 645 944 maius,
709 876 1039 952 expertus:
1096 864 1382 930 omnium
1434 874 1783 929 ceterarum
1832 887 2045 929 rerum
2095 864 2315 943 oratio,

30 4472 33 4479 .
30 4436 33 4459 -.
30 4368 33 4389 -
29 4070 40 4351 ---r——--*--
30 3957 50 4055 .-.-.''

245 960 414 1028 mihi
455 960 674 1038 crede,
727 958 916 1024 ludus
964 969 1065 1023 est
1109 957 1351 1024 homini
1393 980 1524 1024 non
1576 958 1789 1024 hebeti
1821 979 2029 1041 neque
2070 958 2321 1024 inexer-

247 1057 452 1120 citato
486 1075 692 1137 neque
729 1052 1160 1118 communium
1202 1052 1555 1117 litterarum
1590 1062 1656 1118 et
1687 1051 1995 1137 politioris
2030 1050 2339 1143 humani-¹

249 1149 408 1214 tatis
458 1147 726 1233 experti3
789 1147 860 1212 in
911 1167 1245 1211 causarum
1297 1145 1805 1212 contentionibus
1863 1167 2170 1231 magnum
2221 1157 2322 1211 est

248 1241 580 1326 quoddam
615 1262 778 1327 opus
815 1249 1004 1324 atque
1039 1238 1213 1304 haud
1241 1239 1440 1304 sciam
1474 1263 1557 1305 an
1590 1239 1671 1303 de
1698 1237 1991 1330 humanis
2019 1238 2317 1326 operibus

245 1337 446 1422 longe
498 1335 874 1413 maximum3
938 1333 1006 1398 in
1059 1333 1288 1416 quibus
1342 1334 1439 1398 vis
1479 1333 1760 1399 ‚oratoris
1812 1332 2183 1419 plerumque
2236 1333 2317 1398 ab

245 1429 562 1516 imperitis
618 1429 793 1493 exitu
825 1439 892 1493 et
942 1427 1206 1493 victoria
1256 1427 1595 1506 iudicatur3
1649 1426 1762 1492 ubi
1812 1428 1994 1492 adest
2038 1436 2315 1492 armatus

247 1522 678 1601 adversariae,
715 1522 826 1606 qui
861 1520 944 1588 sit
977 1531 1043 1588 et
1076 1521 1398 1598 feriendus
1426 1532 1492 1586 et
1512 1521 1941 1607 repellendus;
1978 1520 2087 1586 ubi
2125 1543 2317 1608 saepe

247 1618 310 1683 is
328 1667 346 1695 ,
401 1617 510 1702 qui
541 1617 638 1683 rei
671 1615 964 1683 dominus
1001 1615 1252 1681 futurus
1290 1625 1416 1693 est,
1472 1615 1714 1680 alienus
1751 1625 1939 1699 atque
1972 1615 2170 1680 iratus
2208 1626 2319 1681 aut

247 1711 450 1776 etiam
501 1711 743 1776 amicus
796 1710 1160 1776 adversario
1204 1719 1270 1774 et
1317 1709 1609 1774 inimicus
1662 1708 1779 1773 tibi
1830 1719 1957 1787 est,
2012 1730 2158 1773 cum
2208 1719 2320 1773 aut

256 1805 582 1870 docendus
618 1805 674 1870 is
711 1815 812 1872 est
845 1814 957 1869 aut
999 1803 1405 1869 dedocendus
1454 1813 1563 1868 aut
1595 1802 2033 1889 reprimendus
2078 1812 2189 1867 aut
2220 1799 2325 1868 in-⁴

255 1897 548 1963 citandus
585 1908 694 1964 aut
728 1898 902 1964 omni
925 1899 1169 1964 ratione
1206 1897 1290 1962 ad
1323 1909 1595 1984 tempus,
1633 1897 1716 1962 ad
1750 1918 2008 1961 causam
2034 1896 2317 1962 oratione

253 1993 710 2070 moderandus3
746 1994 814 2058 in
849 2015 974 2076 quo
1012 2015 1204 2079 saepe
1229 1991 1675 2059 benevolentia
1710 1991 1793 2057 ad
1827 1992 2062 2070 odium,
2099 1993 2317 2065 odium

256 2095 470 2151 autem
507 2087 590 2151 'ad
621 2085 1132 2152 benevolentiam
1181 2078 1625 2152 deducendum
1660 2096 1785 2164 est3
1841 2095 1952 2150 aut
1992 2095 2316 2169 tamquam

253 2179 724 2246 machinatione
771 2181 986 2264 aliqua
1028 2191 1163 2246 tum
1209 2181 1292 2246 ad
1343 2181 1747 2246 severitatem
1789 2190 1927 2244 tum
1970 2181 2053 2244 ad
2092 2180 2317 2246 remis-

257 2273 509 2339 sionem
559 2273 779 2353 animi,
843 2284 980 2339 tum
1031 2275 1115 2340 ad
1165 2275 1486 2341 tristitiam
1536 2286 1673 2341 tum
1726 2273 1809 2339 ad
1859 2273 2165 2341 laetitiam
2216 2286 2316 2341 est

256 2368 800 2450 contorquendus3
845 2368 1128 2433 omnium
1166 2369 1620 2435 sententiarum
1654 2368 1995 2455 gravitate,
2032 2368 2317 2434 omnium
2358 2390 2409 2433 τε

255 2460 600 2527 verborum
633 2462 1014 2548 ponderibus
1052 2473 1152 2528 est
1183 2464 1517 2539 utendum3
1574 2462 1836 2525 accedat
1870 2472 2118 2547 oportet
2152 2462 2315 2526 actio

255 2555 464 2633 varia,
509 2556 882 2635 vehemens,
919 2557 1110 2643 plena
1145 2556 1365 2634 animi,
1421 2557 1613 2642 plena
1648 2554 1934 2641 spiritus,
1978 2554 2171 2639 plena
2202 2554 2318 2619 do-

251 2648 442 2727 loris,
502 2650 694 2736 plena
751 2650 1056 2715 veritatis.
1161 2649 1229 2715 in
1289 2649 1388 2713 his
1452 2648 1749 2734 operibus
1811 2647 1868 2712 si
1938 2648 2079 2731 quis
2142 2646 2318 2711 illam

257 2754 464 2810 artem
524 2743 1098 2831 comprehenderit,
1161 2755 1234 2809 ut
1291 2753 1617 2827 tamquam
1664 2741 1929 2806 Phidias
1980 2740 2317 2805 Minervae

253 2839 518 2925 signum
569 2838 822 2905 efficere
874 2840 1106 2925 possit,
1160 2861 1292 2904 non
1344 2858 1526 2914 sane,
1580 2858 1771 2919 quem
1812 2835 1899 2900 ad
1945 2834 2207 2900 modum
2248 2834 2318 2897 in

255 2924 464 3018 clipeo
502 2930 700 3019 [idem
734 2932 992 3020 artifex]
1038 2934 1282 2999 minora
1323 2932 1435 2996 illa
1467 2952 1661 3017 opera
1695 2929 1905 2995 facere
1941 2928 2169 3007 discat,
2224 2927 2319 2993 la—

260 3025 549 3093 borabit’
639 3038 778 3092 tum
811 3024 1082 3092 Catulus
1139 3032 1158 3062 ‘
1169 3047 1293 3110 quo
1343 3024 1471 3090 ista
1520 3022 1760 3089 maiora
1811 3042 1887 3087 ac
1935 3020 2330 3088 mirabiliora·
2354 3014 2421 3127 Ἐξ

257 3118 488 3199 fecisti,
527 3142 604 3187 eo
637 3144 743 3187 me
776 3120 977 3186 maior
1013 3119 1403 3206 exspectatio
1440 3128 1614 3183 tenet
1646 3118 2029 3201 quibusnam
2058 3115 2318 3183 rationi-

257 3214 382 3279 bus
435 3214 792 3297 quibusque
844 3214 1200 3301 praeceptis
1237 3236 1316 3279 ea
1345 3222 1525 3279 tanta
1570 3212 1663 3277 vis
1710 3220 2134 3297 comparetur3
2188 3233 2321 3276 non

259 3328 388 3389 quo
421 3328 568 3372 mea
601 3307 858 3392 quidem
891 3308 1021 3374 iam
1053 3307 1625 3391 intersit—neque
1660 3306 1831 3371 enim
1864 3314 2038 3370 aetas
2074 3304 2140 3368 id
2173 3324 2319 3369 mea

259 3400 584 3466 desiderat
625 3412 689 3467 et
724 3401 897 3467 aliud
930 3424 1134 3488 genus
1171 3402 1491 3485 quoddam
1534 3400 1785 3465 dicendi
1817 3420 1936 3464 nos
1974 3397 2177 3463 secuti
2211 3418 2317 3459 su-

261 3514 436 3571 mus,
494 3494 601 3578 qui
641 3518 988 3579 numquam
1029 3495 1375 3561 sententias
1430 3494 1511 3559 de
1560 3494 1855 3558 manibus
1907 3490 2188 3553 iudicum
2251 3488 2319 3553 vi

256 3588 538 3673 quadam
590 3589 894 3657 orationis
947 3590 1326 3656 extorsimus
1381 3610 1459 3653 ac
1508 3588 1718 3674 potius
1777 3584 2043 3672 placatis
2098 3602 2319 3648 eorum

259 3682 488 3748 animis
553 3694 831 3763 tantum,
903 3694 1208 3769 quantum
1267 3681 1392 3769 ipsi
1461 3680 1887 3768 patiebantur,
1922 3688 1929 3695 “
1959 3674 2316 3762 accepimus

255 3812 348 3825 ·-
380 3777 497 3843 sed
539 3786 756 3844 tamen
805 3778 929 3844 ista
982 3788 1092 3843 tua
1132 3777 1377 3842 nullum
1420 3776 1503 3841 ad
1543 3798 1737 3842 usum
1777 3793 2019 3850 meum,
2073 3779 2321 3835 tantum

257 3871 692 3955 cognoscendi
727 3872 938 3939 studio
984 3871 1293 3937 adductus
1337 3869 1619 3953 requir03
1671 3888 1793 3933 nec
1824 3864 1982 3930 mihi
2024 3885 2185 3951 opus
2222 3873 2320 3929 est
2362 3886 2413 3929 ⁷5

265 3960 516 4029 Graeco
571 3965 780 4051 aliquo
835 3966 1120 4043 doctore,
1185 3963 1294 4049 qui
1343 3962 1501 4028 mihi
1550 3961 1923 4049 pervolgata
1980 3966 2321 4045 praecepta

255 4055 584 4137 decantet,
639 4082 786 4126 eum
836 4060 976 4146 ipse
1025 4080 1372 4143 numquam
1423 4058 1659 4133 forum,
1721 4074 2070 4139 numquam
2118 4052 2321 4117 ullum
