2784 4575
293 679 466 742 '93

497 255 628 321 272
805 317 808 319 Α
1120 265 1198 320 Μ.
1236 263 1510 323 TULLII
1546 262 1954 322 CICERONIS

497 391 564 456 in
606 389 895 477 plurimis
949 387 1160 454 causis
1215 397 1280 454 et
1320 386 1388 452 in
1426 386 1831 497 principibus
1871 387 2158 473 patronis
2213 389 2576 477 quinquen-

495 484 676 550 nium
709 483 845 549 fere
879 493 1200 560 versatus,
1253 491 1392 546 tum
1411 481 1492 555 in
1524 479 1877 567 patrocinio
1913 477 2237 548 Siciliensi
2285 486 2575 556 maxime

495 579 566 644 in
601 585 921 644 certamen
954 575 1104 643 veni
1154 531 1527 664 designatus
1581 574 1801 642 aedilis
1848 596 2017 640 cum
2040 576 2377 666 designato
2412 601 2573 651 conv-

501 671 640 738 sule
691 670 1063 737 Hortensio.
1155 669 1271 735 sed
1323 669 1625 755 quoniam
1678 667 1885 736 omnis
1940 669 2045 735 hic
2081 695 2291 766 sermo
2342 687 2573 744 noster

495 790 628 833 non
663 765 870 832 solum
905 764 1444 831 enumerationem
1488 775 1838 843 oratorum,
1893 786 2117 832 verum
2152 769 2344 836 etiam
2376 793 2572 858 prae—

500 870 686 948 cepta
725 859 1051 944 quaedam
1104 857 1454 937 desiderat,
1515 857 1670 942 quid
1718 869 2045 944 tamquam
2096 863 2447 930 notandum
2498 877 2571 932 et

387 1013 402 1029 ,
495 952 1127 1020 animadvertendum
1171 951 1254 1016 sit
1294 951 1363 1016 in
1405 951 1755 1018 Hortensio
1799 952 2079 1020 breviter
2128 955 2279 1022 licet
2330 956 2569 1026 dicere.

386 1074 464 1116 320

382 2111 460 2150 321

499 1046 651 1114 nam
691 1047 747 1114 is
791 1056 942 1134 post
985 1047 1386 1112 consulatum
1417 1078 1509 1095 ·--
1541 1045 1731 1112 credo
1784 1049 1957 1131 quod
2006 1049 2252 1118 videret
2294 1050 2377 1118 ex
2407 1075 2569 1120 con-

499 1142 814 1208 sularibus
850 1139 1170 1206 neminem
1203 1163 1348 1206 esse
1385 1142 1604 1207 secum
1639 1143 2155 1228 comparandum,
2192 1146 2567 1234 neglegeret

495 1248 712 1303 autem
747 1258 888 1312 eos,
940 1234 1051 1319 qui
1101 1233 1397 1300 consules
1439 1257 1569 1301 non
1612 1233 1889 1300 fuissent
1917 1272 2008 1284 ——
2040 1260 2361 1306 summum
2402 1241 2567 1307 illud

499 1353 686 1396 suum
722 1328 1000 1395 studium
1033 1327 1304 1407 remisit,
1359 1349 1485 1412 quo
1522 1350 1562 1393 a
1592 1350 1793 1414 puero
1836 1330 2105 1397 fuerat
2084 1355 2413 1414 incensus,
2465 1347 2567 1402 at-

498 1446 622 1509 que
656 1423 725 1488 in
760 1422 1041 1488 omnium
1073 1445 1287 1488 rerum
1323 1420 1711 1488 abundantia
1752 1421 1954 1490 voluit
1984 1425 2263 1506 beatius,
2316 1441 2391 1493 ut
2420 1427 2567 1516 ipse

494 1518 789 1605 putabat,
825 1514 1152 1583 remissius
1191 1514 1359 1582 certe
1393 1515 1627 1581 vivere.
1714 1515 1957 1602 primus
1994 1529 2060 1584 et
2094 1516 2411 1587 secundus
2446 1545 2565 1587 an-

495 1635 616 1678 nus
670 1622 736 1692 et
786 1609 1008 1676 tertius
1061 1619 1308 1676 tantum
1359 1609 1544 1694 quasi
1595 1610 1677 1676 de
1728 1610 2012 1697 picturae
2062 1615 2295 1681 veteris
2348 1616 2564 1684 colore

498 1690 886 1782 detraxerat,
951 1714 1254 1788 quantum
1306 1727 1437 1770 non
1490 1703 1697 1788 quivis
1750 1726 1916 1771 unus
1972 1729 2054 1773 ex
2113 1709 2382 1796 populo,
2442 1713 2563 1778 sed

496 1799 888 1865 existimator
925 1798 1148 1864 doctus
1185 1809 1250 1864 et
1282 1797 1660 1886 intellegens
1696 1811 1921 1907 posset
1954 1823 2367 1890 cognoscere3
2420 1805 2563 1871 lon-

495 1893 640 1980 gius
679 1903 890 1958 autem
931 1889 1284 1978 procedens
1319 1901 1392 1956 ut
1424 1890 1493 1956 in
1528 1891 1754 1958 ceteris
1808 1893 2204 1980 eloquentiae
2244 1897 2561 1982 partibus,

495 1999 632 2052 tum
665 1985 941 2052 maxime
975 1985 1044 2049 in
1095 1985 1414 2051 celeritate
1450 1996 1514 2051 et
1558 1986 2025 2054 continuatione
2072 1989 2404 2057 verborum
2438 1991 2559 2054 ad·-

498 2081 906 2158 haer-essem,
963 2079 1063 2144 sui
1115 2078 1481 2145 dissimilior
1533 2080 1867 2148 videbatur
1908 2083 2043 2148 fieri
2094 2081 2342 2148 cotidie.
2430 2101 2558 2149 nos

499 2183 712 2240 autem
744 2196 876 2239 non
912 2172 1375 2240 desistebamus
1412 2195 1560 2240 cum
1604 2176 1777 2243 omni
1811 2174 2044 2264 genere
2086 2177 2563 2244 exercitationis

495 2281 632 2333 tum
665 2267 942 2335 maxime
971 2267 1115 2335 stilo
1142 2279 1433 2335 nostrum
1457 2269 1636 2351 illud,
1672 2271 1844 2357 quod
1869 2282 2025 2351 erat,
2062 2294 2317 2360 augere,
2356 2295 2563 2358 quan:-

495 2372 902 2446 tumcumque
937 2373 1100 2442 erat,
1155 2374 1374 2449 atque,
1428 2375 1503 2430 ut
1534 2366 1735 2433 multa
1770 2366 2058 2433 omittam
2090 2366 2159 2433 in
2190 2367 2315 2433 hoc
2351 2366 2563 2455 spatio

495 2456 593 2545 [et
632 2458 699 2523 in
742 2456 844 2522 his
887 2468 1038 2545 post
1081 2458 1466 2541 aedilitatem
1520 2460 1731 2549 annis]
1789 2472 1854 2527 et
1904 2472 2159 2548 praetor
2206 2460 2448 2548 primus
2492 2472 2561 2527 et

457 2549 846 2636 ‘incredibili
897 2552 1118 2639 populi
1166 2553 1445 2621 Romani
1499 2555 1822 2621 voluntate
1876 2578 2021 2620 sum
2072 2555 2303 2622 factus.
2406 2574 2559 2621 nam

381 2948 459 2989 ³22

495 2666 641 2710 cum
689 2656 948 2733 propter
1001 2646 1447 2714 adsiduitatem
1498 2648 1569 2714 in
1620 2648 1829 2713 causis
1884 2659 1951 2714 et
1999 2648 2379 2715 industriam
2420 2659 2559 2713 tum

491 2751 750 2826 propter
805 2740 1180 2824 exquisitius
1233 2752 1300 2809 et
1347 2742 1608 2808 minime
1671 2742 1932 2829 volgare
1994 2739 2297 2809 orationis
2350 2765 2557 2829 genus

495 2834 738 2899 animos
791 2834 1120 2901 hominum
1156 2836 1238 2901 ad
1288 2859 1393 2903 me
1446 2836 1697 2907 dicendi
1754 2836 2061 2902 novitate
2097 2847 2557 2902 converteram.

493 2926 651 2992 nihil
687 2927 767 2993 de
801 2951 906 2994 me
941 2929 1178 2996 dicam:
1223 2929 1431 2996 dicam
1468 2930 1547 2996 de
1582 2930 1839 3009 ceteris,
1884 2950 2150 3014 quorum
2193 2952 2383 2996 nemo
2419 2941 2561 2995 erat

494 3021 602 3106 qui
635 3021 957 3089 videretur
991 3022 1364 3108 exquisitius
1404 3045 1594 3108 quam
1620 3024 1848 3115 volgus
1876 3022 2205 3089 hominum
2232 3023 2561 3089 studuisse

490 3116 748 3196 litteris,
819 3118 1048 3201 quibus
1112 3118 1258 3183 fons
1319 3118 1641 3205 perfectae
1710 3117 2133 3201 eloquentiae·
2177 3116 2557 3197 continetur,

489 3233 679 3277 nemo
715 3211 824 3296 qui
856 3209 1322 3298 philosophiam
1357 3211 1726 3297 complexus
1764 3222 1937 3278 esset
1969 3221 2237 3277 matrem
2269 3210 2559 3277 omnium

490 3305 656 3371 bene
709 3305 1024 3371 factorum
1074 3304 1362 3388 beneque
1417 3304 1757 3385 dictorum,
1808 3328 1998 3371 nemo
2053 3305 2164 3390 qui
2213 3303 2315 3371 ius
2368 3304 2559 3371 civile

488 3398 822 3466 >didicisset
851 3421 990 3463 rem
1025 3397 1108 3465 ad
1156 3396 1439 3485 privatas
1475 3419 1702 3466 causas
1738 3411 1806 3467 et
1840 3398 1924 3466 ad
1966 3399 2236 3469 oratoris
2276 3398 2560 3487 pruden-

491 3494 648 3558 tiam
697 3491 974 3559 maxime
1024 3487 1456 3559 necessariam
1464 3542 1483 3573 ,
1535 3501 1737 3560 ne'mo'
1779 3494 1888 3579 qui
1928 3494 2303 3561 memoriam
2341 3508 2557 3557 rerum

490 3586 926 3652 Romanarum
959 3596 1228 3665 teneret,
1281 3610 1364 3653 ex
1400 3610 1553 3673 qua,
1608 3588 1665 3653 si
1717 3588 1971 3673 quando
2017 3610 2179 3676 opus
2216 3593 2415 3664 esset,
2470 3585 2559 3651 ab

489 3678 712 3746 inferis
744 3680 1278 3769 locupletissimos
1317 3682 1499 3747 testis
1536 3682 1867 3761 excitaret,
1910 3702 2102 3749 nemo
2136 3679 2245 3765 qui
2278 3677 2561 3745 breviter

493 3786 841 3863 arguteque
873 3776 1120 3843 incluso
1165 3775 1529 3842 adversario
1572 3777 1817 3843 laxaret
1858 3776 2140 3843 iudicum
2176 3773 2420 3840 animos
2458 3783 2557 3839 at·-

495 3891 618 3953 que
663 3892 702 3935 a
747 3870 1083 3937 severitate
1125 3869 1449 3980 paulisper
1502 3869 1585 3935 ad
1634 3870 2018 3936 hilaritatem
2056 3868 2381 3952 risumque
2425 3877 2559 3931 tra„-

495 3962 784 4038 duceret,
820 3984 1006 4027 nemo
1042 3963 1151 4047 qui
1187 3962 1451 4029 dilatare
1486 3974 1707 4050 posset
1742 3974 1931 4048 atque
1966 3986 2008 4027 a
2038 3960 2298 4048 propria
2330 3980 2407 4025 ac
2441 3959 2558 4024 de-

491 4050 673 4115 finita
725 4009 1148 4137 disputatione
1202 4055 1476 4148 hominis
1534 4078 1609 4121 ac
1661 4055 1964 4142 temporis
2018 4053 2103 4120 ad
2151 4064 2553 4121 communem
