2784 4575
643 294 650 304 ’
760 332 868 388 AD
909 335 971 389 c.
1006 295 1475 392 HERENNIUM
1508 333 1613 388 111.
1650 334 1856 391 9—12.
2248 321 2334 386 43

270 457 488 524 trariis
539 459 732 524 rebus
789 457 908 523 erit
965 456 1342 544 vituperatio
1398 455 1839 543 comparanda.
1956 457 2095 522 laus
2147 457 2340 544 igitur

271 564 493 642 potest
555 575 698 618 esse
764 570 976 617 rerum
1045 561 1472 628 externarum,
1546 551 1853 637 corporiS,
1928 551 2137 616 animi.
2240 573 2341 616 re-

273 671 424 714 rum
459 657 863 712 externarum
899 656 1048 711 sunt
1081 669 1185 723 ea,
1233 667 1393 729 quae
1432 666 1585 710 casu
1632 656 1741 709 aut
1774 645 2029 710 fortuna
2064 645 2343 710 secunda

278 753 394 808 aut
430 743 702 806 adversa
736 740 1020 806 accidere
1064 749 1362 825 possunt:
1418 761 1651 824 genus,
1700 739 2017 817 educatio,
2065 738 2338 815 divitiae,

278 837 663 923 potestateS,
701 835 969 921 gloriae,
1008 833 1259 912 civitas,
1299 833 1611 898 amicitiae
1648 843 1711 898 et
1744 854 1909 916 quae
1944 832 2131 897 huius
2168 830 2341 896 modi

284 941 436 996 sunt
471 940 536 994 et
571 950 675 1006 ea,
731 948 894 1011 quae
938 927 1040 992 his
1075 927 1407 992 contraria.
1498 927 1777 1013 corporis
1828 936 1975 991 sunt
2020 949 2123 1004 ea,
2180 947 2341 1008 quae

281 1035 514 1088 natura
547 1021 796 1108 corpori
831 1020 1116 1086 attribuit
1160 1020 1495 1085 commoda
1538 1030 1647 1085 aut
1686 1019 2115 1086 incommoda:
2170 1017 2343 1082 velo-

287 1117 478 1194 citas,
532 1115 726 1192 vires,
783 1114 1087 1200 dignitas,
1143 1114 1441 1179 valetudo
1487 1124 1552 1178 et
1598 1123 1765 1198 ‘quae
1817 1112 2131 1179 contraria
2174 1122 2339 1176 sunt.

287 1209 484 1275 animi
531 1219 678 1274 sunt
723 1232 824 1286 ea,
882 1229 1043 1292 quae
1091 1208 1353 1274 consilio
1400 1218 1464 1273 et
1508 1208 1889 1294 cogitatione
1932 1218 2151 1272 nostra
2194 1227 2344 1270 con-

285 1315 484 1369 stant:
546 1303 908 1390 prudentia,
969 1301 1236 1379 iustitia,
1301 1302 1633 1380 fortitudo,
1697 1302 2012 1368 modestia
2064 1311 2129 1366 et
2180 1323 2342 1384 quae

284 1397 599 1464 contraria
635 1407 798 1461 sunt.
889 1396 1006 1461 erit
1049 1396 1241 1482 igitur
1275 1395 1424 1460 hinc
1468 1395 1857 1462 confirmatio
1895 1405 1960 1460 et
1996 1392 2341 1461 confutatio
2369 1422 2421 1460 11

283 1491 490 1556 nobis·

401 1586 484 1650 In
508 1585 698 1650 huius
725 1585 899 1650 modi
924 1607 1120 1650 causa
1154 1583 1535 1670 principium
1566 1593 1849 1647 sumetur
1878 1593 1987 1647 aut
2013 1583 2093 1650 ab
2128 1593 2347 1646 nostra

285 1690 395 1744 aut
440 1679 521 1744 ab
567 1679 733 1756 eius,
791 1679 868 1742 de
916 1701 1040 1763 quo
1085 1678 1445 1762 loquemur,
1502 1688 1611 1742 aut
1650 1677 1735 1741 ab
1781 1698 2027 1752 eorum,
2082 1675 2191 1758 qui
2235 1697 2345 1738 au·-

285 1773 487 1850 dient‚
524 1795 804 1859 persona
840 1785 949 1836 aut
983 1774 1064 1837 ab
1097 1796 1188 1838 re.
1279 1773 1359 1836 ab
1394 1781 1641 1847 nostra,
1681 1770 1737 1834 si
1769 1769 2199 1834 laudabimus:
2240 1777 2347 1831 aut

285 1867 496 1932 officio
545 1865 784 1944 facere,
831 1866 1003 1949 quod
1047 1888 1242 1930 causa
1275 1863 1762 1930 necessitudinis
1807 1861 2183 1953 intercedat3
2238 1870 2348 1924 aut

285 1960 525 2037 studio,
576 1959 746 2045 quod
789 1960 924 2024 eius
959 1959 1134 2024 modi
1169 1959 1401 2024 virtute
1439 1959 1548 2037 sit,
1592 1968 1666 2022 ut
1700 1979 1919 2025 omnes
1966 1975 2347 2021 commemo-

283 2076 425 2118 rare
462 2054 736 2120 debeant
770 2053 962 2132 velle3
1002 2064 1111 2118 aut
1147 2053 1317 2136 quod
1352 2063 1596 2118 rectum
1626 2052 1709 2117 sit
1742 2073 1824 2116 ex
1860 2049 2124 2115 aliorum
2158 2048 2345 2114 laude

285 2147 648 2225 ostendere,
704 2147 907 2230 qualis
960 2147 1163 2234 ipsius
1222 2147 1468 2212 animus
1526 2146 1625 2211 sit.
1717 2145 1770 2210 si
1816 2141 2343 2229 vituperabimus:

288 2252 400 2307 aut
442 2240 666 2306 merito
711 2241 951 2319 facere,
1008 2241 1180 2326 quod
1229 2241 1321 2305 ita
1370 2239 1621 2306 tractati
1666 2239 1892 2317 simus;
1950 2248 2059 2304 aut
2115 2235 2343 2313 studi0‚

289 2335 464 2417 quod
513 2336 664 2400 utile
715 2347 1012 2422 putemus
1067 2358 1212 2401 esse
1265 2337 1347 2401 ab
1403 2336 1693 2402 omnibus
1738 2334 1992 2399 unicam
2042 2332 2347 2397 malitiam

288 2439 480 2513 atque
516 2429 861 2513 nequitiam
889 2430 1218 2516 cognosci3
1257 2441 1366 2495 aut
1402 2430 1572 2513 quod
1604 2429 1853 2514 placeat
1887 2426 2157 2502 ostendi,
2194 2424 2348 2508 quid

284 2524 471 2589 nobis
509 2523 868 2611 displiceat,
916 2547 998 2588 ex
1033 2523 1299 2589 aliorum
1341 2522 1822 2609 vituperatione.
1912 2520 1993 2584 ab
2029 2519 2167 2583 eius
2203 2540 2348 2603 per-

288 2639 471 2695 sona,
530 2618 610 2683 de
655 2640 780 2703 quo
825 2618 1182 2702 loquemur,
1239 2616 1295 2681 si
1336 2616 1768 2681 laudabimusz
1824 2611 2028 2678 vereri
2077 2631 2224 2687 nos,
2278 2619 2349 2671 ut

284 2712 454 2777 illius
491 2712 664 2777 facta
699 2712 909 2777 verbis
959 2712 1262 2795 consequi
1305 2710 1656 2796 possimus3
1708 2706 1941 2793 [omnis
1986 2702 2185 2790 illius]
2224 2703 2350 2767 vir-

289 2817 458 2871 tutes
493 2806 848 2893 praedicari
883 2816 1201 2892 oportere3
1249 2804 1394 2890 ipsa
1428 2804 1600 2868 facta
1634 2801 1917 2867 omnium
1949 2798 2351 2863 laudatorum

287 2900 716 2983 eloquentiam
770 2901 1026 2965 anteire.
1119 2898 1173 2963 si
1218 2896 1746 2983 vituperabimus,
1803 2917 1906 2971 ea,
1962 2915 2123 2977 quae
2174 2892 2351 2956 vide-

287 2994 496 3059 bimus
534 2994 846 3059 contrarie
880 2992 1100 3079 paucis
1137 2992 1350 3058 verbis
1397 2989 1795 3057 commutatis
1834 2988 1957 3053 dici
1989 3010 2209 3074 posse,
2258 2985 2352 3050 di-

287 3090 536 3166 cemus,
581 3098 656 3154 ut
686 3087 879 3174 paulo
917 3110 1112 3173 supra
1147 3086 1423 3172 exempli
1458 3107 1655 3151 causa
1696 3085 2197 3148 demonstratum
2233 3088 2348 3143 est..

288 3184 371 3247 ab
405 3183 767 3247 auditorum
799 3204 1094 3267 persona,
1132 3180 1188 3245 si
1221 3179 1644 3257 laudabimus,
1684 3176 1983 3261 quoniam
2014 3196 2145 3239 non
2182 3171 2352 3260 apud
2378 3199 2428 3237 12

284 3276 540 3361 ignotos
595 3275 958 3353 laudemus,
1013 3297 1130 3339 nos
1184 3273 1488 3340 monendi
1541 3294 1735 3337 causa
1785 3290 1992 3355 pauca
2044 3267 2320 3331 dicturos
2331 3290 2349 3343 3

289 3380 400 3434 aut
445 3370 500 3433 si
545 3380 730 3434 erunt
779 3368 1010 3455 ignoti,
1063 3378 1138 3432 ut
1189 3369 1382 3433 talem
1437 3366 1643 3432 virum
1695 3363 1895 3430 velint
1946 3382 2349 3449 cognoscere,

285 3474 607 3551 petemus:
664 3461 964 3546 quoniam
1016 3461 1083 3525 in
1129 3462 1352 3527 eodem
1408 3458 1657 3525 virtutis
1715 3458 1925 3523 studio
1974 3456 2127 3532 sint,
2184 3453 2355 3539 apud

289 3579 451 3641 quos
495 3557 856 3634 laudemus,
915 3565 1104 3639 atque
1152 3555 1289 3633 ille,
1345 3552 1454 3637 qui
1496 3554 1816 3629 laudetur,
1871 3550 2063 3616 fuerit
2097 3556 2208 3611 aut
2250 3544 2350 3622 sit,

290 3674 548 3737 sperare
583 3673 702 3716 nos
738 3648 925 3715 facile
964 3648 1089 3726 eis,
1146 3648 1374 3733 quibus
1421 3646 1718 3722 velimus,
1772 3643 1959 3708 huius
2005 3640 2175 3704 facta
2207 3658 2353 3722 pro-

287 3746 572 3811 baturos.
679 3742 994 3810 contraria
1046 3741 1455 3827 vituperatio:
1511 3738 1809 3823 quoniam
1858 3733 2096 3809 norint,
2149 3750 2355 3815 pauca

291 3839 372 3903 de
415 3838 698 3922 nequitia
741 3836 877 3903 eius
916 3836 1194 3901 dicturos
1208 3860 1226 3913 3
1282 3834 1455 3919 quod
1491 3833 1547 3898 si
1580 3832 1899 3918 ignorent,
1951 3835 2239 3911 petemus
2283 3832 2355 3885 ut

291 3942 710 4019 cognoscant,
766 3932 858 3995 uti
901 3929 1207 3995 malitiam
1253 3927 1456 3993 vitare
1501 3926 1779 4012 possint:
1836 3919 2134 4005 quoniam
2170 3916 2356 3981 dissi-

289 4026 475 4091 miles
516 4026 670 4104 sint,
728 4024 835 4111 qui
871 4024 1156 4101 audiant,
1214 4033 1404 4105 atque
1438 4018 1575 4097 ille,
1632 4016 1738 4101 qui
1773 4016 2187 4102 vituperetur,
2244 4031 2354 4075 eos

289 4118 460 4185 illius
516 4120 714 4186 vitam
753 4112 1172 4187 *vehementer
1222 4113 1709 4201 improbaturos.
1800 4110 1880 4175 ab
1930 4108 2123 4175 rebus
2174 4103 2352 4190 ipsis,
