<?xml version="1.0" encoding="UTF-8"?>
<!DOCTYPE html PUBLIC "-//W3C//DTD XHTML 1.0 Transitional//EN"
    "http://www.w3.org/TR/xhtml1/DTD/xhtml1-transitional.dtd">
<html xmlns="http://www.w3.org/1999/xhtml" xml:lang="en" lang="en">
 <head>
  <title>
</title>
<meta http-equiv="Content-Type" content="text/html;charset=utf-8" />
  <meta name='ocr-system' content='tesseract 3.04.00' />
  <meta name='ocr-capabilities' content='ocr_page ocr_carea ocr_par ocr_line ocrx_word'/>
</head>
<body>
  <div class='ocr_page' id='page_1' title='image "./mtulliiciceroni11unkngoog_0656.png"; bbox 0 0 2784 4575; ppageno 0'>
   <div class='ocr_carea' id='block_1_1' title="bbox 520 231 1968 298">
    <p class='ocr_par' dir='ltr' id='par_1_1' title="bbox 520 231 1968 298">
     <span class='ocr_line' id='line_1_1' title="bbox 520 231 1968 298; baseline -0.001 -2"><span class='ocrx_word' id='word_1_1' title='bbox 520 231 653 298; x_wconf 85' lang='grc'><strong>368</strong></span> <span class='ocrx_word' id='word_1_2' title='bbox 1146 239 1225 294; x_wconf 82' lang='grc' dir='ltr'><strong>Μ.</strong></span> <span class='ocrx_word' id='word_1_3' title='bbox 1258 238 1530 296; x_wconf 81' lang='lat' dir='ltr'>TULLII</span> <span class='ocrx_word' id='word_1_4' title='bbox 1565 237 1968 296; x_wconf 80' lang='lat' dir='ltr'>CICERONIS</span> 
     </span>
    </p>
   </div>
   <div class='ocr_carea' id='block_1_2' title="bbox 410 357 2698 4103">
    <p class='ocr_par' dir='ltr' id='par_1_2' title="bbox 410 357 2698 4103">
     <span class='ocr_line' id='line_1_2' title="bbox 522 357 2624 450; baseline -0.001 -20"><span class='ocrx_word' id='word_1_5' title='bbox 522 363 719 432; x_wconf 84' lang='lat' dir='ltr'><strong>litatis</strong></span> <span class='ocrx_word' id='word_1_6' title='bbox 771 363 1135 430; x_wconf 79' lang='lat' dir='ltr'><strong>eonieeturs</strong></span> <span class='ocrx_word' id='word_1_7' title='bbox 1182 371 1500 439; x_wconf 83' lang='lat' dir='ltr'><strong>movetur,</strong></span> <span class='ocrx_word' id='word_1_8' title='bbox 1565 361 1620 426; x_wconf 87' lang='lat' dir='ltr'><strong>si</strong></span> <span class='ocrx_word' id='word_1_9' title='bbox 1669 357 1856 440; x_wconf 88' lang='lat' dir='ltr'><strong>illud,</strong></span> <span class='ocrx_word' id='word_1_10' title='bbox 1911 362 2084 446; x_wconf 89' lang='lat' dir='ltr'><strong>quod</strong></span> <span class='ocrx_word' id='word_1_11' title='bbox 2117 361 2452 450; x_wconf 78' lang='lat' dir='ltr'><strong>arguitur,</strong></span> <span class='ocrx_word' id='word_1_12' title='bbox 2515 377 2624 428; x_wconf 85' lang='lat' dir='ltr'><strong>aut</strong></span> 
     </span>
     <span class='ocr_line' id='line_1_3' title="bbox 526 454 2620 546; baseline -0 -22"><span class='ocrx_word' id='word_1_13' title='bbox 526 481 641 546; x_wconf 86' lang='lat' dir='ltr'><strong>spe</strong></span> <span class='ocrx_word' id='word_1_14' title='bbox 690 457 1003 526; x_wconf 84' lang='lat' dir='ltr'><strong>bonorum</strong></span> <span class='ocrx_word' id='word_1_15' title='bbox 1048 466 1159 522; x_wconf 85' lang='lat' dir='ltr'><strong>aut</strong></span> <span class='ocrx_word' id='word_1_16' title='bbox 1206 455 1520 521; x_wconf 81' lang='lat' dir='ltr'><strong>malorum</strong></span> <span class='ocrx_word' id='word_1_17' title='bbox 1569 465 1742 520; x_wconf 85' lang='lat' dir='ltr'><strong>metu</strong></span> <span class='ocrx_word' id='word_1_18' title='bbox 1793 454 2026 520; x_wconf 81' lang='lat' dir='ltr'><strong>fecisse</strong></span> <span class='ocrx_word' id='word_1_19' title='bbox 2086 455 2354 534; x_wconf 77' lang='lat' dir='ltr'><strong>dieitur3</strong></span> <span class='ocrx_word' id='word_1_20' title='bbox 2443 460 2620 542; x_wconf 85' lang='lat' dir='ltr'><strong>quod</strong></span> 
     </span>
     <span class='ocr_line' id='line_1_4' title="bbox 520 549 2623 638; baseline -0.001 -18"><span class='ocrx_word' id='word_1_21' title='bbox 520 555 597 620; x_wconf 77' lang='lat' dir='ltr'><strong>fit</strong></span> <span class='ocrx_word' id='word_1_22' title='bbox 656 551 861 620; x_wconf 76' lang='lat' dir='ltr'><strong>aerius</strong></span> <span class='ocrx_word' id='word_1_23' title='bbox 872 600 892 631; x_wconf 95' lang='lat'><strong>,</strong></span> <span class='ocrx_word' id='word_1_24' title='bbox 962 573 1089 637; x_wconf 89' lang='lat' dir='ltr'><strong>quo</strong></span> <span class='ocrx_word' id='word_1_25' title='bbox 1139 549 1251 615; x_wconf 81' lang='lat' dir='ltr'><strong>illa</strong></span> <span class='ocrx_word' id='word_1_26' title='bbox 1304 549 1375 616; x_wconf 90' lang='lat' dir='ltr'><strong>in</strong></span> <span class='ocrx_word' id='word_1_27' title='bbox 1423 561 1692 634; x_wconf 83' lang='lat' dir='ltr'><strong>utroque</strong></span> <span class='ocrx_word' id='word_1_28' title='bbox 1751 571 1986 637; x_wconf 80' lang='lat' dir='ltr'>genere</span> <span class='ocrx_word' id='word_1_29' title='bbox 2045 549 2293 616; x_wconf 82' lang='lat' dir='ltr'><strong>maiora</strong></span> <span class='ocrx_word' id='word_1_30' title='bbox 2345 574 2623 638; x_wconf 86' lang='lat' dir='ltr'><strong>ponun-</strong></span> 
     </span>
     <span class='ocr_line' id='line_1_5' title="bbox 424 643 2616 734; baseline 0.001 -26"><span class='ocrx_word' id='word_1_31' title='bbox 424 671 499 710; x_wconf 70' lang='grc' dir='ltr'><strong>ιιι</strong></span> <span class='ocrx_word' id='word_1_32' title='bbox 525 657 647 714; x_wconf 87' lang='lat' dir='ltr'><strong>tur.</strong></span> <span class='ocrx_word' id='word_1_33' title='bbox 734 657 1101 734; x_wconf 75' lang='lat' dir='ltr'>spectantur</span> <span class='ocrx_word' id='word_1_34' title='bbox 1134 645 1327 710; x_wconf 86' lang='lat' dir='ltr'><strong>etiam</strong></span> <span class='ocrx_word' id='word_1_35' title='bbox 1360 645 1445 710; x_wconf 87' lang='lat' dir='ltr'><strong>ad</strong></span> <span class='ocrx_word' id='word_1_36' title='bbox 1479 665 1738 709; x_wconf 85' lang='lat' dir='ltr'><strong>eausam</strong></span> <span class='ocrx_word' id='word_1_37' title='bbox 1771 643 1925 708; x_wconf 83' lang='lat' dir='ltr'><strong>faeti</strong></span> <span class='ocrx_word' id='word_1_38' title='bbox 1959 655 2170 709; x_wconf 83' lang='lat' dir='ltr'><strong>motus</strong></span> <span class='ocrx_word' id='word_1_39' title='bbox 2207 644 2616 724; x_wconf 84' lang='lat' dir='ltr'><strong>animorum,</strong></span> 
     </span>
     <span class='ocr_line' id='line_1_6' title="bbox 524 737 2618 833; baseline -0.001 -25"><span class='ocrx_word' id='word_1_40' title='bbox 524 741 580 808; x_wconf 89' lang='lat' dir='ltr'><strong>si</strong></span> <span class='ocrx_word' id='word_1_41' title='bbox 613 741 711 833; x_wconf 69' lang='lat' dir='ltr'><strong>ira</strong></span> <span class='ocrx_word' id='word_1_42' title='bbox 740 761 993 819; x_wconf 85' lang='lat' dir='ltr'><strong>reeens,</strong></span> <span class='ocrx_word' id='word_1_43' title='bbox 1049 739 1106 804; x_wconf 89' lang='lat' dir='ltr'><strong>si</strong></span> <span class='ocrx_word' id='word_1_44' title='bbox 1140 738 1356 804; x_wconf 88' lang='lat' dir='ltr'><strong>odium</strong></span> <span class='ocrx_word' id='word_1_45' title='bbox 1403 749 1620 816; x_wconf 81' lang='lat' dir='ltr'><strong>vetus,</strong></span> <span class='ocrx_word' id='word_1_46' title='bbox 1673 738 1730 803; x_wconf 90' lang='lat' dir='ltr'><strong>si</strong></span> <span class='ocrx_word' id='word_1_47' title='bbox 1761 737 2110 803; x_wconf 80' lang='lat' dir='ltr'><strong>ulciscendi</strong></span> <span class='ocrx_word' id='word_1_48' title='bbox 2163 739 2506 820; x_wconf 81' lang='lat' dir='ltr'><strong>studium,</strong></span> <span class='ocrx_word' id='word_1_49' title='bbox 2569 742 2618 805; x_wconf 83' lang='lat' dir='ltr'><strong>si</strong></span> 
     </span>
     <span class='ocr_line' id='line_1_7' title="bbox 520 830 2618 922; baseline -0.001 -20"><span class='ocrx_word' id='word_1_50' title='bbox 520 837 785 902; x_wconf 84' lang='lat' dir='ltr'><strong>iniuriae</strong></span> <span class='ocrx_word' id='word_1_51' title='bbox 838 835 1046 914; x_wconf 88' lang='lat' dir='ltr'><strong>dolor,</strong></span> <span class='ocrx_word' id='word_1_52' title='bbox 1101 835 1157 899; x_wconf 85' lang='lat' dir='ltr'><strong>si</strong></span> <span class='ocrx_word' id='word_1_53' title='bbox 1189 833 1478 912; x_wconf 85' lang='lat' dir='ltr'><strong>honoris,</strong></span> <span class='ocrx_word' id='word_1_54' title='bbox 1533 833 1590 898; x_wconf 91' lang='lat' dir='ltr'><strong>si</strong></span> <span class='ocrx_word' id='word_1_55' title='bbox 1623 831 1896 919; x_wconf 86' lang='lat' dir='ltr'><strong>gloriae,</strong></span> <span class='ocrx_word' id='word_1_56' title='bbox 1945 833 2002 898; x_wconf 84' lang='lat' dir='ltr'><strong>si</strong></span> <span class='ocrx_word' id='word_1_57' title='bbox 2051 830 2330 919; x_wconf 87' lang='lat' dir='ltr'><strong>imperii,</strong></span> <span class='ocrx_word' id='word_1_58' title='bbox 2401 834 2468 900; x_wconf 86' lang='lat' dir='ltr'><strong>si</strong></span> <span class='ocrx_word' id='word_1_59' title='bbox 2503 859 2618 922; x_wconf 89' lang='lat' dir='ltr'><strong>pe-</strong></span> 
     </span>
     <span class='ocr_line' id='line_1_8' title="bbox 522 927 2614 1017; baseline -0.001 -21"><span class='ocrx_word' id='word_1_60' title='bbox 522 930 745 996; x_wconf 78' lang='lat' dir='ltr'><strong>cuniae</strong></span> <span class='ocrx_word' id='word_1_61' title='bbox 820 929 1161 1017; x_wconf 79' lang='lat' dir='ltr'><strong>cupiditas,</strong></span> <span class='ocrx_word' id='word_1_62' title='bbox 1234 928 1291 992; x_wconf 89' lang='lat' dir='ltr'><strong>si</strong></span> <span class='ocrx_word' id='word_1_63' title='bbox 1358 927 1624 1014; x_wconf 76' lang='lat' dir='ltr'><strong>periculi</strong></span> <span class='ocrx_word' id='word_1_64' title='bbox 1684 927 1899 1006; x_wconf 89' lang='lat' dir='ltr'><strong>timor,</strong></span> <span class='ocrx_word' id='word_1_65' title='bbox 1969 927 2028 992; x_wconf 85' lang='lat' dir='ltr'><strong>si</strong></span> <span class='ocrx_word' id='word_1_66' title='bbox 2097 949 2210 992; x_wconf 87' lang='lat' dir='ltr'><strong>aes</strong></span> <span class='ocrx_word' id='word_1_67' title='bbox 2287 927 2614 1006; x_wconf 82' lang='lat' dir='ltr'><strong>alienum,</strong></span> 
     </span>
     <span class='ocr_line' id='line_1_9' title="bbox 526 1019 2614 1112; baseline -0.001 -22"><span class='ocrx_word' id='word_1_68' title='bbox 526 1025 581 1090; x_wconf 88' lang='lat' dir='ltr'><strong>si</strong></span> <span class='ocrx_word' id='word_1_69' title='bbox 614 1023 946 1112; x_wconf 85' lang='lat' dir='ltr'><strong>angustiae</strong></span> <span class='ocrx_word' id='word_1_70' title='bbox 985 1023 1080 1088; x_wconf 85' lang='lat' dir='ltr'><strong>rei</strong></span> <span class='ocrx_word' id='word_1_71' title='bbox 1116 1023 1471 1101; x_wconf 84' lang='lat' dir='ltr'><strong>familiaris,</strong></span> <span class='ocrx_word' id='word_1_72' title='bbox 1527 1021 1584 1090; x_wconf 86' lang='lat' dir='ltr'><strong>si</strong></span> <span class='ocrx_word' id='word_1_73' title='bbox 1617 1021 1853 1099; x_wconf 87' lang='lat' dir='ltr'><strong>audax,</strong></span> <span class='ocrx_word' id='word_1_74' title='bbox 1909 1019 1966 1085; x_wconf 83' lang='lat' dir='ltr'><strong>si</strong></span> <span class='ocrx_word' id='word_1_75' title='bbox 2013 1021 2192 1100; x_wconf 84' lang='lat' dir='ltr'><strong>levis,</strong></span> <span class='ocrx_word' id='word_1_76' title='bbox 2250 1021 2309 1086; x_wconf 89' lang='lat' dir='ltr'><strong>si</strong></span> <span class='ocrx_word' id='word_1_77' title='bbox 2369 1025 2614 1088; x_wconf 80' lang='lat' dir='ltr'><strong>crude-</strong></span> 
     </span>
     <span class='ocr_line' id='line_1_10' title="bbox 522 1113 2607 1203; baseline 0 -21"><span class='ocrx_word' id='word_1_78' title='bbox 522 1117 632 1196; x_wconf 87' lang='lat' dir='ltr'><strong>lis,</strong></span> <span class='ocrx_word' id='word_1_79' title='bbox 694 1117 751 1183; x_wconf 88' lang='lat' dir='ltr'><strong>si</strong></span> <span class='ocrx_word' id='word_1_80' title='bbox 810 1117 1153 1203; x_wconf 72' lang='lat' dir='ltr'><strong>impotens,</strong></span> <span class='ocrx_word' id='word_1_81' title='bbox 1218 1115 1275 1182; x_wconf 87' lang='lat' dir='ltr'><strong>si</strong></span> <span class='ocrx_word' id='word_1_82' title='bbox 1333 1116 1654 1194; x_wconf 78' lang='lat' dir='ltr'><strong>incautus,</strong></span> <span class='ocrx_word' id='word_1_83' title='bbox 1719 1113 1776 1180; x_wconf 86' lang='lat' dir='ltr'><strong>si</strong></span> <span class='ocrx_word' id='word_1_84' title='bbox 1833 1113 2167 1202; x_wconf 85' lang='lat' dir='ltr'><strong>insipiens,</strong></span> <span class='ocrx_word' id='word_1_85' title='bbox 2227 1115 2286 1180; x_wconf 87' lang='lat' dir='ltr'><strong>si</strong></span> <span class='ocrx_word' id='word_1_86' title='bbox 2341 1139 2607 1194; x_wconf 75' lang='lat' dir='ltr'><strong>amane,</strong></span> 
     </span>
     <span class='ocr_line' id='line_1_11' title="bbox 528 1208 2606 1293; baseline -0 -17"><span class='ocrx_word' id='word_1_87' title='bbox 528 1212 586 1276; x_wconf 86' lang='lat' dir='ltr'><strong>si</strong></span> <span class='ocrx_word' id='word_1_88' title='bbox 620 1222 935 1276; x_wconf 80' lang='lat' dir='ltr'><strong>commota</strong></span> <span class='ocrx_word' id='word_1_89' title='bbox 974 1220 1214 1286; x_wconf 85' lang='lat' dir='ltr'><strong>mente,</strong></span> <span class='ocrx_word' id='word_1_90' title='bbox 1270 1209 1327 1274; x_wconf 86' lang='lat' dir='ltr'><strong>si</strong></span> <span class='ocrx_word' id='word_1_91' title='bbox 1368 1209 1756 1286; x_wconf 75' lang='lat' dir='ltr'>vinolentae,</span> <span class='ocrx_word' id='word_1_92' title='bbox 1811 1209 1867 1272; x_wconf 85' lang='lat' dir='ltr'><strong>si</strong></span> <span class='ocrx_word' id='word_1_93' title='bbox 1913 1229 2057 1272; x_wconf 85' lang='lat' dir='ltr'><strong>eum</strong></span> <span class='ocrx_word' id='word_1_94' title='bbox 2091 1229 2206 1293; x_wconf 90' lang='lat' dir='ltr'><strong>spe</strong></span> <span class='ocrx_word' id='word_1_95' title='bbox 2241 1208 2606 1287; x_wconf 81' lang='lat' dir='ltr'><strong>efficiendi,</strong></span> 
     </span>
     <span class='ocr_line' id='line_1_12' title="bbox 528 1301 2604 1390; baseline 0 -22"><span class='ocrx_word' id='word_1_96' title='bbox 528 1303 587 1368; x_wconf 86' lang='lat' dir='ltr'><strong>si</strong></span> <span class='ocrx_word' id='word_1_97' title='bbox 618 1325 765 1368; x_wconf 86' lang='lat' dir='ltr'><strong>eum</strong></span> <span class='ocrx_word' id='word_1_98' title='bbox 798 1303 1094 1389; x_wconf 89' lang='lat' dir='ltr'><strong>opinione</strong></span> <span class='ocrx_word' id='word_1_99' title='bbox 1130 1302 1377 1368; x_wconf 82' lang='lat' dir='ltr'><strong>celandi</strong></span> <span class='ocrx_word' id='word_1_100' title='bbox 1411 1312 1550 1379; x_wconf 83' lang='lat' dir='ltr'><strong>aut,</strong></span> <span class='ocrx_word' id='word_1_101' title='bbox 1605 1302 1659 1366; x_wconf 85' lang='lat' dir='ltr'><strong>si</strong></span> <span class='ocrx_word' id='word_1_102' title='bbox 1693 1301 2082 1388; x_wconf 69' lang='lat' dir='ltr'><strong>patefactum</strong></span> <span class='ocrx_word' id='word_1_103' title='bbox 2117 1311 2320 1379; x_wconf 89' lang='lat' dir='ltr'><strong>esset,</strong></span> <span class='ocrx_word' id='word_1_104' title='bbox 2371 1303 2604 1390; x_wconf 82' lang='lat' dir='ltr'><strong>depel-</strong></span> 
     </span>
     <span class='ocr_line' id='line_1_13' title="bbox 524 1393 2601 1483; baseline -0 -22"><span class='ocrx_word' id='word_1_105' title='bbox 524 1396 699 1461; x_wconf 89' lang='lat' dir='ltr'><strong>lendi</strong></span> <span class='ocrx_word' id='word_1_106' title='bbox 750 1396 1027 1462; x_wconf 83' lang='lat' dir='ltr'><strong>criminis</strong></span> <span class='ocrx_word' id='word_1_107' title='bbox 1080 1395 1183 1461; x_wconf 85' lang='lat' dir='ltr'><strong>vel</strong></span> <span class='ocrx_word' id='word_1_108' title='bbox 1234 1395 1684 1482; x_wconf 84' lang='lat' dir='ltr'>perrumpendi</span> <span class='ocrx_word' id='word_1_109' title='bbox 1743 1394 2008 1480; x_wconf 82' lang='lat' dir='ltr'><strong>periculi</strong></span> <span class='ocrx_word' id='word_1_110' title='bbox 2055 1393 2159 1459; x_wconf 85' lang='lat' dir='ltr'><strong>vel</strong></span> <span class='ocrx_word' id='word_1_111' title='bbox 2209 1395 2280 1459; x_wconf 90' lang='lat' dir='ltr'><strong>in</strong></span> <span class='ocrx_word' id='word_1_112' title='bbox 2333 1394 2601 1483; x_wconf 85' lang='lat' dir='ltr'><strong>longin-</strong></span> 
     </span>
     <span class='ocr_line' id='line_1_14' title="bbox 526 1486 2596 1576; baseline 0 -22"><span class='ocrx_word' id='word_1_113' title='bbox 526 1512 722 1576; x_wconf 88' lang='lat' dir='ltr'><strong>quum</strong></span> <span class='ocrx_word' id='word_1_114' title='bbox 757 1499 1009 1575; x_wconf 86' lang='lat' dir='ltr'><strong>tempus</strong></span> <span class='ocrx_word' id='word_1_115' title='bbox 1044 1488 1379 1554; x_wconf 86' lang='lat' dir='ltr'><strong>differendi</strong></span> <span class='ocrx_word' id='word_1_116' title='bbox 1390 1515 1410 1568; x_wconf 81' lang='lat'><em>3</em></span> <span class='ocrx_word' id='word_1_117' title='bbox 1447 1499 1558 1554; x_wconf 86' lang='lat' dir='ltr'><strong>aut</strong></span> <span class='ocrx_word' id='word_1_118' title='bbox 1591 1489 1648 1554; x_wconf 88' lang='lat' dir='ltr'><strong>si</strong></span> <span class='ocrx_word' id='word_1_119' title='bbox 1680 1488 1895 1554; x_wconf 83' lang='lat' dir='ltr'><strong>iudicii</strong></span> <span class='ocrx_word' id='word_1_120' title='bbox 1917 1508 2126 1575; x_wconf 86' lang='lat' dir='ltr'><strong>poena</strong></span> <span class='ocrx_word' id='word_1_121' title='bbox 2157 1486 2364 1554; x_wconf 86' lang='lat' dir='ltr'><strong>levior</strong></span> <span class='ocrx_word' id='word_1_122' title='bbox 2395 1511 2596 1574; x_wconf 89' lang='lat' dir='ltr'><strong>quam</strong></span> 
     </span>
     <span class='ocr_line' id='line_1_15' title="bbox 524 1581 2698 1669; baseline 0 -21"><span class='ocrx_word' id='word_1_123' title='bbox 524 1583 679 1649; x_wconf 85' lang='lat' dir='ltr'><strong>faeti</strong></span> <span class='ocrx_word' id='word_1_124' title='bbox 728 1583 1107 1669; x_wconf 86' lang='lat' dir='ltr'><strong>praemium;</strong></span> <span class='ocrx_word' id='word_1_125' title='bbox 1170 1593 1282 1647; x_wconf 85' lang='lat' dir='ltr'><strong>aut</strong></span> <span class='ocrx_word' id='word_1_126' title='bbox 1332 1583 1387 1646; x_wconf 89' lang='lat' dir='ltr'><strong>si</strong></span> <span class='ocrx_word' id='word_1_127' title='bbox 1437 1581 1735 1648; x_wconf 75' lang='lat' dir='ltr'><strong>faeinoris</strong></span> <span class='ocrx_word' id='word_1_128' title='bbox 1787 1581 2080 1668; x_wconf 76' lang='lat' dir='ltr'><strong>voluptas</strong></span> <span class='ocrx_word' id='word_1_129' title='bbox 2133 1581 2338 1648; x_wconf 78' lang='lat' dir='ltr'><strong>maior</strong></span> <span class='ocrx_word' id='word_1_130' title='bbox 2393 1605 2596 1668; x_wconf 87' lang='lat' dir='ltr'><strong>quam</strong></span> <span class='ocrx_word' id='word_1_131' title='bbox 2696 1611 2698 1614; x_wconf 58' lang='grc'>’</span> 
     </span>
     <span class='ocr_line' id='line_1_16' title="bbox 423 1675 2592 1763; baseline 0 -21"><span class='ocrx_word' id='word_1_132' title='bbox 423 1702 499 1742; x_wconf 72' lang='grc' dir='ltr'><strong>ιιι</strong></span> <span class='ocrx_word' id='word_1_133' title='bbox 527 1677 947 1743; x_wconf 79' lang='lat' dir='ltr'><strong>damnationis</strong></span> <span class='ocrx_word' id='word_1_134' title='bbox 1001 1677 1199 1742; x_wconf 89' lang='lat' dir='ltr'><strong>dolor.</strong></span> <span class='ocrx_word' id='word_1_135' title='bbox 1302 1676 1406 1741; x_wconf 87' lang='lat' dir='ltr'><strong>his</strong></span> <span class='ocrx_word' id='word_1_136' title='bbox 1459 1675 1628 1742; x_wconf 88' lang='lat' dir='ltr'><strong>enim</strong></span> <span class='ocrx_word' id='word_1_137' title='bbox 1677 1675 1811 1740; x_wconf 86' lang='lat' dir='ltr'><strong>fere</strong></span> <span class='ocrx_word' id='word_1_138' title='bbox 1861 1676 2052 1741; x_wconf 86' lang='lat' dir='ltr'><strong>rebus</strong></span> <span class='ocrx_word' id='word_1_139' title='bbox 2105 1675 2258 1741; x_wconf 84' lang='lat' dir='ltr'><strong>faeti</strong></span> <span class='ocrx_word' id='word_1_140' title='bbox 2311 1678 2592 1763; x_wconf 84' lang='lat' dir='ltr'><strong>suspitio</strong></span> 
     </span>
     <span class='ocr_line' id='line_1_17' title="bbox 526 1769 2590 1856; baseline 0 -20"><span class='ocrx_word' id='word_1_141' title='bbox 526 1771 960 1848; x_wconf 84' lang='lat' dir='ltr'><strong>confirmatur,</strong></span> <span class='ocrx_word' id='word_1_142' title='bbox 1015 1792 1160 1836; x_wconf 80' lang='lat' dir='ltr'><strong>cum</strong></span> <span class='ocrx_word' id='word_1_143' title='bbox 1196 1779 1261 1834; x_wconf 91' lang='lat' dir='ltr'><strong>et</strong></span> <span class='ocrx_word' id='word_1_144' title='bbox 1294 1769 1691 1835; x_wconf 84' lang='lat' dir='ltr'><strong>voluntatis</strong></span> <span class='ocrx_word' id='word_1_145' title='bbox 1672 1793 1738 1834; x_wconf 87' lang='lat' dir='ltr'><strong>m</strong></span> <span class='ocrx_word' id='word_1_146' title='bbox 1771 1791 1882 1836; x_wconf 89' lang='lat' dir='ltr'><strong>reo</strong></span> <span class='ocrx_word' id='word_1_147' title='bbox 1917 1789 2149 1834; x_wconf 83' lang='lat' dir='ltr'><strong>causae</strong></span> <span class='ocrx_word' id='word_1_148' title='bbox 2179 1769 2590 1856; x_wconf 86' lang='lat' dir='ltr'><strong>reperiuntur</strong></span> 
     </span>
     <span class='ocr_line' id='line_1_18' title="bbox 524 1861 2585 1950; baseline 0 -20"><span class='ocrx_word' id='word_1_149' title='bbox 524 1874 591 1930; x_wconf 89' lang='lat' dir='ltr'><strong>et</strong></span> <span class='ocrx_word' id='word_1_150' title='bbox 622 1863 961 1930; x_wconf 80' lang='lat' dir='ltr'><strong>facultatis.</strong></span> <span class='ocrx_word' id='word_1_151' title='bbox 1062 1864 1131 1928; x_wconf 88' lang='lat' dir='ltr'><strong>in</strong></span> <span class='ocrx_word' id='word_1_152' title='bbox 1186 1861 1510 1928; x_wconf 84' lang='lat' dir='ltr'><strong>voluntate</strong></span> <span class='ocrx_word' id='word_1_153' title='bbox 1571 1873 1781 1928; x_wconf 88' lang='lat' dir='ltr'><strong>autem</strong></span> <span class='ocrx_word' id='word_1_154' title='bbox 1823 1861 2062 1928; x_wconf 87' lang='lat' dir='ltr'><strong>utilitas</strong></span> <span class='ocrx_word' id='word_1_155' title='bbox 2115 1883 2197 1928; x_wconf 81' lang='lat' dir='ltr'><strong>ex</strong></span> <span class='ocrx_word' id='word_1_156' title='bbox 2241 1863 2585 1950; x_wconf 84' lang='lat' dir='ltr'><strong>adeptione</strong></span> 
     </span>
     <span class='ocr_line' id='line_1_19' title="bbox 524 1955 2589 2040; baseline 0 -18"><span class='ocrx_word' id='word_1_157' title='bbox 524 1957 788 2022; x_wconf 86' lang='lat' dir='ltr'><strong>alieuius</strong></span> <span class='ocrx_word' id='word_1_158' title='bbox 825 1956 1140 2024; x_wconf 72' lang='lat' dir='ltr'><strong>commodi</strong></span> <span class='ocrx_word' id='word_1_159' title='bbox 1175 1956 1600 2040; x_wconf 81' lang='lat' dir='ltr'><strong>vitationeque</strong></span> <span class='ocrx_word' id='word_1_160' title='bbox 1651 1955 1914 2022; x_wconf 82' lang='lat' dir='ltr'><strong>alieuius</strong></span> <span class='ocrx_word' id='word_1_161' title='bbox 1965 1955 2342 2022; x_wconf 80' lang='lat' dir='ltr'><strong>incommodi</strong></span> <span class='ocrx_word' id='word_1_162' title='bbox 2378 1979 2589 2040; x_wconf 84' lang='lat' dir='ltr'><strong>quae-</strong></span> 
     </span>
     <span class='ocr_line' id='line_1_20' title="bbox 522 2048 2584 2158; baseline -0 -44"><span class='ocrx_word' id='word_1_163' title='bbox 522 2049 711 2128; x_wconf 86' lang='lat' dir='ltr'><strong>ritur,</strong></span> <span class='ocrx_word' id='word_1_164' title='bbox 762 2060 838 2114; x_wconf 89' lang='lat' dir='ltr'><strong>ut</strong></span> <span class='ocrx_word' id='word_1_165' title='bbox 871 2059 981 2114; x_wconf 86' lang='lat' dir='ltr'><strong>aut</strong></span> <span class='ocrx_word' id='word_1_166' title='bbox 1016 2069 1163 2134; x_wconf 87' lang='lat' dir='ltr'><strong>spes</strong></span> <span class='ocrx_word' id='word_1_167' title='bbox 1212 2059 1321 2113; x_wconf 86' lang='lat' dir='ltr'><strong>aut</strong></span> <span class='ocrx_word' id='word_1_168' title='bbox 1371 2059 1580 2112; x_wconf 86' lang='lat' dir='ltr'><strong>metus</strong></span> <span class='ocrx_word' id='word_1_169' title='bbox 1625 2048 1952 2158; x_wconf 81' lang='lat' dir='ltr'><strong>impulisse</strong></span> <span class='ocrx_word' id='word_1_170' title='bbox 1993 2049 2270 2114; x_wconf 83' lang='lat' dir='ltr'><strong>videatur</strong></span> <span class='ocrx_word' id='word_1_171' title='bbox 2301 2059 2411 2112; x_wconf 87' lang='lat' dir='ltr'><strong>aut</strong></span> <span class='ocrx_word' id='word_1_172' title='bbox 2449 2051 2584 2113; x_wconf 78' lang='lat' dir='ltr'><strong>ali-</strong></span> 
     </span>
     <span class='ocr_line' id='line_1_21' title="bbox 525 2141 2580 2227; baseline 0.002 -23"><span class='ocrx_word' id='word_1_173' title='bbox 525 2141 667 2224; x_wconf 87' lang='lat' dir='ltr'><strong>quis</strong></span> <span class='ocrx_word' id='word_1_174' title='bbox 700 2141 1066 2227; x_wconf 86' lang='lat' dir='ltr'><strong>repentinus</strong></span> <span class='ocrx_word' id='word_1_175' title='bbox 1104 2141 1296 2206; x_wconf 88' lang='lat' dir='ltr'><strong>animi</strong></span> <span class='ocrx_word' id='word_1_176' title='bbox 1328 2151 1560 2218; x_wconf 83' lang='lat' dir='ltr'><strong>motus,</strong></span> <span class='ocrx_word' id='word_1_177' title='bbox 1599 2142 1708 2226; x_wconf 90' lang='lat' dir='ltr'><strong>qui</strong></span> <span class='ocrx_word' id='word_1_178' title='bbox 1741 2141 1932 2206; x_wconf 85' lang='lat' dir='ltr'><strong>etiam</strong></span> <span class='ocrx_word' id='word_1_179' title='bbox 1965 2143 2140 2207; x_wconf 83' lang='lat' dir='ltr'><strong>citius</strong></span> <span class='ocrx_word' id='word_1_180' title='bbox 2170 2141 2236 2206; x_wconf 91' lang='lat' dir='ltr'><strong>in</strong></span> <span class='ocrx_word' id='word_1_181' title='bbox 2266 2141 2580 2208; x_wconf 83' lang='lat' dir='ltr'><strong>fraudem</strong></span> 
     </span>
     <span class='ocr_line' id='line_1_22' title="bbox 524 2231 2580 2322; baseline 0.001 -24"><span class='ocrx_word' id='word_1_182' title='bbox 524 2255 716 2319; x_wconf 87' lang='lat' dir='ltr'><strong>quam</strong></span> <span class='ocrx_word' id='word_1_183' title='bbox 747 2232 909 2299; x_wconf 85' lang='lat' dir='ltr'><strong>ratio</strong></span> <span class='ocrx_word' id='word_1_184' title='bbox 958 2233 1246 2300; x_wconf 84' lang='lat' dir='ltr'><strong>utilitatis</strong></span> <span class='ocrx_word' id='word_1_185' title='bbox 1299 2233 1586 2322; x_wconf 82' lang='lat' dir='ltr'><strong>impellit.</strong></span> <span class='ocrx_word' id='word_1_186' title='bbox 1683 2233 1900 2321; x_wconf 89' lang='lat' dir='ltr'><strong>[quam</strong></span> <span class='ocrx_word' id='word_1_187' title='bbox 1935 2237 2018 2302; x_wconf 91' lang='lat' dir='ltr'><strong>ob</strong></span> <span class='ocrx_word' id='word_1_188' title='bbox 2053 2231 2214 2322; x_wconf 88' lang='lat' dir='ltr'><strong>rem]</strong></span> <span class='ocrx_word' id='word_1_189' title='bbox 2245 2234 2409 2300; x_wconf 82' lang='lat' dir='ltr'><strong>haee</strong></span> <span class='ocrx_word' id='word_1_190' title='bbox 2449 2234 2580 2301; x_wconf 82' lang='lat' dir='ltr'><strong>sint</strong></span> 
     </span>
     <span class='ocr_line' id='line_1_23' title="bbox 422 2325 2576 2414; baseline -0.001 -18"><span class='ocrx_word' id='word_1_191' title='bbox 422 2356 500 2396; x_wconf 74' lang='grc' dir='ltr'>ιιι.</span> <span class='ocrx_word' id='word_1_192' title='bbox 521 2326 695 2395; x_wconf 50' lang='lat' dir='ltr'><strong>&gt;diota</strong></span> <span class='ocrx_word' id='word_1_193' title='bbox 744 2327 825 2393; x_wconf 91' lang='lat' dir='ltr'><strong>de</strong></span> <span class='ocrx_word' id='word_1_194' title='bbox 876 2347 1089 2394; x_wconf 81' lang='lat' dir='ltr'><strong>eausa.</strong></span> <span class='ocrx_word' id='word_1_195' title='bbox 1182 2325 1274 2394; x_wconf 81' lang='lat' dir='ltr'><strong>C.</strong></span> <span class='ocrx_word' id='word_1_196' title='bbox 1326 2328 1406 2395; x_wconf 80' lang='lat' dir='ltr'><strong>F.</strong></span> <span class='ocrx_word' id='word_1_197' title='bbox 1461 2340 1676 2407; x_wconf 86' lang='lat' dir='ltr'><strong>teneo,</strong></span> <span class='ocrx_word' id='word_1_198' title='bbox 1743 2342 1808 2395; x_wconf 87' lang='lat' dir='ltr'><strong>et</strong></span> <span class='ocrx_word' id='word_1_199' title='bbox 1858 2348 2094 2413; x_wconf 89' lang='lat' dir='ltr'><strong>quaero</strong></span> <span class='ocrx_word' id='word_1_200' title='bbox 2147 2329 2252 2414; x_wconf 87' lang='lat' dir='ltr'><strong>qui</strong></span> <span class='ocrx_word' id='word_1_201' title='bbox 2302 2328 2436 2395; x_wconf 87' lang='lat' dir='ltr'><strong>sint</strong></span> <span class='ocrx_word' id='word_1_202' title='bbox 2488 2330 2576 2393; x_wconf 84' lang='lat' dir='ltr'><strong>illi</strong></span> 
     </span>
     <span class='ocr_line' id='line_1_24' title="bbox 418 2422 2578 2507; baseline -0.003 -14"><span class='ocrx_word' id='word_1_203' title='bbox 418 2436 489 2493; x_wconf 87' lang='lat'><strong>33</strong></span> <span class='ocrx_word' id='word_1_204' title='bbox 525 2434 821 2501; x_wconf 83' lang='lat' dir='ltr'><strong>eventus,</strong></span> <span class='ocrx_word' id='word_1_205' title='bbox 858 2443 1017 2507; x_wconf 87' lang='lat' dir='ltr'><strong>quos</strong></span> <span class='ocrx_word' id='word_1_206' title='bbox 1056 2443 1138 2487; x_wconf 89' lang='lat' dir='ltr'><strong>ex</strong></span> <span class='ocrx_word' id='word_1_207' title='bbox 1174 2423 1383 2488; x_wconf 78' lang='lat' dir='ltr'><strong>causis</strong></span> <span class='ocrx_word' id='word_1_208' title='bbox 1421 2423 1589 2488; x_wconf 79' lang='lat' dir='ltr'><strong>effici</strong></span> <span class='ocrx_word' id='word_1_209' title='bbox 1625 2424 1858 2489; x_wconf 83' lang='lat' dir='ltr'><strong>dixisti.</strong></span> <span class='ocrx_word' id='word_1_210' title='bbox 1951 2422 2030 2490; x_wconf 82' lang='lat' dir='ltr'><strong>G.</strong></span> <span class='ocrx_word' id='word_1_211' title='bbox 2065 2424 2145 2489; x_wconf 91' lang='lat' dir='ltr'><strong>P.</strong></span> <span class='ocrx_word' id='word_1_212' title='bbox 2184 2446 2578 2507; x_wconf 83' lang='lat' dir='ltr'><strong>consequen-</strong></span> 
     </span>
     <span class='ocr_line' id='line_1_25' title="bbox 522 2517 2580 2605; baseline 0 -22"><span class='ocrx_word' id='word_1_213' title='bbox 522 2518 613 2583; x_wconf 83' lang='lat' dir='ltr'><strong>tia</strong></span> <span class='ocrx_word' id='word_1_214' title='bbox 646 2518 958 2602; x_wconf 79' lang='lat' dir='ltr'><strong>quaedam</strong></span> <span class='ocrx_word' id='word_1_215' title='bbox 992 2517 1179 2603; x_wconf 84' lang='lat' dir='ltr'><strong>signa</strong></span> <span class='ocrx_word' id='word_1_216' title='bbox 1208 2517 1528 2605; x_wconf 87' lang='lat' dir='ltr'><strong>praeteriti</strong></span> <span class='ocrx_word' id='word_1_217' title='bbox 1564 2529 1628 2584; x_wconf 90' lang='lat' dir='ltr'><strong>et</strong></span> <span class='ocrx_word' id='word_1_218' title='bbox 1661 2520 1844 2602; x_wconf 89' lang='lat' dir='ltr'><strong>quasi</strong></span> <span class='ocrx_word' id='word_1_219' title='bbox 1867 2519 2181 2605; x_wconf 86' lang='lat' dir='ltr'><strong>impressa</strong></span> <span class='ocrx_word' id='word_1_220' title='bbox 2204 2518 2360 2583; x_wconf 84' lang='lat' dir='ltr'><strong>facti</strong></span> <span class='ocrx_word' id='word_1_221' title='bbox 2384 2519 2580 2584; x_wconf 86' lang='lat' dir='ltr'><strong>vesti—</strong></span> 
     </span>
     <span class='ocr_line' id='line_1_26' title="bbox 521 2611 2578 2699; baseline 0 -23"><span class='ocrx_word' id='word_1_222' title='bbox 521 2611 656 2697; x_wconf 82' lang='lat' dir='ltr'><strong>gia3</strong></span> <span class='ocrx_word' id='word_1_223' title='bbox 719 2633 882 2695; x_wconf 87' lang='lat' dir='ltr'><strong>quae</strong></span> <span class='ocrx_word' id='word_1_224' title='bbox 946 2611 1203 2696; x_wconf 87' lang='lat' dir='ltr'><strong>quidem</strong></span> <span class='ocrx_word' id='word_1_225' title='bbox 1256 2611 1359 2678; x_wconf 83' lang='lat' dir='ltr'><strong>vel</strong></span> <span class='ocrx_word' id='word_1_226' title='bbox 1408 2612 1684 2677; x_wconf 84' lang='lat' dir='ltr'><strong>maxime</strong></span> <span class='ocrx_word' id='word_1_227' title='bbox 1737 2613 2152 2699; x_wconf 88' lang='lat' dir='ltr'><strong>suspitionem</strong></span> <span class='ocrx_word' id='word_1_228' title='bbox 2200 2624 2467 2678; x_wconf 87' lang='lat' dir='ltr'><strong>movent</strong></span> <span class='ocrx_word' id='word_1_229' title='bbox 2517 2626 2578 2677; x_wconf 88' lang='lat' dir='ltr'><strong>et</strong></span> 
     </span>
     <span class='ocr_line' id='line_1_27' title="bbox 524 2704 2574 2790; baseline 0 -21"><span class='ocrx_word' id='word_1_230' title='bbox 524 2715 673 2770; x_wconf 90' lang='lat' dir='ltr'><strong>sunt</strong></span> <span class='ocrx_word' id='word_1_231' title='bbox 706 2704 889 2789; x_wconf 90' lang='lat' dir='ltr'><strong>quasi</strong></span> <span class='ocrx_word' id='word_1_232' title='bbox 922 2705 1117 2772; x_wconf 82' lang='lat' dir='ltr'><strong>tacita</strong></span> <span class='ocrx_word' id='word_1_233' title='bbox 1153 2705 1482 2771; x_wconf 85' lang='lat' dir='ltr'><strong>eriminum</strong></span> <span class='ocrx_word' id='word_1_234' title='bbox 1535 2706 1894 2772; x_wconf 82' lang='lat' dir='ltr'><strong>testimonia</strong></span> <span class='ocrx_word' id='word_1_235' title='bbox 1938 2717 2126 2790; x_wconf 88' lang='lat' dir='ltr'><strong>atque</strong></span> <span class='ocrx_word' id='word_1_236' title='bbox 2159 2706 2283 2771; x_wconf 87' lang='lat' dir='ltr'><strong>hoe</strong></span> <span class='ocrx_word' id='word_1_237' title='bbox 2318 2707 2574 2789; x_wconf 86' lang='lat' dir='ltr'><strong>quidem</strong></span> 
     </span>
     <span class='ocr_line' id='line_1_28' title="bbox 522 2799 2573 2883; baseline 0.001 -21"><span class='ocrx_word' id='word_1_238' title='bbox 522 2797 841 2883; x_wconf 85' lang='lat' dir='ltr'><strong>graviora,</strong></span> <span class='ocrx_word' id='word_1_239' title='bbox 894 2799 1067 2883; x_wconf 88' lang='lat' dir='ltr'><strong>quod</strong></span> <span class='ocrx_word' id='word_1_240' title='bbox 1118 2820 1349 2865; x_wconf 81' lang='lat' dir='ltr'><strong>causae</strong></span> <span class='ocrx_word' id='word_1_241' title='bbox 1401 2799 1812 2876; x_wconf 78' lang='lat' dir='ltr'><strong>communiter</strong></span> <span class='ocrx_word' id='word_1_242' title='bbox 1863 2800 2157 2881; x_wconf 85' lang='lat' dir='ltr'><strong>videntur</strong></span> <span class='ocrx_word' id='word_1_243' title='bbox 2205 2800 2573 2866; x_wconf 82' lang='lat' dir='ltr'><strong>insimulare</strong></span> 
     </span>
     <span class='ocr_line' id='line_1_29' title="bbox 522 2892 2572 2979; baseline 0.002 -25"><span class='ocrx_word' id='word_1_244' title='bbox 522 2900 587 2955; x_wconf 92' lang='lat' dir='ltr'><strong>et</strong></span> <span class='ocrx_word' id='word_1_245' title='bbox 620 2910 886 2977; x_wconf 83' lang='lat' dir='ltr'><strong>arguere</strong></span> <span class='ocrx_word' id='word_1_246' title='bbox 939 2892 1143 2958; x_wconf 88' lang='lat' dir='ltr'><strong>omnis</strong></span> <span class='ocrx_word' id='word_1_247' title='bbox 1178 2914 1400 2979; x_wconf 85' lang='lat' dir='ltr'><strong>posse,</strong></span> <span class='ocrx_word' id='word_1_248' title='bbox 1453 2914 1722 2977; x_wconf 86' lang='lat' dir='ltr'><strong>quorum</strong></span> <span class='ocrx_word' id='word_1_249' title='bbox 1755 2893 1944 2959; x_wconf 88' lang='lat' dir='ltr'><strong>modo</strong></span> <span class='ocrx_word' id='word_1_250' title='bbox 1985 2892 2272 2959; x_wconf 82' lang='lat' dir='ltr'><strong>interfiJit</strong></span> <span class='ocrx_word' id='word_1_251' title='bbox 2314 2893 2572 2979; x_wconf 83' lang='lat' dir='ltr'><strong>aliquid,</strong></span> 
     </span>
     <span class='ocr_line' id='line_1_30' title="bbox 518 2983 2576 3075; baseline 0.002 -27"><span class='ocrx_word' id='word_1_252' title='bbox 518 2983 679 3049; x_wconf 82' lang='lat' dir='ltr'><strong>haee</strong></span> <span class='ocrx_word' id='word_1_253' title='bbox 728 2984 981 3071; x_wconf 85' lang='lat' dir='ltr'><strong>proprie</strong></span> <span class='ocrx_word' id='word_1_254' title='bbox 1034 2986 1352 3075; x_wconf 84' lang='lat' dir='ltr'><strong>attingunt</strong></span> <span class='ocrx_word' id='word_1_255' title='bbox 1386 3008 1496 3051; x_wconf 90' lang='lat' dir='ltr'><strong>eos</strong></span> <span class='ocrx_word' id='word_1_256' title='bbox 1539 2986 1746 3073; x_wconf 90' lang='lat' dir='ltr'><strong>ipsos,</strong></span> <span class='ocrx_word' id='word_1_257' title='bbox 1803 2987 1911 3069; x_wconf 90' lang='lat' dir='ltr'><strong>qui</strong></span> <span class='ocrx_word' id='word_1_258' title='bbox 1947 2996 2320 3073; x_wconf 77' lang='lat' dir='ltr'><strong>arguuntur,</strong></span> <span class='ocrx_word' id='word_1_259' title='bbox 2377 2998 2452 3051; x_wconf 91' lang='lat' dir='ltr'><strong>ut</strong></span> <span class='ocrx_word' id='word_1_260' title='bbox 2485 2998 2576 3053; x_wconf 89' lang='lat' dir='ltr'><strong>te·-</strong></span> 
     </span>
     <span class='ocr_line' id='line_1_31' title="bbox 518 3076 2567 3167; baseline 0 -22"><span class='ocrx_word' id='word_1_261' title='bbox 518 3076 681 3155; x_wconf 87' lang='lat' dir='ltr'><strong>lum,</strong></span> <span class='ocrx_word' id='word_1_262' title='bbox 734 3088 809 3142; x_wconf 91' lang='lat' dir='ltr'><strong>ut</strong></span> <span class='ocrx_word' id='word_1_263' title='bbox 857 3079 1228 3165; x_wconf 83' lang='lat' dir='ltr'><strong>vestigium,</strong></span> <span class='ocrx_word' id='word_1_264' title='bbox 1278 3090 1353 3143; x_wconf 88' lang='lat' dir='ltr'><strong>ut</strong></span> <span class='ocrx_word' id='word_1_265' title='bbox 1405 3100 1619 3159; x_wconf 88' lang='lat' dir='ltr'><strong>eruor,</strong></span> <span class='ocrx_word' id='word_1_266' title='bbox 1669 3088 1742 3144; x_wconf 91' lang='lat' dir='ltr'><strong>ut</strong></span> <span class='ocrx_word' id='word_1_267' title='bbox 1791 3080 2258 3167; x_wconf 84' lang='lat' dir='ltr'><strong>deprehensum</strong></span> <span class='ocrx_word' id='word_1_268' title='bbox 2311 3080 2567 3166; x_wconf 83' lang='lat' dir='ltr'><strong>aliquid,</strong></span> 
     </span>
     <span class='ocr_line' id='line_1_32' title="bbox 520 3170 2569 3263; baseline 0.002 -29"><span class='ocrx_word' id='word_1_269' title='bbox 520 3170 692 3255; x_wconf 89' lang='lat' dir='ltr'><strong>quod</strong></span> <span class='ocrx_word' id='word_1_270' title='bbox 727 3171 1008 3237; x_wconf 85' lang='lat' dir='ltr'><strong>ablatum</strong></span> <span class='ocrx_word' id='word_1_271' title='bbox 1061 3182 1426 3263; x_wconf 86' lang='lat' dir='ltr'><strong>ereptumve</strong></span> <span class='ocrx_word' id='word_1_272' title='bbox 1461 3174 1776 3251; x_wconf 79' lang='lat' dir='ltr'><strong>videatur,</strong></span> <span class='ocrx_word' id='word_1_273' title='bbox 1825 3184 1898 3238; x_wconf 87' lang='lat' dir='ltr'><strong>ut</strong></span> <span class='ocrx_word' id='word_1_274' title='bbox 1937 3194 2317 3260; x_wconf 88' lang='lat' dir='ltr'><strong>responsum</strong></span> <span class='ocrx_word' id='word_1_275' title='bbox 2351 3174 2569 3241; x_wconf 82' lang='lat' dir='ltr'><strong>incon-</strong></span> 
     </span>
     <span class='ocr_line' id='line_1_33' title="bbox 522 3265 2565 3352; baseline 0.002 -23"><span class='ocrx_word' id='word_1_276' title='bbox 522 3274 785 3344; x_wconf 82' lang='lat' dir='ltr'><strong>stanter,</strong></span> <span class='ocrx_word' id='word_1_277' title='bbox 824 3275 895 3329; x_wconf 87' lang='lat' dir='ltr'><strong>ut</strong></span> <span class='ocrx_word' id='word_1_278' title='bbox 919 3265 1315 3344; x_wconf 87' lang='lat' dir='ltr'><strong>haesitatum,</strong></span> <span class='ocrx_word' id='word_1_279' title='bbox 1349 3276 1424 3330; x_wconf 90' lang='lat' dir='ltr'><strong>ut</strong></span> <span class='ocrx_word' id='word_1_280' title='bbox 1447 3267 1802 3345; x_wconf 82' lang='lat' dir='ltr'><strong>titubatum,</strong></span> <span class='ocrx_word' id='word_1_281' title='bbox 1838 3276 1910 3333; x_wconf 87' lang='lat' dir='ltr'><strong>ut</strong></span> <span class='ocrx_word' id='word_1_282' title='bbox 1945 3288 2089 3332; x_wconf 83' lang='lat' dir='ltr'><strong>eum</strong></span> <span class='ocrx_word' id='word_1_283' title='bbox 2125 3267 2334 3352; x_wconf 87' lang='lat' dir='ltr'><strong>aliquo</strong></span> <span class='ocrx_word' id='word_1_284' title='bbox 2374 3266 2565 3347; x_wconf 83' lang='lat' dir='ltr'><strong>visus,</strong></span> 
     </span>
     <span class='ocr_line' id='line_1_34' title="bbox 522 3359 2568 3447; baseline 0.002 -24"><span class='ocrx_word' id='word_1_285' title='bbox 522 3378 605 3424; x_wconf 87' lang='lat' dir='ltr'><strong>ex</strong></span> <span class='ocrx_word' id='word_1_286' title='bbox 638 3380 765 3444; x_wconf 88' lang='lat' dir='ltr'><strong>quo</strong></span> <span class='ocrx_word' id='word_1_287' title='bbox 802 3359 1069 3446; x_wconf 87' lang='lat' dir='ltr'><strong>suspitio</strong></span> <span class='ocrx_word' id='word_1_288' title='bbox 1104 3359 1367 3439; x_wconf 85' lang='lat' dir='ltr'><strong>oriatur,</strong></span> <span class='ocrx_word' id='word_1_289' title='bbox 1411 3370 1483 3425; x_wconf 86' lang='lat' dir='ltr'><strong>ut</strong></span> <span class='ocrx_word' id='word_1_290' title='bbox 1517 3383 1594 3426; x_wconf 88' lang='lat' dir='ltr'><strong>eo</strong></span> <span class='ocrx_word' id='word_1_291' title='bbox 1627 3360 1768 3447; x_wconf 89' lang='lat' dir='ltr'><strong>ipso</strong></span> <span class='ocrx_word' id='word_1_292' title='bbox 1802 3361 1871 3428; x_wconf 87' lang='lat' dir='ltr'><strong>in</strong></span> <span class='ocrx_word' id='word_1_293' title='bbox 1903 3361 2045 3427; x_wconf 86' lang='lat' dir='ltr'><strong>loeo</strong></span> <span class='ocrx_word' id='word_1_294' title='bbox 2081 3362 2286 3440; x_wconf 81' lang='lat' dir='ltr'><strong>visus,</strong></span> <span class='ocrx_word' id='word_1_295' title='bbox 2338 3360 2408 3426; x_wconf 89' lang='lat' dir='ltr'><strong>in</strong></span> <span class='ocrx_word' id='word_1_296' title='bbox 2443 3384 2568 3447; x_wconf 86' lang='lat' dir='ltr'><strong>quo</strong></span> 
     </span>
     <span class='ocr_line' id='line_1_35' title="bbox 518 3450 2568 3542; baseline 0.002 -25"><span class='ocrx_word' id='word_1_297' title='bbox 518 3450 796 3532; x_wconf 78' lang='lat' dir='ltr'><strong>facinus,</strong></span> <span class='ocrx_word' id='word_1_298' title='bbox 850 3462 923 3517; x_wconf 91' lang='lat' dir='ltr'><strong>ut</strong></span> <span class='ocrx_word' id='word_1_299' title='bbox 954 3452 1184 3539; x_wconf 83' lang='lat' dir='ltr'><strong>pallor,</strong></span> <span class='ocrx_word' id='word_1_300' title='bbox 1236 3465 1309 3519; x_wconf 90' lang='lat' dir='ltr'><strong>ut</strong></span> <span class='ocrx_word' id='word_1_301' title='bbox 1342 3464 1603 3533; x_wconf 83' lang='lat' dir='ltr'><strong>tremor,</strong></span> <span class='ocrx_word' id='word_1_302' title='bbox 1651 3465 1726 3519; x_wconf 89' lang='grc' dir='ltr'><strong>ιιι</strong></span> <span class='ocrx_word' id='word_1_303' title='bbox 1771 3455 2074 3542; x_wconf 83' lang='lat' dir='ltr'><strong>seriptum</strong></span> <span class='ocrx_word' id='word_1_304' title='bbox 2122 3465 2236 3521; x_wconf 84' lang='lat' dir='ltr'><strong>aut</strong></span> <span class='ocrx_word' id='word_1_305' title='bbox 2267 3455 2568 3542; x_wconf 85' lang='lat' dir='ltr'><strong>obsigna-</strong></span> 
     </span>
     <span class='ocr_line' id='line_1_36' title="bbox 474 3547 2568 3636; baseline 0.003 -26"><span class='ocrx_word' id='word_1_306' title='bbox 474 3569 483 3575; x_wconf 89' lang='lat'><strong>·</strong></span> <span class='ocrx_word' id='word_1_307' title='bbox 521 3557 657 3611; x_wconf 87' lang='lat' dir='ltr'><strong>tum</strong></span> <span class='ocrx_word' id='word_1_308' title='bbox 692 3558 805 3613; x_wconf 85' lang='lat' dir='ltr'><strong>aut</strong></span> <span class='ocrx_word' id='word_1_309' title='bbox 838 3547 1196 3635; x_wconf 82' lang='lat' dir='ltr'><strong>depositum</strong></span> <span class='ocrx_word' id='word_1_310' title='bbox 1234 3549 1584 3636; x_wconf 84' lang='lat' dir='ltr'><strong>quippiam:</strong></span> <span class='ocrx_word' id='word_1_311' title='bbox 1620 3550 1778 3614; x_wconf 83' lang='lat' dir='ltr'><strong>haec</strong></span> <span class='ocrx_word' id='word_1_312' title='bbox 1811 3550 1980 3615; x_wconf 87' lang='lat' dir='ltr'><strong>enim</strong></span> <span class='ocrx_word' id='word_1_313' title='bbox 2015 3550 2166 3615; x_wconf 83' lang='lat' dir='ltr'><strong>talia</strong></span> <span class='ocrx_word' id='word_1_314' title='bbox 2200 3558 2366 3628; x_wconf 86' lang='lat' dir='ltr'><strong>sunt,</strong></span> <span class='ocrx_word' id='word_1_315' title='bbox 2403 3572 2568 3635; x_wconf 84' lang='lat' dir='ltr'><strong>quae</strong></span> 
     </span>
     <span class='ocr_line' id='line_1_37' title="bbox 523 3640 2566 3731; baseline 0.002 -26"><span class='ocrx_word' id='word_1_316' title='bbox 523 3650 633 3705; x_wconf 83' lang='lat' dir='ltr'><strong>ant</strong></span> <span class='ocrx_word' id='word_1_317' title='bbox 663 3640 731 3705; x_wconf 89' lang='lat' dir='ltr'><strong>in</strong></span> <span class='ocrx_word' id='word_1_318' title='bbox 763 3663 835 3707; x_wconf 87' lang='lat' dir='ltr'><strong>re</strong></span> <span class='ocrx_word' id='word_1_319' title='bbox 866 3642 1011 3729; x_wconf 85' lang='lat' dir='ltr'><strong>ipsa</strong></span> <span class='ocrx_word' id='word_1_320' title='bbox 1046 3651 1156 3707; x_wconf 85' lang='lat' dir='ltr'><strong>aut</strong></span> <span class='ocrx_word' id='word_1_321' title='bbox 1190 3642 1378 3708; x_wconf 81' lang='lat' dir='ltr'><strong>etiam</strong></span> <span class='ocrx_word' id='word_1_322' title='bbox 1416 3654 1562 3709; x_wconf 86' lang='lat' dir='ltr'><strong>ante</strong></span> <span class='ocrx_word' id='word_1_323' title='bbox 1597 3664 1786 3729; x_wconf 84' lang='lat' dir='ltr'><strong>quam</strong></span> <span class='ocrx_word' id='word_1_324' title='bbox 1820 3644 2058 3709; x_wconf 81' lang='lat' dir='ltr'><strong>factum</strong></span> <span class='ocrx_word' id='word_1_325' title='bbox 2084 3654 2184 3709; x_wconf 87' lang='lat' dir='ltr'><strong>est</strong></span> <span class='ocrx_word' id='word_1_326' title='bbox 2207 3654 2318 3709; x_wconf 89' lang='lat' dir='ltr'><strong>aut</strong></span> <span class='ocrx_word' id='word_1_327' title='bbox 2340 3654 2566 3731; x_wconf 86' lang='lat' dir='ltr'><strong>postea</strong></span> 
     </span>
     <span class='ocr_line' id='line_1_38' title="bbox 410 3732 2562 3820; baseline 0.002 -22"><span class='ocrx_word' id='word_1_328' title='bbox 410 3758 487 3799; x_wconf 86' lang='lat'><strong>115</strong></span> <span class='ocrx_word' id='word_1_329' title='bbox 522 3732 930 3819; x_wconf 87' lang='lat' dir='ltr'><strong>suspitiosum</strong></span> <span class='ocrx_word' id='word_1_330' title='bbox 976 3734 1213 3801; x_wconf 79' lang='lat' dir='ltr'><strong>crimen</strong></span> <span class='ocrx_word' id='word_1_331' title='bbox 1264 3736 1574 3801; x_wconf 77' lang='lat' dir='ltr'><strong>efficiant:</strong></span> <span class='ocrx_word' id='word_1_332' title='bbox 1627 3758 1793 3820; x_wconf 84' lang='lat' dir='ltr'><strong>quae</strong></span> <span class='ocrx_word' id='word_1_333' title='bbox 1825 3738 1880 3801; x_wconf 87' lang='lat' dir='ltr'><strong>si</strong></span> <span class='ocrx_word' id='word_1_334' title='bbox 1924 3760 2053 3803; x_wconf 90' lang='lat' dir='ltr'><strong>non</strong></span> <span class='ocrx_word' id='word_1_335' title='bbox 2089 3746 2298 3815; x_wconf 85' lang='lat' dir='ltr'><strong>erunt,</strong></span> <span class='ocrx_word' id='word_1_336' title='bbox 2351 3748 2562 3812; x_wconf 78' lang='lat' dir='ltr'><strong>tamen</strong></span> 
     </span>
     <span class='ocr_line' id='line_1_39' title="bbox 522 3825 2565 3917; baseline 0.003 -28"><span class='ocrx_word' id='word_1_337' title='bbox 522 3825 729 3891; x_wconf 81' lang='lat' dir='ltr'><strong>causis</strong></span> <span class='ocrx_word' id='word_1_338' title='bbox 782 3826 941 3913; x_wconf 81' lang='lat' dir='ltr'><strong>ipsis</strong></span> <span class='ocrx_word' id='word_1_339' title='bbox 977 3839 1043 3893; x_wconf 88' lang='lat' dir='ltr'><strong>et</strong></span> <span class='ocrx_word' id='word_1_340' title='bbox 1076 3828 1392 3895; x_wconf 76' lang='lat' dir='ltr'><strong>efficiendi</strong></span> <span class='ocrx_word' id='word_1_341' title='bbox 1435 3829 1848 3895; x_wconf 77' lang='lat' dir='ltr'><strong>‘facultatibus</strong></span> <span class='ocrx_word' id='word_1_342' title='bbox 1892 3830 2009 3895; x_wconf 82' lang='lat' dir='ltr'><strong>niti</strong></span> <span class='ocrx_word' id='word_1_343' title='bbox 2059 3828 2397 3917; x_wconf 89' lang='lat' dir='ltr'><strong>oportebit,</strong></span> <span class='ocrx_word' id='word_1_344' title='bbox 2452 3831 2565 3895; x_wconf 89' lang='lat' dir='ltr'><strong>ad-</strong></span> 
     </span>
     <span class='ocr_line' id='line_1_40' title="bbox 518 3918 2561 4007; baseline 0.004 -26"><span class='ocrx_word' id='word_1_345' title='bbox 518 3918 733 3983; x_wconf 84' lang='lat' dir='ltr'><strong>iuncta</strong></span> <span class='ocrx_word' id='word_1_346' title='bbox 772 3918 883 3985; x_wconf 80' lang='lat' dir='ltr'><strong>illa</strong></span> <span class='ocrx_word' id='word_1_347' title='bbox 932 3920 1355 4006; x_wconf 88' lang='lat' dir='ltr'><strong>disputatione</strong></span> <span class='ocrx_word' id='word_1_348' title='bbox 1399 3924 1745 4007; x_wconf 79' lang='lat' dir='ltr'><strong>communi,</strong></span> <span class='ocrx_word' id='word_1_349' title='bbox 1798 3946 1926 3989; x_wconf 89' lang='lat' dir='ltr'><strong>non</strong></span> <span class='ocrx_word' id='word_1_350' title='bbox 1969 3923 2168 3989; x_wconf 66' lang='lat' dir='ltr'><strong>fiiisse</strong></span> <span class='ocrx_word' id='word_1_351' title='bbox 2219 3923 2400 3989; x_wconf 87' lang='lat' dir='ltr'><strong>illum</strong></span> <span class='ocrx_word' id='word_1_352' title='bbox 2433 3933 2561 3989; x_wconf 82' lang='lat' dir='ltr'><strong>tam</strong></span> 
     </span>
     <span class='ocr_line' id='line_1_41' title="bbox 521 4014 2560 4103; baseline 0.006 -34"><span class='ocrx_word' id='word_1_353' title='bbox 521 4020 863 4087; x_wconf 79' lang='lat' dir='ltr'><strong>amentem,</strong></span> <span class='ocrx_word' id='word_1_354' title='bbox 914 4022 987 4075; x_wconf 87' lang='lat' dir='ltr'><strong>ut</strong></span> <span class='ocrx_word' id='word_1_355' title='bbox 1017 4014 1250 4078; x_wconf 77' lang='lat' dir='ltr'><strong>indicia</strong></span> <span class='ocrx_word' id='word_1_356' title='bbox 1284 4016 1438 4079; x_wconf 80' lang='lat' dir='ltr'><strong>faeti</strong></span> <span class='ocrx_word' id='word_1_357' title='bbox 1473 4026 1583 4084; x_wconf 85' lang='lat' dir='ltr'><strong>aut</strong></span> <span class='ocrx_word' id='word_1_358' title='bbox 1617 4017 1899 4103; x_wconf 83' lang='lat' dir='ltr'><strong>effugere</strong></span> <span class='ocrx_word' id='word_1_359' title='bbox 1943 4026 2054 4083; x_wconf 85' lang='lat' dir='ltr'><strong>aut</strong></span> <span class='ocrx_word' id='word_1_360' title='bbox 2085 4018 2398 4084; x_wconf 67' lang='lat' dir='ltr'><strong>occultare</strong></span> <span class='ocrx_word' id='word_1_361' title='bbox 2431 4026 2560 4083; x_wconf 83' lang='lat' dir='ltr'><strong>non</strong></span> 
     </span>
    </p>
   </div>
  </div>
 </body>
</html>
