2784 4575
48 197 59 208 ,
29 0 55 180 rw*

683 274 790 331 DE
825 272 1311 333 INVENTIONE
1345 273 1423 327 11.
1459 272 1770 330 154-159.
2134 228 2262 325 201

203 425 333 488 qua
373 422 444 466 re
485 400 554 464 in
599 396 778 485 [hoc]
837 418 1088 482 quoque
1140 420 1373 483 genere
1426 416 1658 461 causae
1710 394 2025 479 quaedam
2076 418 2267 483 argu·-

205 494 626 561 mentationes
664 492 1078 558 communiter
1115 512 1191 557 ac
1224 490 1511 557 similiter
1556 490 2017 567 tractabuntur,
2072 511 2267 573 quae-

207 591 358 655 dam
411 587 760 677 separatius
797 588 881 653 ad
912 586 1132 665 finem,
1187 607 1312 669 quo
1345 584 1570 651 referri
1621 606 1876 651 omnem
1919 583 2267 650 orationem

207 682 504 769 oportet,
539 682 981 768 adiungentur.
1071 692 1260 765 atque
1293 680 1485 746 unius
1530 679 1836 763 cuiusque
1871 677 2269 745 constitutio-

206 779 307 844 nis
344 778 705 865 exemplum
732 798 1088 864 supponere
1122 798 1252 841 non
1279 796 1708 863 gravaremur,
1742 774 1867 839 nisi
1900 773 2059 839 illud
2093 772 2270 840 vide-

205 894 449 950 remus,
513 893 704 957 quem
757 872 840 936 ad
889 870 1150 937 modum
1199 892 1303 935 res
1355 870 1668 936 obscurae
1728 867 1996 935 dicendo
2048 868 2272 933 fierent

209 966 576 1055 apertiores,
613 966 708 1031 sic
731 987 836 1031 res
866 975 1117 1051 apertas
1155 964 1553 1030 obscuriores
1578 962 1717 1028 fieri
1744 962 2045 1027 oratione.
2100 982 2271 1027 nunc

207 1060 292 1125 ad
326 1058 796 1124 deliberationis
829 1068 1170 1146 praecepta
1201 1078 1567 1143 pergamus·

327 1153 572 1219 Rerum
607 1153 1104 1239 expetendarum
1128 1151 1248 1217 tria
1273 1174 1513 1240 genera
1546 1159 1723 1231 sunt3
1756 1160 1873 1235 par
1909 1159 2121 1215 autem
2153 1172 2274 1215 nu-
2306 1152 2377 1208 52

209 1344 384 1421 dam,
440 1342 612 1427 quod
647 1366 764 1408 sua
797 1342 864 1407 vi
896 1364 1015 1408 nos
1041 1340 1308 1419 „adliciat
1343 1341 1427 1405 ad
1461 1362 1636 1417 sese,
1680 1361 1811 1405 non
1846 1340 2273 1405 emolumento

207 1446 472 1521 captans
527 1436 766 1519 aliquo,
822 1436 940 1501 sed
991 1435 1247 1500 trahens
1295 1457 1415 1499 sua
1456 1432 1791 1519 dignitate3
1847 1433 2019 1517 quod
2068 1455 2273 1521 genus

173 1564 180 1571 .
209 1540 310 1595 est
344 1530 576 1607 virtus,
629 1528 922 1607 scientia,
975 1528 1208 1593 veritas
1218 1554 1238 1606 3
1293 1538 1396 1593 est
1429 1527 1603 1592 aliud
1635 1550 1764 1593 non
1796 1538 2057 1614 propter
2092 1549 2275 1594 suam

208 1623 342 1687 vim
393 1632 458 1689 et
507 1632 827 1701 naturam,
891 1622 1008 1687 sed
1055 1632 1314 1709 propter
1366 1621 1644 1687 fructum
1696 1631 1887 1705 atque
1936 1621 2274 1688 utilitatem

207 1716 556 1805 petendum
563 1740 583 1795 3
639 1717 810 1801 quod
843 1737 1047 1802 genus
1099 1714 1372 1802 pecunia
1406 1724 1533 1793 est3
1588 1724 1688 1781 est
1728 1738 1917 1802 porro
1954 1715 2276 1799 quoddam

209 1835 294 1877 ex
327 1811 556 1877 horum
596 1809 884 1898 partibus
914 1810 1242 1889 iunctum,
1288 1808 1464 1895 quod
1506 1820 1573 1875 et
1616 1832 1734 1879 sua
1766 1809 1833 1875 vi
1868 1820 1933 1875 et
1967 1810 2275 1897 digni-tate

208 1928 328 1972 nos
380 1904 646 1970 inlectos
701 1904 874 1970 ducit
925 1915 990 1971 et
1029 1927 1183 1993 prae
1231 1926 1300 1970 se
1353 1904 1673 1989 quandam
1715 1904 1881 1991 gerit
1920 1903 2275 1983 utilitatem,

209 2022 337 2085 quo
372 1998 578 2085 magis
624 2010 984 2087 expetatur,
1037 2011 1110 2066 ut
1145 1998 1448 2077 amicitia,
1501 1998 1673 2064 bona
1715 1998 2129 2076 existimatio;
2184 2008 2279 2063 at-

211 2116 334 2178 que
369 2116 451 2161 ex
485 2094 586 2159 his
623 2093 850 2161 horum
877 2093 1192 2160 contraria
1225 2093 1432 2172 facile,
1470 2092 1825 2159 tacentibus
1850 2092 2058 2171 nobis,
2094 2092 2279 2158 intel-

207 2188 520 2274 legentur.
629 2189 746 2255 sed
793 2199 866 2253 ut
927 2187 1284 2274 expeditius
1344 2186 1509 2253 ratio
1568 2187 1881 2265 tradatur,
1946 2209 2049 2265 ea,
2114 2208 2277 2271 quae

210 2281 538 2367 posuimus
551 2331 570 2360 ,
630 2282 812 2350 brevi
860 2283 1381 2362 nominabuntur,
1444 2305 1596 2348 nam
1646 2280 1717 2348 in
1774 2281 1981 2369 primo
2043 2304 2279 2369 genere

211 2397 378 2460 quae
420 2387 598 2453 sunt,
654 2375 923 2442 honesta
967 2378 1483 2465 appellabuntur;
1536 2397 1699 2460 quae
1747 2374 2019 2464 [autem]
2066 2378 2135 2442 in
2178 2396 2281 2442 se-

213 2469 453 2548 cundo,
505 2469 685 2534 utilia
692 2495 711 2548 3
765 2470 926 2538 haec
964 2483 1180 2538 autem
1224 2471 1436 2548 tertia,
1490 2471 1642 2554 quia
1690 2481 1937 2558 partem
1980 2469 2281 2536 honesta-

211 2564 296 2628 tis
331 2563 658 2630 continent
691 2573 758 2629 et
793 2565 942 2649 quia
976 2565 1176 2631 maior
1210 2575 1310 2630 est
1343 2563 1442 2629 vis
1478 2563 1850 2642 honestatis,
1885 2564 2103 2629 iuncta
2136 2585 2281 2630 esse

214 2657 472 2724 omuino
509 2679 590 2722 ex
625 2658 862 2743 duplici
895 2656 1130 2744 genere
1163 2657 1639 2744 intellegentur3
1694 2657 1810 2722 sed
1842 2657 1911 2722 in
1954 2656 2281 2722 meliorem

212 2760 462 2838 partem
496 2750 792 2816 vocabuli
833 2751 1240 2816 conferantur
1275 2761 1340 2814 et
1371 2751 1643 2816 honesta
1683 2751 2107 2816 nominentur.
2196 2773 2277 2814 ex

215 2845 316 2910 his
377 2843 536 2909 illud
595 2844 951 2924 conficitur,
1011 2854 1084 2909 ut
1132 2845 1553 2932 petendarum
1606 2839 1819 2910 rerum
1876 2853 2091 2931 partes
2154 2842 2285 2910 sint

215 2939 518 3004 honestas
572 2949 637 3004 et
685 2938 954 3018 utilitas,
1007 2938 1411 3005 vitandarum
1460 2939 1783 3026 turpitudo
1837 2950 1903 3006 et
1950 2937 2275 3004 inutilitas.

215 3033 316 3100 his
360 3034 552 3122 igitur
604 3035 850 3102 duabus
901 3036 1094 3102 rebus
1145 3059 1252 3103 res
1297 3037 1461 3102 duae
1504 3036 1779 3124 grandes
1826 3047 1975 3102 sunt
2018 3036 2282 3103 attribu-

215 3140 348 3208 tae,
383 3129 786 3197 necessitudo
823 3140 888 3196 et
921 3131 1226 3210 adfectio,
1281 3153 1551 3216 quarum
1585 3131 1785 3197 altera
1817 3154 1901 3198 ex
1935 3131 2027 3210 vi,
2084 3131 2283 3196 altera

217 3247 299 3289 ex
339 3245 408 3290 re
454 3235 520 3290 et
568 3225 860 3312 personis
914 3225 1367 3292 consideratur.
1459 3224 1539 3291 de
1581 3236 1848 3310 utraque
1898 3231 2046 3312 post
2100 3247 2280 3312 aper-

215 3317 344 3472 tisss
377 3319 873 3402 perscribemus3
927 3341 1098 3385 nunc
1141 3319 1493 3386 honestatis
1538 3321 1815 3386 rationes
1858 3321 2135 3409 primum
2170 3343 2281 3385 ex-

216 3431 262 3496 p
310 3430 546 3477 cemus.

179 1268 422 1313 ·merus
475 1247 876 1313 vitandarum
929 1270 1011 1313 ex
1061 1247 1376 1311 contraria
1425 1255 1628 1332 parte.
1731 1266 1883 1308 nam
1936 1253 2037 1310 est
2088 1244 2271 1329 quid·
2308 1226 2387 1269 ²⁶⁷

2315 2218 2397 2261 158

341 3502 538 3585 Quod
572 3515 682 3569 aut
715 3516 919 3572 totum
963 3517 1072 3572 aut
1112 3507 1328 3592 aliqua
1369 3531 1453 3574 ex
1493 3519 1673 3596 parte
1716 3519 1977 3596 propter
2014 3531 2085 3574 se
2117 3507 2280 3593 peti·
2314 3503 2391 3618 515}

218 3610 350 3676 tur,
413 3596 752 3664 honestum
809 3600 1304 3678 nominabimus,
1369 3623 1498 3686 qua
1546 3623 1644 3680 re,
1708 3623 1855 3666 cum
1916 3602 2051 3667 eius
2116 3601 2279 3666 duae

216 3703 431 3780 partes
497 3691 651 3771 sint,
713 3716 981 3778 quarum
1031 3695 1232 3760 altera
1290 3695 1590 3782 simplex,
1653 3695 1850 3761 altera
1908 3695 2124 3760 iuncta
2176 3693 2277 3774 sit,

219 3787 574 3874 simplicem
613 3786 790 3874 prius
845 3788 1337 3857 consideremus.
1428 3800 1529 3855 est
1569 3789 1763 3876 igitur
1804 3791 1873 3854 in
1916 3811 1993 3856 eo
2044 3811 2279 3876 genere

219 3881 426 3947 omnis
459 3904 564 3948 res
600 3905 730 3949 una
762 3881 829 3948 vi
865 3893 1054 3968 atque
1089 3905 1216 3950 uno
1251 3883 1507 3950 nomine
1543 3884 1838 3971 amplexa
1872 3883 2092 3960 virtus,
2129 3905 2281 3947 nam

217 3975 420 4040 virtus
457 3988 554 4043 est
589 3977 784 4046 animi
817 3977 1074 4044 habitus
1107 3989 1371 4046 naturae
1406 3978 1595 4044 modo
1642 3987 1831 4061 atque
1865 3976 2094 4043 rationi
2129 3998 2280 4044 con-
