2784 4575
16 3068 23 3093 ψ-
16 2848 23 3061 Ᾰ--Ἵ--Ἷ--ᾼ

863 249 1236 330 ‘neurus
1273 253 1581 310 les-202.
1712 317 1716 320 ,
1905 274 1920 296 x
2148 243 2275 311 241

216 379 405 457 illud,
459 376 632 463 quod
663 373 902 464 populo
912 435 926 439 1.
937 396 1068 442 non
1099 373 1431 463 probatur,
1483 381 1565 443 'ne
1599 370 1991 466 intellegenti
2026 380 2281 465 quidem

222 469 554 560 [auditori]
600 468 858 558 probari
899 479 1138 556 potest3
1191 481 1264 536 ut
1307 469 1478 537 enim
1521 492 1603 537 ex
1634 493 1976 538 nervorum
2020 497 2178 540 sono
2213 476 2281 542 in

87 633 96 638 ,
218 567 451 634 fidibus
489 587 679 651 quam
714 563 987 630 scienter
1019 562 1082 630 ei
1112 563 1282 651 pulsi
1319 563 1465 644 sint,
1509 563 1793 654 intellegi
1828 563 2017 644 solet,
2070 567 2167 636 sic
2200 591 2281 635 ex

222 659 575 728 animorum
601 667 779 725 motu
803 657 1100 736 cernitur,
1137 657 1292 743 quid
1316 659 1663 724 tractandis
1696 659 1797 724 his
1823 659 2108 748 perficiat
2141 685 2285 728 orae

223 769 344 824 tor.
429 755 646 840 itaque
687 765 748 820 et
788 751 1168 839 intellegens
1221 752 1474 820 dicendi
1508 752 1930 836 existimator,
1984 767 2043 822 et
2082 759 2281 843 quivis

220 873 379 916 unus
414 851 490 915 de
507 849 750 936 populo
785 868 918 914 non
951 845 1252 912 adsidens
1288 857 1354 912 et
1385 857 1624 913 attente
1660 827 1957 928 audiens,
2002 851 2117 916 sed
2150 873 2279 917 uno

220 952 487 1032 aspectu
535 954 602 1009 et
649 941 1038 1030 praeteriens
1092 941 1172 1007 de
1226 933 1476 1008 oratore
1530 964 1721 1030 saepe
1780 942 2045 1010 iudicat.
2106 947 2283 1012 videt

219 1041 598 1112 oscitantem
645 1038 949 1116 iudicem,
1011 1038 1377 1124 loquentem
1428 1060 1575 1104 cum
1627 1038 1855 1118 altero,
1916 1063 2045 1106 non
2096 1060 2281 1105 num-

2312 781 2395 821 200

222 1158 415 1221 quam
459 1133 651 1200 etiam
691 1132 1130 1212 circulantem,
1173 1133 1529 1199 mittentem
1572 1133 1655 1198 ad
1697 1133 1917 1214 horas,
1946 1134 2280 1218 ‚quaesito-
2332 1175 2335 1180 -

219 1251 387 1308 rem,
450 1239 522 1293 ut
573 1227 876 1306 dimittat,
935 1238 1266 1313 rogantem
1279 1251 1299 1292 e
1358 1227 1670 1314 intellegit
1720 1239 2033 1294 oratorem
2083 1227 2152 1292 in
2202 1251 2281 1294 ea

221 1343 416 1396 causa
455 1344 588 1387 non
631 1322 886 1398 adesse,
939 1320 1048 1404 qui
1089 1321 1296 1406 possit
1339 1321 1565 1386 animis
1616 1321 1897 1386 iudicum
1940 1323 2283 1387 admovere
2370 1347 2373 1350 ⁴

221 1416 571 1484 orationem
605 1425 931 1499 tamquam
971 1414 1206 1480 fidibus
1255 1436 1543 1481 manum:
1595 1415 1765 1482 idem
1801 1415 1857 1481 si
1888 1416 2277 1502 praeteriens

221 1509 542 1597 aspexerit
583 1519 828 1576 erectos
880 1508 1182 1575 intuentis
1235 1507 1508 1588 iudices,
1558 1521 1634 1574 ut
1674 1520 1785 1576 aut
1826 1509 2037 1576 doceri
2082 1509 2163 1576 de
2206 1532 2279 1576 re

219 1605 410 1688 idque
445 1603 637 1670 etiam
671 1603 848 1670 voltu
881 1603 1152 1690 probare
1195 1603 1558 1682 videantur,
1612 1614 1722 1678 aut
1753 1614 1826 1668 ut
1868 1626 2053 1669 avem
2088 1614 2279 1669 cantu

223 1699 461 1782 alique,
515 1697 610 1764 sic
652 1698 796 1764 illos
838 1697 1070 1763 viderit
1119 1697 1403 1764 oratione
1448 1697 1631 1783 quasi
1684 1720 2031 1784 suspensos
2076 1697 2277 1763 teneri

223 1803 362 1870 aut,
406 1791 476 1857 id
509 1792 682 1877 quod
712 1791 988 1858 maxime
1023 1813 1186 1879 opus
1223 1801 1348 1870 est,
1394 1791 1855 1869 misericordia,
1891 1791 2066 1869 odio,
2100 1801 2279 1856 motu

223 1885 418 1950 animi
443 1884 652 1969 aliquo
685 1886 1084 1971 perturbatos
1121 1907 1266 1951 esse
1301 1884 1768 1952 vehementius.
1804 1907 1883 1950 ea
1918 1883 1972 1949 si
1998 1895 2283 1970 praeter-

219 1981 389 2060 iens,
431 1991 506 2046 ut
548 1979 707 2074 dixi,
753 1981 1099 2067 aspexerit,
1147 1978 1203 2045 si
1245 1979 1405 2044 nihil
1439 1979 1777 2058 audiverit,
1822 1990 2035 2044 tamen
2070 1989 2281 2044 orato-

219 2096 357 2140 rem
389 2073 630 2140 versari
663 2073 731 2138 in
762 2073 872 2140 illo
897 2073 1128 2140 iudicio
1165 2083 1231 2140 et
1263 2095 1425 2161 opus
1454 2073 1805 2140 oratorium·
1820 2072 1959 2139 fieri
1993 2083 2103 2138 aut
2134 2094 2283 2160 per-

222 2169 514 2235 fectum
494 2193 623 2235 iam
658 2193 804 2236 esse
837 2170 1124 2256 profecto
1157 2168 1504 2256 intelleget.
1622 2181 1629 2188 ’

343 2261 514 2329 Cum
545 2263 707 2329 haec
741 2262 1206 2342 disseruissem,
1241 2274 1507 2350 uterque
1544 2263 1855 2329 adsensus
1892 2271 2018 2341 est3
2056 2271 2121 2327 et
2154 2271 2297 2347 ego..

223 2366 548 2439 tamquam
583 2355 665 2420 de
697 2354 945 2441 integro
981 2356 1236 2423 ordiens
1289 2357 1573 2442 ‘quando
1626 2356 1843 2443 igitur’
1899 2357 2160 2439 inquam
2211 2360 2282 2417 ‘a

225 2446 420 2515 Cotta
453 2458 518 2513 et
553 2446 838 2535 Sulpicio
873 2448 1034 2515 haec
1077 2450 1283 2516 omnis
1323 2450 1505 2514 fluxit
1538 2450 1765 2527 oratio,
1812 2471 1958 2516 cum
1992 2449 2113 2513 hos
2144 2464 2299 2509 ma-

221 2542 394 2609 xime
437 2539 670 2607 iudicio
711 2541 964 2607 illorum
1016 2542 1344 2609 hominum
1387 2552 1453 2607 et
1494 2542 1661 2605 illius
1707 2542 1929 2606 aetatis
1969 2537 2281 2601 dixissem

221 2637 556 2745 probatos,
607 2645 890 2701 revertar
925 2634 1008 2701 ad
1042 2658 1154 2701 eos
1198 2634 1406 2721 ipsos3
1462 2645 1597 2699 tum
1637 2633 1943 2714 reliquos,
1986 2639 2067 2693 ut
2098 2628 2281 2692 insti-

225 2728 346 2807 tui,
401 2728 700 2815 deinceps
737 2750 1103 2815 persequar.
1192 2728 1490 2811 quoniam
1524 2744 1679 2809 ergo
1722 2734 2057 2788 oratorum
2080 2712 2281 2786 bono-

222 2845 370 2888 rum
398 2856 488 2871 --
506 2821 638 2889 hos
683 2822 854 2887 enim
896 2820 1256 2907 quaerimus
1287 2856 1382 2871 --
1414 2821 1541 2883 duo
1575 2838 1811 2903 genera
1856 2825 2030 2893 sunt,-
2082 2836 2281 2879 unum

229 2925 548 2983 attenuate
598 2938 974 3003 presseque,
1038 2915 1331 2981 altemm
1359 2911 1607 2977 sublate
1669 2908 2035 2996 ampleque
2066 2908 2281 2973 dicen-

226 3008 413 3075 tium·
465 3009 586 3075 etsi
619 3010 690 3075 id
720 3009 946 3076 melius
983 3018 1102 3085 est,
1139 3006 1311 3091 quod
1345 3004 1737 3093 splendidius
1772 3014 1841 3069 et
1870 3002 2281 3089 magnificen-

227 3102 383 3182 tius,
419 3113 632 3170 tamen
665 3104 744 3169 in
766 3104 950 3170 bonis
989 3101 1227 3179 omnia,
1273 3122 1434 3185 quae
1472 3120 1719 3165 summa
1754 3106 1930 3177 sunt,
1973 3096 2109 3162 iure
2144 3095 2281 3160 lau-

227 3197 484 3278 dantur3
547 3198 664 3265 sed
719 3197 1008 3263 cavenda
1057 3204 1155 3261 est
1216 3218 1440 3281 presso
1490 3193 1585 3258 illi
1644 3192 1876 3259 oratori
1937 3192 2152 3278 inopia
2214 3203 2278 3257 et

225 3290 549 3368 ieiunitas,
603 3290 814 3377 amplo
864 3290 1078 3355 autem
1125 3288 1414 3354 inflatum
1455 3298 1521 3353 et
1564 3297 1926 3373 corruptum
1977 3284 2275 3352 orationis

228 3404 452 3469 genus.
539 3381 900 3447 inveniebat
923 3382 1146 3469 ¹igitur
1197 3391 1380 3447 acute
1428 3377 1648 3459 Cotta,
1702 3379 1952 3457 dicebat
1994 3400 2153 3465 pure
2207 3398 2296 3443 ac‘

231 3476 465 3553 solute3
527 3485 594 3539 et
642 3477 738 3540 ut‘
767 3476 850 3541 ad
897 3475 1326 3541 infirmitatem
1375 3475 1644 3541 laterum
1694 3474 2097 3562 perscienter·
2132 3494 2283 3538 con-

227 3568 574 3636 tentionem
625 3590 878 3635 omnem
927 3568 1284 3647 remiserat,
1339 3568 1433 3634 sic
1478 3568 1561 3635 ad
1612 3566 1840 3633 virium
1889 3562 2283 3632 imbecillita-

227 3674 362 3731 tem
411 3662 660 3727 dicendi
713 3659 1241 3757 adcommodabat
1300 3684 1527 3750 genus.
1632 3660 1789 3725 nihil
1840 3670 1977 3725 erat
2025 3660 2091 3725 in
2144 3659 2280 3725 eius

229 3755 512 3824 oratione
553 3756 679 3823 nisi
731 3752 1056 3823 sincerum
1059 3802 1078 3836 ,
1129 3754 1286 3823 nihil
1327 3754 1454 3823 nisi
1506 3755 1743 3823 siccum
1792 3765 1983 3839 atque
2026 3776 2281 3819 sanum.

229 3851 510 3935 illudque
537 3849 903 3929 maximum,
919 3852 1094 3935 quod
1121 3871 1266 3917 cum
1285 3850 1685 3917 contentione
1712 3848 2010 3915 orationis
2028 3847 2283 3913 flectere

229 3944 477 4011 animos
517 3945 798 4011 iudicum
839 3944 950 4011 vix
989 3956 1212 4033 posset
1253 3966 1374 4011 nee
1415 3944 1671 4011 omnino
1716 3964 1795 4009 eo
1836 3962 2069 4029 genere
2110 3941 2285 4007 diee-

227 4046 354 4117 ret,
398 4038 727 4106 tractando
771 4050 985 4107 tamen
1035 4038 1431 4127 impellebat
1407 4084 1430 4117 ,
1478 4048 1553 4103 ut
1592 4036 1762 4102 idem
1803 4035 2086 4101 facerent
2128 4056 2167 4101 a
2208 4054 2283 4100 se

337 4139 386 4184 ci
391 4140 559 4185 cer-onis
576 4141 661 4185 vo!-
685 4139 746 4185 11.
1876 4140 1938 4189 16

2312 2256 2381 2311 55

2314 2330 2392 2371 201

2312 3217 2391 3258 202
