2784 4575
348 245 354 252 '
450 263 586 330 226
1071 271 1453 330 M.0TUL1.11
1487 269 1889 330 mosaoms

452 419 666 476 suum;
720 395 831 481 qui
863 395 1024 462 liber
1055 394 1252 462 nihilo
1294 393 1505 461 notior
1546 405 1645 462 est
1687 416 1881 479 quam
1911 393 2005 459 illi
2038 405 2198 475 tres,
2254 397 2333 464 de
2369 398 2509 482 qui-

341 517 416 562 13³
449 492 572 558 bus
608 499 756 555 ante
791 488 942 568 dixi,
979 485 1207 554 Scauri
1238 487 1425 554 libri.’
1509 497 1647 552 tum
1678 487 1921 554 Brutus
1975 488 2161 554 ‘mihi
2207 491 2505 575 quidem,’

449 583 680 669 inquit,
734 588 885 648 ‘nec
915 581 1038 648 iste
1070 592 1262 648 notus
1298 591 1402 647 est
1441 601 1562 647 nec
1592 580 1715 660 illi3
1770 583 1887 647 sed
1930 581 2091 648 haec
2130 606 2278 649 mea
2318 585 2509 672 culpa

450 689 578 744 est:
612 697 960 762 numquam
993 675 1164 741 enim
1195 675 1264 740 in
1297 697 1523 740 manus
1556 673 1939 755 inciderunt3
1988 697 2160 742 nunc
2194 687 2408 752 autem
2442 691 2507 744 et

450 795 493 836 a
525 781 589 838 te
623 791 872 837 sumam
913 780 979 835 et
1013 768 1381 854 conquiram
1423 769 1551 834 ista
1598 768 1867 856 posthac
1914 769 2266 838 curiosius.'
2356 772 2508 837 ‘fuit

448 864 644 952 igitur
685 863 754 930 in
793 860 1028 930 Catulo
1075 882 1284 929 sermo
1317 859 1630 941 Latinus3
1683 884 1847 947 quae
1888 862 2029 930 laus
2082 864 2335 930 dicendi
2374 888 2507 931 non

449 956 786 1024 mediceris
831 957 914 1022 ab
958 955 1311 1023 oratoribus
1354 954 1677 1042 plerisque
1727 955 2020 1043 neglecta
2060 968 2187 1022 est:
2240 981 2387 1024 nam
2420 959 2501 1024 de

452 1074 609 1118 sono
651 1049 828 1118 vocis
875 1060 940 1116 et
981 1048 1294 1115 suavitate
1345 1047 1865 1136 appellandarum
1913 1048 2293 1130 litterarum,
2346 1073 2502 1136 quo-

449 1145 622 1210 niam
645 1143 846 1210 filium
873 1141 1246 1229 cognovisti,
1273 1142 1407 1208 noli
1432 1153 1800 1230 exspectare
1826 1143 1980 1227 quid
2004 1144 2228 1210 dicam.
2282 1166 2505 1230 quam-

451 1260 644 1322 quam
692 1237 860 1302 filius
910 1236 1166 1320 quidem
1206 1257 1338 1302 non
1388 1235 1513 1302 fuit
1554 1237 1622 1302 in
1674 1246 1995 1303 oratorum
2044 1259 2331 1318 numero,
2385 1239 2505 1306 sed

449 1354 580 1396 non
622 1329 840 1396 deerat
881 1329 942 1394 ei
983 1339 1198 1394 tamen
1238 1328 1306 1393 in
1347 1328 1663 1395 sententia
1716 1328 1986 1396 dicenda
2034 1350 2177 1396 cum
2224 1332 2502 1419 pruden-

449 1423 540 1488 tia
591 1434 728 1488 tum
778 1423 1038 1509 elegans
1091 1421 1413 1507 quoddam
1456 1433 1522 1488 et
1564 1422 1881 1488 eruditum
1922 1423 2221 1491 orationis
2272 1445 2501 1512 genus.

341 1544 418 1584 1³4
450 1537 568 1582 nec
602 1515 856 1582 habitus
892 1527 993 1582 est
1025 1526 1238 1582 tamen
1269 1525 1452 1603 pater
1484 1515 1624 1603 ipse
1653 1514 1922 1583 Catulus
1956 1517 2253 1606 princeps
2286 1519 2355 1585 in
2385 1543 2503 1587 nu-

448 1631 624 1676 mero
657 1621 1097 1698 patronorum,
1154 1610 1270 1676 sed
1305 1620 1443 1676 erat
1476 1609 1651 1688 talis,
1695 1620 1795 1690 ut,
1850 1629 1997 1676 cum
2030 1613 2345 1696 quosdam
2374 1637 2501 1680 una

450 1703 731 1785 audires,
784 1704 895 1790 qui
947 1715 1082 1770 tum
1131 1715 1311 1770 erant
1362 1713 1787 1790 praestantes,
1841 1703 2161 1772 videretur
2212 1728 2357 1774 esse
2406 1707 2501 1774 in-

449 1797 669 1879 ferior,
706 1820 854 1865 cum
889 1809 1102 1864 autem
1134 1798 1346 1884 ipsum
1380 1797 1633 1863 audires
1670 1796 1808 1864 sine
1841 1800 2337 1885 comparatione,
2372 1821 2503 1868 non

339 1917 416 1958 185
450 1892 641 1958 modo
694 1902 1027 1957 contentus
1080 1913 1289 1970 esses,
1343 1891 1461 1958 sed
1508 1891 1739 1958 melius
1788 1913 1919 1958 non
1971 1914 2326 1976 quaereres.
2412 1893 2499 1976 Q.

448 1984 754 2050 Metellus
787 1984 1160 2050 Numidicus
1197 1994 1264 2050 et
1295 1983 1433 2049 eius
1470 1984 1738 2071 conlega
1769 1983 1867 2050 M.
1905 1981 2164 2052 Silanus
2208 1987 2499 2054 dicebant

451 2079 530 2143 de
563 2101 634 2145 re
666 2077 946 2164 publica,
991 2078 1164 2161 quod
1197 2088 1370 2143 esset
1402 2078 1529 2144 illis
1562 2079 1715 2144 viris
1752 2089 1819 2145 et
1858 2080 2173 2146 consulari
2206 2081 2496 2169 dignitati

452 2171 626 2236 satis.
711 2169 810 2235 M.
846 2170 1148 2236 Aurelius
1188 2167 1471 2238 Scaurus
1514 2195 1644 2239 non
1680 2194 1872 2261 saepe
1915 2174 2189 2254 dicebat,
2234 2176 2350 2242 sed
2379 2199 2497 2263 po-
2554 2244 2567 2261 ‚,

447 2263 587 2342 lite3
639 2259 874 2330 Latine
926 2285 1079 2332 vero
1113 2263 1182 2331 in
1224 2264 1445 2352 primis
1493 2277 1591 2333 est
1632 2267 1958 2355 eleganter
2007 2269 2284 2350 locutus3
2336 2292 2498 2356 quae

446 2357 587 2421 laus
656 2356 880 2422 eadem
939 2356 1007 2423 in
1058 2358 1146 2423 A.
1198 2358 1441 2427 Albino
1502 2358 1693 2447 [bene
1752 2362 2079 2451 loquendi]
2142 2363 2291 2443 fuit3
2349 2387 2501 2431 nam

444 2450 676 2516 flamen
709 2449 987 2516 Albinus
1026 2451 1217 2519 etiam
1250 2452 1318 2518 in
1351 2476 1615 2521 numero
1659 2466 1760 2522 est
1792 2457 2046 2523 habitus
2092 2457 2497 2538 disertorum3

448 2542 532 2627 Q.
587 2544 775 2611 etiam
830 2543 1103 2633 Caepio,
1159 2547 1257 2613 vir
1308 2569 1456 2614 acer
1506 2560 1571 2615 et
1620 2550 1832 2632 fortis,
1892 2551 1996 2617 cui
2046 2552 2300 2619 fortuna
2348 2553 2500 2619 belli

343 2635 413 2691 36
449 2636 718 2715 crimini,
769 2638 1010 2705 invidia
1041 2640 1263 2729 populi
1295 2642 1639 2708 calamitati
1672 2644 1813 2710 fuit.
1901 2656 2038 2711 tum
2072 2646 2263 2713 etiam
2296 2644 2375 2713 C.
2410 2646 2498 2714 L.

333 2708 412 2748 ¹⁸⁶
445 2729 742 2797 Memmii
788 2730 1049 2799 fuerunt
1098 2743 1380 2800 oratores
1431 2736 1814 2818 mediocres,
1869 2750 2269 2808 accusatores
2322 2762 2497 2807 acres

445 2833 633 2906 atque
677 2824 916 2903 acerbi3
967 2824 1186 2911 itaque
1227 2826 1295 2891 in
1337 2827 1641 2895 iudicium
1692 2831 1917 2918 capitis
1959 2833 2198 2900 multos
2232 2854 2501 2901 vocave-

441 2925 616 2993 runt,
667 2936 786 3001 pro
835 2916 964 2983 reis
1013 2940 1146 2985 non
1199 2941 1392 3008 saepe
1446 2922 1758 2988 dixerunt.
1849 2921 1965 3011 Sp.
2010 2924 2289 2993 Thorius
2342 2926 2499 2993 satis

443 3008 658 3075 valuit·
674 3010 742 3075 in
784 3011 1074 3099 populari
1114 3036 1352 3099 genere
1406 3010 1682 3093 dicendi,
1729 3016 1815 3095 is,
1869 3017 1977 3102 qui
2020 3040 2247 3103 agrum
2287 3021 2501 3105 publi-

443 3124 589 3167 cum
621 3101 851 3170 vitiosa
883 3114 950 3170 et
979 3104 1186 3171 inutili
1220 3106 1364 3193 lege
1408 3107 1702 3193 vectigali
1743 3108 1997 3175 levavit.
2081 3108 2182 3175 M.
2216 3110 2497 3177 Marcel-

440 3196 544 3261 lus
574 3195 920 3263 Aesernini
962 3208 1142 3284 pater
1183 3222 1316 3265 non
1356 3200 1465 3266 ille
1516 3199 1769 3285 quidem
1802 3201 1871 3267 in
1912 3201 2223 3289 patronis,
2278 3202 2394 3269 scd
2429 3215 2496 3271 et

439 3290 508 3353 in
540 3290 848 3381 promptis
883 3300 1098 3358 tamen
1131 3303 1196 3359 et
1227 3316 1358 3359 non
1400 3294 1825 3364 inexercitatis
1862 3290 1945 3363 ad
1979 3296 2319 3365 dicendum
2351 3298 2493 3381 fuit,

329 3406 407 3450 ω
441 3393 512 3449 ut
551 3384 720 3450 filius
765 3384 902 3451 eius
933 3384 1016 3451 P.
1049 3385 1390 3455 Lentulus.
1477 3388 1564 3455 L.
1608 3389 1801 3458 etiam
1844 3389 2066 3471 Cotta,
2117 3394 2495 3480 praetorius,

437 3477 508 3541 in
537 3477 950 3544 mediocrium
983 3488 1304 3547 oratorum
1337 3503 1622 3562 numero,
1656 3481 1909 3552 dicendi
1940 3508 2069 3553 non
2101 3486 2195 3553 ita
2226 3487 2496 3553 multum

439 3570 627 3637 laude
659 3583 1075 3659 processerat,
1112 3575 1231 3641 sed
1264 3577 1346 3644 de
1378 3576 1691 3645 industria
1715 3600 1863 3646 cum
1886 3579 2099 3647 verbis
2134 3592 2271 3647 tum
2305 3581 2495 3649 etiam

435 3662 582 3749 ipso
615 3686 773 3733 sono
809 3666 993 3751 quasi
1026 3668 1386 3739 subrustico
1429 3675 1930 3760 persequebatur
1974 3686 2163 3760 atque
2204 3676 2496 3742 imitaba-

439 3769 543 3823 tur
582 3758 1040 3843 antiquitatem.
1129 3772 1318 3849 atque
1359 3786 1483 3851 ego
1520 3776 1583 3832 et
1622 3766 1690 3831 in
1736 3767 1859 3835 hoc
1909 3769 2053 3856 ipso
2090 3766 2283 3835 Cotta
2327 3780 2393 3834 et
2425 3769 2495 3835 in

441 3849 581 3915 aliis
630 3850 918 3937 pluribus
969 3855 1272 3944 intellego
1313 3880 1419 3923 me
1460 3882 1591 3925 non
1630 3858 1721 3926 ita
1772 3861 2043 3928 disertos
2074 3862 2383 3928 ⁴homines
2428 3872 2495 3929 et

438 3942 757 4009 rettulisse
797 3945 865 4010 in
907 3959 1252 4015 oratorum·
1276 3972 1610 4017 numerum
1641 3963 1719 4019 et
1757 3954 2127 4043 relaturum3
2182 3966 2283 4021 est
2323 3956 2493 4021 enim

439 4035 832 4115 propositum
893 4040 1210 4128 conligere
1273 4064 1413 4125 eos,
1474 4046 1585 4131 qui
1618 4046 1741 4113 hoc
1796 4070 2059 4116 munere
2108 4048 2179 4115 in
2239 4047 2493 4117 civitate
