2784 4575
503 275 640 348 2132
1121 285 1200 344 Μ.
1239 281 1513 343 TULLH
1548 279 1950 377 GQOERONIS

405 489 412 494 ,
506 407 634 477 nisi
659 418 1097 487 monstratum,
1132 417 1458 492 nequeunt
1484 426 1890 494 cognoscere.
1938 426 2091 492 ergo
2116 404 2187 470 in
2210 404 2333 470 hac
2358 425 2587 484 causa,

413 1099 467 1140 56

503 527 674 590 ⁴quae
727 501 898 590 apud
951 501 1236 569 Graecos
1291 511 1392 566 est
1445 510 1826 587 pervagata,
1878 515 2025 564 cum
2064 499 2579 585 Epaminondae,

507 599 964 665 Thebanorum
1012 597 1356 684 imperator
1408 607 1751 672 accusatur,
1807 593 1981 678 quod
2022 593 2109 671 ei,
2164 593 2272 677 qui
2324 593 2449 660 sibi
2494 617 2582 662 ex

505 693 650 781 lege
699 703 956 782 praetor
1011 701 1434 768 successerat,
1499 687 1845 754 exercitum
1894 709 2025 754 non
2075 687 2403 755 tradiderit
2458 685 2578 774 [et‚

509 809 654 858 eum
695 808 936 874 paucos
971 786 1111 874 ipse
1155 785 1292 850 dies
1337 793 1559 850 contra
1597 783 1809 871 legem
1851 781 2201 848 exercitum
2241 781 2576 860 tenuisset,

506 880 1057 950 Lacedaemonios
1111 879 1399 946 funditus
1452 875 1631 964 vicit]
1644 925 1663 956 ‚
1716 875 1950 964 poterit
2001 885 2331 942 accusator
2383 899 2579 962 argu-

507 975 896 1054 mentatione
930 973 1025 1040 uti
1056 996 1173 1060 per
1205 972 1667 1050 inductionem,
1702 993 1849 1036 cum
1884 971 2189 1058 scriptum
2220 971 2382 1057 legis
2420 991 2576 1036 con·-

509 1081 610 1136 tra
651 1069 1034 1143 sententiam
1075 1067 1405 1146 defendet,
1460 1067 1545 1132 ad
1585 1066 1756 1132 hunc
1797 1066 2090 1132 modum.
2142 1065 2257 1143 ‘si,
2306 1065 2574 1144 iudices,

507 1165 594 1252 id,
633 1165 805 1257 quod
825 1163 1308 1254 Epaminondas
1338 1163 1429 1226 ait
1452 1160 1615 1246 legis
1642 1159 2015 1247 scriptorem
2042 1159 2341 1237 sensisse,
2378 1161 2579 1225 ascri-

459 1279 472 1294 ·
509 1257 622 1322 bat
655 1258 742 1321 ad
759 1243 988 1344 le‘gem
1023 1266 1088 1322 et
1123 1257 1316 1320 addat
1357 1255 1523 1322 hanc
1566 1254 2033 1341 exceptionem.
2076 1276 2277 1318 snm
2316 1276 2489 1327 oum
2522 1277 2577 1319 si

453 1367 466 1392 ¹
510 1373 642 1424 oms
683 1373 786 1420 nm
823 1371 1116 1419 mucan
1165 1367 1362 1417 eausa·
1400 1367 1742 1416 meorum
1780 1371 1905 1414 ιιοιι
1944 1370 2328 1427 mnmnnrr,
2371 1348 2578 1436 patie-

441 1459 460 1534 ζ
507 1444 702 1512 mini?
751 1468 882 1512 non
925 1446 1167 1532 opinor.
1257 1445 1413 1529 quid
1456 1444 1513 1510 si
1563 1453 1817 1510 vosmet
1854 1443 2010 1529 ipsi,
2064 1443 2237 1552 quod
2280 1467 2319 1507 a
2360 1453 2581 1509 vestra

410 2502 463 2543 5⁷

509 1539 816 1627 religione
869 1551 935 1606 et
991 1539 1304 1627 sapientia
1351 1537 1847 1606 remotissimum
1897 1549 2025 1616 est,
2076 1537 2261 1603 istius
2313 1537 2575 1602 honoris

512 1654 708 1700 causa
741 1636 906 1700 hanc
941 1635 1212 1700 eandem
1246 1633 1685 1721 exceptionem
1708 1631 1958 1698 iniussu
1991 1631 2211 1718 populi
2246 1631 2330 1696 ad
2362 1631 2578 1718 legem

511 1727 744 1796 ascribi
793 1727 1096 1807 iubeatis,
1149 1727 1426 1816 populus
1471 1727 1821 1793 Thebanus
1876 1725 1944 1791 id
1992 1726 2347 1811 patieturne
2396 1724 2577 1790 fieri?

505 1823 792 1909 profecto
825 1845 957 1890 non
989 1821 1284 1909 patietun
1347 1821 1519 1905 quod
1552 1843 1707 1907 ergo
1744 1818 1977 1885 ascribi
2010 1819 2093 1884 ad
2133 1818 2345 1906 legem
2386 1819 2575 1884 nefas

507 1927 633 1994 est,
669 1916 757 1990 id,
775 1917 975 2000 sequi,
1013 1915 1197 2000 quasi
1228 1915 1576 2004 ascriptum
1612 1913 1712 1993 sit,
1746 1924 1991 1978 rectum
2025 1912 2207 1979 vobis
2242 1913 2576 1978 videatur?

505 2010 658 2074 novi
683 2019 964 2075 vestram
985 2007 1514 2095 intellegentiam3
1550 2031 1680 2074 non
1704 2018 1919 2095 potest
1938 2007 2031 2074 ita
2052 2006 2274 2087 videri,
2308 2007 2573 2073 iudices.

509 2101 740 2186 quodsi
771 2100 998 2166 litteris
1037 2101 1268 2188 corrigi
1291 2123 1501 2186 neque
1536 2102 1621 2168 ab
1654 2101 1763 2168 ino
1788 2123 1997 2186 neque
2025 2125 2065 2168 a
2084 2101 2269 2168 vobis
2306 2101 2575 2188 scripto-

505 2195 595 2262 ris
631 2194 925 2260 voluntas
968 2206 1208 2282 potest,
1255 2197 1497 2275 videte,
1548 2219 1633 2262 ne
1672 2196 1874 2262 multo
1916 2195 2239 2282 indignius
2287 2197 2371 2262 sit
2391 2196 2474 2260 id
2502 2219 2576 2262 re

507 2299 574 2357 et
604 2287 836 2368 iudicio
873 2302 1086 2360 vestro
1121 2291 1378 2369 mutari,
1426 2292 1598 2375 quod
1630 2314 1713 2359 ne
1748 2292 1943 2357 verbo
1990 2291 2247 2402 quidem
2290 2312 2577 2357 commu-

507 2383 628 2449 tari
659 2385 911 2469 potest?
1003 2406 1078 2450 ac
1113 2386 1194 2451 de
1227 2385 1593 2453 inductione
1629 2385 1884 2469 quidem
1920 2374 2075 2453 satis
2109 2385 2178 2450 in
2211 2386 2579 2472 praesentia

508 2477 746 2543 dictum
781 2478 1058 2558 videtur-3
1113 2501 1282 2545 nunc
1317 2480 1619 2617 deinceps
1656 2479 2151 2547 ratiocinationis
2194 2480 2327 2545 vim
2362 2491 2427 2546 et
2456 2504 2581 2545 na-

507 2582 717 2637 turam
751 2574 1248 2640 consideremus.

403 2679 474 2733 34
624 2666 1050 2735 Ratiocinatio
1103 2679 1204 2735 est
1255 2668 1457 2735 oratio
1510 2690 1593 2735 ex
1642 2668 1787 2756 ipsa
1835 2690 1905 2735 re
1956 2668 2283 2755 probabile
2336 2668 2579 2753 aliquid

506 2761 790 2841 eliciens,
847 2764 1019 2849 quod
1062 2764 1427 2851 expositum
1471 2774 1537 2831 ct
1576 2786 1693 2850 per
1736 2784 1807 2829 se
1852 2762 2177 2850 cognitum
2234 2786 2351 2829 sua
2394 2786 2465 2829 se
2507 2762 2579 2827 vi

505 2866 570 2921 et
601 2857 844 2923 ratione
881 2858 1228 2925 confirmet.
1316 2858 1441 2926 hoc
1476 2858 1555 2924 de
1592 2880 1826 2967 genere
1874 2856 1983 2941 qui
2016 2856 2383 2943 diligentius
2421 2878 2579 2923 con-

508 2947 916 3025 siderandum
947 2962 1360 3035 putaverunt,
1406 2974 1552 3019 cum
1585 2952 1811 3018 idem·
1790 2975 1859 3015 ιιι
1892 2972 2019 3017 usu
2059 2950 2311 3017 dicendi
2344 2972 2581 3036 seque-

503 3051 748 3119 rentur,
809 3043 1140 3129 paululum
1190 3044 1258 3111 in
1308 3044 1743 3133 praecipiendi
1799 3044 2045 3111 ratione
2108 3046 2577 3113 dissenserunt:
2665 3060 2668 3065 ’

503 3156 656 3199 nam
705 3136 959 3221 partim-
991 3138 1270 3223 quinque
1327 3140 1465 3206 eius
1516 3138 1717 3227 partis
1770 3162 1915 3205 esse
1968 3139 2289 3218 dixerunt,
2342 3139 2577 3227 partim

504 3250 636 3297 non
675 3228 822 3317 plus
857 3251 1048 3314 quam
1079 3232 1150 3299 in
1191 3232 1306 3301 tris
1348 3234 1549 3321 partis
1594 3256 1789 3320 posse
1832 3233 2127 3300 distribui
2166 3244 2575 3320 putaverunt.

505 3342 726 3389 eorum
756 3324 1254 3400 controversiam
1277 3350 1411 3395 non
1436 3326 1911 3394 incommodum
1933 3327 2185 3393 videtur
2218 3350 2365 3393 cum
2398 3338 2577 3393 utrc-

501 3438 770 3501 rumque
801 3418 1045 3487 ratione
1081 3444 1427 3509 exponere3
1480 3445 1631 3489 nam
1664 3432 1731 3487 et
1762 3420 1975 3487 brevis
2013 3433 2115 3487 est
2143 3432 2211 3487 et
2254 3444 2387 3488 non
2432 3422 2575 3487 eius

502 3512 704 3591 modi,
739 3524 814 3579 ut
847 3514 1028 3584 alteri
1060 3540 1322 3603 prorsus
1359 3511 1517 3585 nihil
1554 3518 1762 3585 dicere
1794 3527 2116 3605 putentur,
2154 3528 2220 3583 et
2249 3517 2429 3583 locus
2466 3516 2577 3583 hie

502 3608 742 3673 nobis·
723 3633 792 3673 m
827 3608 1094 3677 dicendo
1129 3611 1388 3677 minime
1424 3612 1861 3699 neglegendus
1897 3612 2166 3678 videtur.

625 3701 757 3785 Qui
804 3714 1032 3791 putant
1073 3704 1142 3768 in
1175 3705 1475 3789 quinque
1528 3706 1721 3773 tribui
1766 3706 1966 3807 partis
2020 3716 2341 3793 oportere,
2396 3706 2575 3771 aiunt

499 3796 776 3885 primum
828 3798 1166 3877 convenire
1228 3821 1547 3887 exponere
1608 3824 1922 3868 summam
1983 3799 2575 3888 argumentationis,

502 3890 587 3956 ad
628 3890 796 3957 hunc
847 3892 1138 3959 modum.
1176 3892 1433 3960 ‘melius
1480 3894 1886 3974 adcurantur,
1940 3916 2103 3979 quae
2148 3894 2412 3961 consilio
2456 3916 2577 3981 ge-

501 3994 752 4061 rantur,
807 4007 999 4069 quam
1051 4008 1214 4072 quae
1259 3988 1398 4053 sine
1444 3988 1705 4054 consilio
1758 3987 2293 4055 administrantur.
2298 3988 2314 4015 ’
2402 3988 2579 4053 hanc

501 4074 774 4161 primam
805 4078 1054 4165 partem
1086 4092 1451 4161 numerant3
1489 4104 1630 4147 eam
1664 4082 1963 4173 deinceps
1998 4081 2349 4147 rationibus
2375 4080 2575 4146 variis
