2784 4575
475 194 608 261 200
1089 202 1168 257 M.
1205 200 1483 258 TULLII
1520 198 1925 257 CICERONIS

473 328 677 395 modi:
745 325 1170 393 coniecturam
1222 322 1675 389 divinationem
1729 346 1871 389 esse
1924 333 1990 389 et
2042 322 2220 388 stulti
2272 324 2552 411 scripto·
2710 320 2712 463 ⁴

473 423 564 487 ris
625 444 770 487 esse
819 443 950 487 non
1008 441 1202 506 posse
1255 418 1551 484 omnibus
1604 415 1685 483 de
1734 419 1925 483 rebus
1988 439 2243 496 cavere,
2308 419 2547 503 quibus

476 515 648 583 velit.

371 628 438 683 51
593 607 901 675 Definitio
939 616 1064 685 est,
1111 627 1256 671 cum
1289 604 1357 671 in
1391 605 1627 692 scripto
1672 606 1939 671 verbum
1982 605 2240 688 aliquod
2280 616 2383 673 cst
2426 630 2547 693 po-

477 706 696 782 situm,
735 702 915 767 cuius
951 701 1034 766 dc
1071 700 1136 765 vi
1171 699 1521 784 quaeritur,
1558 699 1680 767 hoc
1714 700 1933 766 modo:
1980 698 2114 765 lex:
2168 698 2299 783 Qm
2327 724 2393 767 m
2422 724 2545 767 m-

472 819 668 865 vnnsa
699 817 1080 863 mmsuw
1113 816 1321 861 zum
1352 816 1763 873 annonam,
1802 815 1989 860 om
2020 816 2388 874 amrium-03
2422 818 2541 863 no-

472 916 597 960 mm
627 913 802 958 imvm
837 914 915 955 m·
949 911 1147 955 onam
1182 910 1401 967 suffic,
1446 913 1550 962 om
1580 913 1645 955 m
1684 910 1845 955 mvn
1888 910 2317 956 msam.
2400 890 2534 956 duo

473 987 758 1072 quidam,
796 1006 942 1050 cum
975 984 1106 1049 iam
1138 982 1206 1048 in
1242 984 1369 1049 alto
1404 983 1809 1071 navigarent,
1847 994 1913 1048 et
1946 1004 2093 1049 cum
2126 1006 2347 1051 eorum
2378 982 2535 1050 alte-

469 1083 602 1147 rius
637 1080 850 1157 navis,
909 1078 1165 1144 alterius
1203 1100 1366 1144 onus
1406 1088 1606 1156 esset,
1652 1076 2035 1165 naufragum
2070 1077 2391 1161 quendam
2422 1101 2541 1144 na-

473 1184 712 1239 tantem
747 1184 812 1239 et
854 1192 1082 1238 manus
1129 1172 1212 1237 ad
1249 1195 1318 1239 se
1364 1172 1730 1237 tendentem
1774 1172 2054 1237 animum
2097 1172 2537 1250 adverterunt3

471 1266 904 1333 misericordia
938 1264 1238 1334 commoti
1278 1288 1509 1331 navem
1547 1265 1629 1331 ad
1664 1288 1811 1332 eum
1856 1265 2278 1353 applicarunt,
2333 1265 2541 1333 homi-

364 1388 440 1427 154
473 1384 622 1427 nem
675 1362 756 1425 ad
809 1382 878 1425 sc
933 1360 1324 1428 sustulerunt
1331 1384 1350 1439 3
1403 1369 1630 1447 postea
1682 1359 2001 1443 aliquanto
2052 1360 2229 1446 ipsos
2282 1382 2542 1446 quoque

474 1465 818 1541 tempestas
874 1454 1310 1521 vehementius
1370 1453 1608 1519 iactare
1662 1454 1896 1540 coepit,
1958 1476 2161 1538 usque
2222 1453 2413 1533 adeo,
2467 1468 2544 1521 ut

473 1550 766 1615 dominus
803 1549 1013 1628 navis,
1069 1571 1214 1614 cum
1249 1548 1422 1614 idem
1455 1548 1843 1635 gubernator
1878 1558 2077 1627 esset,
2126 1548 2195 1613 in
2232 1548 2543 1636 scapham

472 1645 845 1732 confugeret
869 1652 934 1709 et
956 1644 1106 1709 inde
1132 1642 1435 1721 funiculo,
1474 1642 1583 1725 qui
1612 1665 1651 1706 a
1676 1642 1874 1729 puppi
1898 1642 2203 1729 religatus
2232 1644 2542 1730 scapham

473 1740 786 1805 adnexam
821 1738 1138 1816 trahebat,
1173 1738 1352 1815 navi,
1391 1737 1604 1823 quoad
1636 1746 1886 1823 posset,
1930 1737 2364 1803 moderaretur
2372 1764 2393 1817 ;
2428 1738 2539 1805 ille

472 1845 708 1913 autem,
756 1834 934 1898 cuius
970 1853 1214 1897 merces
1251 1843 1459 1909 erant,
1503 1831 1571 1896 in
1615 1831 1899 1919 gladium
1944 1828 2039 1917 [in
2081 1828 2257 1919 navi]
2295 1832 2540 1899 ibidem

470 1924 890 1993 incumberet:
943 1926 1048 1991 hic
1080 1925 1186 1990 ille
1221 1926 1571 2013 naufragus
1612 1926 1695 1991 ad
1728 1925 2229 2015 gubernaculum
2264 1927 2539 1993 accessit

472 2033 538 2087 et
569 2023 736 2099 navi,
776 2021 987 2105 quoad
1018 2020 1243 2107 potuit,
1283 2030 1380 2085 est
1409 2020 1770 2107 opitulatus.
1818 2021 2053 2087 sedatis
2090 2031 2304 2087 autem
2328 2020 2537 2087 flucti-

471 2117 592 2180 bus
615 2126 680 2179 et
707 2124 1085 2199 tempestate
1112 2114 1240 2179 iam
1259 2125 1645 2181 commutata
1662 2115 1843 2182 navis
1871 2114 1938 2180 in
1962 2125 2216 2202 portum
2240 2115 2535 2201 pervehi-

471 2219 600 2285 tur3
636 2208 742 2273 ille
779 2218 1008 2285 autem,
1046 2208 1154 2293 qui
1188 2208 1257 2273 in
1289 2208 1574 2295 gladium
1600 2210 1990 2286 incubuerat,
2025 2209 2249 2275 leviter
2278 2210 2531 2275 saucius

469 2301 656 2368 facile
693 2325 774 2368 ex
807 2302 1064 2368 volnere
1101 2312 1202 2368 est
1233 2314 1577 2370 recreatus.
1632 2326 1864 2370 navem
1899 2325 2042 2368 cum
2078 2325 2269 2370 onere
2304 2304 2532 2370 horum

470 2395 658 2462 trium
713 2419 895 2462 suam
945 2397 1210 2482 quisque
1265 2421 1409 2464 esse
1465 2398 1635 2464 dicit.
1724 2398 1829 2463 hic
1880 2421 2100 2464 omnes
2160 2398 2395 2486 scripto
2449 2400 2531 2465 ad

468 2513 728 2557 caus-am
763 2491 1073 2558 accedunt
1107 2503 1172 2558 et
1214 2514 1296 2558 ex
1337 2493 1611 2560 nominis
1648 2493 1715 2557 vi
1746 2493 2027 2559 nascitur
2072 2493 2523 2571 controversia3

466 2610 616 2653 nam
661 2597 724 2654 et
765 2587 1120 2672 relinquere
1164 2611 1396 2654 navem
1442 2599 1506 2654 et
1547 2610 1874 2653 remanere
1916 2589 1984 2654 in
2025 2589 2203 2667 navi,
2258 2589 2528 2673 denique

465 2682 648 2748 navis
684 2681 827 2769 ipsa
862 2680 1016 2766 quid
1051 2681 1158 2760 sit,
1215 2681 1686 2764 definitionibus
1724 2691 2059 2767 quaeretur
2066 2708 2086 2761 ;
2140 2683 2384 2749 eisdem
2418 2707 2529 2748 au-

465 2786 596 2841 tem
631 2797 713 2840 ex
747 2775 903 2842 locis
941 2775 1235 2841 omnibus
1246 2824 1265 2855 ‚
1321 2777 1551 2861 quibus
1597 2776 1922 2842 definitiva
1956 2777 2347 2856 constitutio,
2403 2788 2529 2844 tra—

467 2870 758 2934 ctabitur.
976 2929 980 2936 .
2511 2900 2515 2904 ·

357 2987 432 3028 155
583 2963 772 3028 Nunc
823 2964 1126 3050 expositis
1175 2965 1266 3030 eis
1313 2965 1995 3052 argumentationibus,
2052 2988 2213 3050 quae
2256 2967 2323 3032 in
2363 2966 2526 3030 iudi-

467 3055 624 3122 ciale
659 3077 996 3123 causarum
1027 3081 1230 3146 genus
1289 3059 1877 3140 adcommodantur‚
1933 3059 2233 3147 deinceps
2265 3061 2332 3124 in
2364 3057 2521 3125 deli-

466 3150 819 3216 berativum
861 3174 1064 3238 genus
1113 3163 1177 3218 et
1221 3152 1787 3220 demonstrativum
1832 3153 2310 3242 argumentandi
2344 3152 2519 3218 locos

465 3254 528 3308 et
561 3254 902 3330 praecepta
944 3245 1264 3327 dabimus,
1316 3271 1448 3314 non
1493 3270 1618 3332 quo
1665 3271 1795 3312 non
1837 3247 1906 3314 in
1956 3249 2169 3332 aliqua
2222 3245 2523 3315 constitu-

465 3337 635 3402 tione
687 3337 892 3403 omnis
959 3361 1208 3428 semper
1271 3362 1468 3407 causa
1526 3353 1839 3420 versetur,
1906 3343 2021 3408 sed
2081 3343 2231 3427 quia
2288 3341 2525 3429 proprii

463 3444 676 3500 tamen
727 3433 954 3500 harum
1005 3457 1339 3502 causarum
1392 3436 1650 3522 quidam
1698 3438 1825 3504 loci
1876 3448 2052 3517 sunt,
2104 3460 2235 3505 non
2287 3461 2327 3502 a
2378 3460 2524 3504 con-

465 3528 787 3595 stitutione
833 3531 1137 3617 separati,
1194 3532 1309 3598 sed
1345 3533 1428 3596 ad
1462 3533 1605 3598 finis
1650 3532 1877 3600 horum
1920 3555 2227 3620 generum
2271 3533 2525 3598 adcom-

353 3647 428 3688 156
462 3623 718 3688 modati.
797 3647 949 3690 nam
981 3624 1191 3711 placet
1223 3625 1290 3690 in
1322 3625 1601 3691 iudiciali
1636 3649 1869 3715 genere
1902 3628 2095 3693 finem
2131 3648 2276 3693 esse
2312 3626 2526 3711 aequi-

463 3726 684 3795 tatem,
745 3716 870 3783 hoc
929 3727 1056 3796 est,
1115 3729 1364 3806 partem
1425 3721 1746 3806 quandam
1805 3721 2187 3800 honestati-s3
2248 3720 2317 3787 in
2370 3721 2527 3786 deli-

460 3809 746 3876 berativo
817 3823 1028 3878 autem
1088 3812 1422 3880 Aristoteli
1490 3815 1703 3901 placet
1768 3815 2132 3894 utilitatem,
2203 3814 2391 3882 nobis
2460 3825 2529 3881 et

463 3901 860 3970 honestatem
903 3917 968 3973 et
1007 3906 1372 3988 utilitatem;
1418 3909 1487 3974 in
1523 3910 2047 3990 demonstratiVO‚
2093 3909 2523 3976 honestatem:

1714 4005 1743 4036 Ο
