2784 4575
828 292 937 347 DE
973 290 1339 349 ORATORE
1374 292 1450 349 11.
1490 294 1792 349 [ol-110.
2247 283 2333 349 83

282 416 650 505 plerumque
686 437 771 480 ex
812 414 1036 493 futuri,
1087 437 1233 482 raro
1268 438 1349 481 ex
1390 415 1686 481 instantis
1731 426 1842 481 aut
1880 415 2053 483 facti.
2143 440 2332 505 saepe
2368 446 2450 489 106

284 509 475 577 etiam
504 532 610 576 res
645 530 775 576 non
810 509 895 575 sit
926 529 1155 587 necne,
1192 510 1309 575 sed
1342 510 1546 594 qualis
1583 509 1665 576 sit
1700 510 2020 595 quaeritur
2027 535 2050 590 3
2083 522 2156 575 ut
2191 532 2336 577 cum

282 606 368 671 L.
414 604 659 693 Opimii
702 626 961 671 causam
1013 604 1398 670 defendebat
1439 605 1610 692 apud
1651 605 1986 692 populum,
2041 605 2335 673 audiente

281 722 413 779 me,
452 698 531 765 O.
571 696 787 766 Carbo
822 698 1073 777 consul,
1108 697 1266 765 nihil
1301 698 1381 765 de
1420 697 1498 765 C,
1537 699 1814 766 Gracchi
1845 721 2003 765 nece
2037 700 2334 785 negabat,

283 794 399 860 sed
440 792 510 858 id
559 792 696 859 iure
746 816 863 881 pro
917 792 1122 858 salute
1171 793 1415 879 patriae
1465 794 1706 859 factum
1749 816 1892 860 esse
1935 794 2186 860 dicebat
2194 819 2213 873 3
2265 805 2339 859 ut

283 888 491 955 eidem
527 886 810 953 Carboni
845 886 1095 953 tribuno
1131 887 1337 975 plebis
1372 888 1497 953 alia
1541 898 1678 953 tum
1715 897 1928 953 mente
1961 910 2099 953 rem
2131 886 2339 974 publi-

282 1004 423 1049 cam
456 981 817 1069 capessenti
847 981 929 1046 P.
955 980 1303 1047 Africanus
1340 982 1420 1048 de
1455 982 1558 1049 Ti.
1598 981 1890 1049 Graccho
1925 982 2338 1069 interroganti

280 1077 698 1164 responderat
746 1076 882 1141 iure
936 1096 1194 1141 caesum
1244 1075 1475 1155 videri3
1527 1077 1664 1143 iure
1708 1086 1922 1141 autem
1973 1076 2186 1141 omnia
2227 1076 2338 1140 de-

283 1173 656 1251 fenduntur,
711 1192 873 1256 quae
908 1182 1057 1236 sunt
1090 1170 1226 1237 eius
1264 1171 1546 1257 generis,
1598 1181 1673 1237 ut
1706 1181 1817 1236 aut
1848 1170 2194 1257 oportuerit
2229 1180 2338 1235 aut

281 1268 531 1334 licuerit
564 1278 674 1333 aut
705 1288 971 1333 necesse
1006 1265 1199 1331 filerit
1231 1277 1343 1332 aut
1374 1265 1800 1353 imprudentia
1833 1277 1945 1331 aut
1977 1287 2132 1331 casu
2165 1265 2338 1330 facta

282 1383 427 1427 esse
468 1359 821 1427 videantur.
907 1359 1036 1425 iam
1077 1360 1232 1445 quid
1272 1370 1560 1438 vocetur,
1616 1360 1963 1444 quaeritur,
2017 1380 2161 1425 cum
2204 1381 2331 1443 quo

280 1455 477 1521 verbo
528 1455 679 1538 quid
732 1453 1180 1541 appellandum
1233 1455 1342 1533 sit,
1408 1452 1832 1533 contenditur3
1885 1464 1957 1519 ut
2007 1452 2164 1519 mihi
2211 1452 2337 1539 ipsi

283 1570 429 1613 cum
468 1548 593 1613 hoc
630 1546 913 1634 Sulpicio
964 1546 1087 1614 fuit
1126 1548 1194 1613 in
1227 1547 1510 1615 Norbani
1555 1570 1749 1614 causa
1793 1570 2040 1614 summa
2075 1559 2332 1613 conten-

282 1642 399 1721 ti03
461 1641 762 1728 pleraque
816 1641 985 1706 enim
1038 1641 1120 1708 de
1173 1641 1296 1720 eis,
1358 1664 1522 1727 quae
1573 1642 1658 1707 ab
1707 1641 1832 1708 isto
1883 1640 2334 1718 obiciebantur,

283 1757 429 1801 cum
464 1735 821 1813 confiterer,
858 1745 1071 1800 tamen
1107 1734 1189 1800 ab
1221 1735 1331 1801 illo
1365 1736 1763 1801 maiestatem
1797 1734 2106 1800 minutam
2138 1757 2338 1821 nega-

279 1830 457 1908 bam,
514 1851 594 1894 ex
628 1849 754 1912 quo
788 1828 983 1894 verbo
1018 1828 1162 1915 lege
1196 1829 1522 1916 Appuleia
1555 1840 1688 1896 tota
1728 1830 1840 1894 illa
1873 1851 2068 1894 causa
2098 1829 2336 1915 pende-

277 1923 406 1987 bat.
480 1932 667 2005 atque
700 1920 767 1985 in
802 1922 925 1987 hoc
949 1944 1181 2007 genere
1210 1943 1544 1988 causarum
1570 1945 1701 1989 non
1727 1922 1888 1987 nulli
1920 1922 2334 2009 praecipiunt,

283 2025 356 2080 ut
388 2016 655 2081 verbum
695 2015 872 2093 illud,
929 2016 1099 2100 quod
1132 2036 1390 2081 causam
1425 2016 1599 2096 facit,
1637 2016 1909 2081 dilucide
1939 2016 2336 2099 breviterque

278 2120 542 2194 uterque
604 2108 891 2188 definiat,
965 2109 1135 2193 quod
1192 2108 1346 2174 mihi
1409 2110 1666 2193 quidem
1731 2130 2038 2197 perquam
2096 2109 2336 2196 puerile

278 2202 481 2268 videri
516 2203 707 2269 solet:
755 2202 881 2267 alia
914 2212 1014 2267 cst
1048 2202 1247 2281 enim,
1294 2224 1441 2268 cum
1473 2203 1640 2269 inter
1675 2205 1894 2269 doctos
1930 2202 2218 2270 homines
2257 2203 2336 2267 de

280 2295 372 2361 eis
423 2296 581 2382 ipsis
633 2297 855 2375 rebus,
908 2318 1073 2381 quae
1126 2309 1462 2363 versantur
1511 2299 1580 2363 in
1633 2298 1902 2377 artibus,
1958 2298 2334 2385 disputatur,

279 2387 617 2455 verborum
652 2388 963 2468 definitio,
1015 2401 1090 2455 ut
1123 2411 1269 2456 cum
1304 2391 1654 2475 quaeritur,
1709 2391 1862 2476 quid
1897 2391 1981 2457 sit
2013 2415 2146 2468 are,
2185 2390 2337 2475 quid

283 2482 367 2550 sit
397 2481 532 2560 lex,
581 2481 734 2565 quid
770 2481 853 2546 sit
886 2482 1109 2548 civitas
1122 2532 1139 2558 ,
1184 2484 1253 2549 in
1286 2485 1516 2568 quibus
1551 2485 1675 2550 hoc
1706 2484 2016 2571 praecipit
2045 2484 2210 2549 ratio
2243 2494 2338 2549 at-

281 2598 404 2660 que
441 2574 753 2651 doctrina,
804 2585 880 2638 ut
911 2575 1010 2640 vis
1057 2577 1193 2642 eius
1235 2577 1357 2655 rei,
1413 2599 1602 2661 quam
1647 2577 1941 2656 definias,
2001 2576 2094 2642 sic
2129 2577 2338 2663 expri-

278 2681 516 2746 matur,
567 2679 641 2733 ut
681 2689 890 2752 neque
943 2669 1111 2734 absit
1160 2667 1500 2754 quicquam
1551 2691 1756 2753 neque
1809 2671 2084 2757 supersit
2091 2695 2110 2748 3
2166 2670 2337 2753 quod

282 2762 539 2846 quidem
588 2762 657 2826 in
704 2761 818 2828 illa
872 2783 1068 2828 causa
1116 2783 1327 2846 neque
1382 2761 1702 2850 Sulpicius
1754 2762 1908 2828 fecit
1955 2784 2163 2847 neque
2215 2785 2338 2850 ego

280 2856 490 2922 facere
526 2865 791 2922 conatus
836 2878 1008 2934 sum3
1060 2877 1212 2920 nam
1255 2867 1559 2941 quantum
1601 2867 1868 2941 uterque
1901 2867 2188 2922 nostrum
2221 2879 2338 2943 po-

280 2949 429 3028 tuit,
474 2950 647 3017 omni
682 2949 867 3039 copia
901 2950 1152 3015 dicendi
1188 2950 1501 3029 dilatavit,
1546 2950 1700 3035 quid
1734 2962 1908 3017 esset
1939 2949 2338 3016 maiestatem

278 3046 591 3112 minueret
646 3046 880 3112 etenim
916 3045 1197 3112 definitio
1229 3046 1507 3133 primum
1547 3045 1934 3133 reprehenso
1978 3045 2174 3110 verbo
2207 3067 2336 3111 uno

279 3152 391 3206 aut
451 3140 667 3207 addito
720 3151 831 3206 aut
889 3141 1147 3227 dempto
1211 3163 1403 3227 saepe
1467 3151 1874 3225 extorquetur
1925 3161 1961 3206 e
2011 3139 2304 3204 manibus
2315 3163 2335 3216 3

277 3234 509 3300 deinde
542 3257 775 3320 genere
818 3234 961 3322 ipso
1009 3234 1359 3301 doctrinam
1411 3235 1668 3301 redolet*
1699 3232 2338 3318 exercitationemque

278 3349 481 3414 paene
514 3329 849 3414 puerilem3
903 3341 1040 3395 tum
1072 3329 1141 3395 in
1176 3352 1436 3396 sensum
1471 3339 1536 3395 et
1567 3329 1634 3393 in
1666 3339 1945 3394 mentem
1979 3327 2204 3393 iudicis
2239 3327 2338 3391 in·-

280 3431 447 3486 trare
496 3437 627 3486 non
676 3432 917 3508 potest,
972 3434 1119 3489 ante
1170 3423 1340 3488 enim
1390 3422 1898 3511 praeterlabitur,
1953 3443 2144 3504 quam
2192 3442 2338 3506 per-

281 3523 468 3601 cepta
500 3524 619 3579 est.
709 3515 825 3579 sed
857 3515 924 3580 in
958 3539 1035 3582 eo
1072 3539 1333 3603 genere,
1368 3518 1437 3582 in
1471 3539 1598 3602 quo
1635 3517 1823 3602 quale
1859 3516 1945 3581 sit
1977 3513 2158 3599 quid,
2204 3536 2338 3578 am-

278 3607 545 3695 bigitur,
610 3607 860 3673 exsistit
910 3609 1102 3674 etiam
1154 3632 1236 3675 ex
1288 3610 1506 3697 scripti
1569 3609 2082 3698 interpretatione
2145 3627 2338 3694 saepe

280 3701 629 3781 contentio,
674 3700 743 3766 in
777 3723 901 3786 quo
937 3703 1113 3768 nulla
1144 3713 1359 3790 potest
1392 3727 1537 3770 esse
1577 3704 1703 3769 nisi
1737 3726 1819 3769 ex
1853 3701 2151 3788 ambiguo
2187 3721 2337 3766 con-

280 3797 619 3876 troversia3
671 3819 823 3862 nam
863 3795 1022 3862 illud
1072 3796 1311 3885 ipsum,
1368 3800 1541 3882 quod
1593 3797 1897 3884 scriptum
1940 3819 1979 3861 a
2025 3793 2338 3861 sententia

282 3889 626 3978 discrepat,
665 3913 869 3979 genus
907 3892 1226 3977 quoddam
1258 3891 1454 3958 habet
1487 3891 1795 3978 ambigui3
1851 3889 2021 3974 quod
2055 3899 2190 3954 tum
2225 3910 2337 3953 ex-

278 3984 576 4071 plicatur,
638 4007 786 4050 cum
839 4009 917 4052 ea
966 3986 1189 4065 verba,
1254 4008 1416 4071 quae
1480 3986 1736 4063 desunt,
1801 3993 2106 4071 suggesta
2165 3993 2333 4061 sunt,

278 4076 511 4162 quibus
558 4079 789 4144 additis
833 4079 1195 4167 defenditur
1240 4079 1617 4146 sententiam
1669 4077 1884 4165 scripti
1935 4075 2334 4166 perspicuam

1913 4181 1982 4234 60

2376 612 2401 636 ᾖ

2371 1383 2446 1425 107

2371 1946 2450 1986 108

2371 2696 2451 2736 109

2370 3509 2441 3564 26

2371 3583 2450 3622 110
