2784 4575
792 278 897 335 DE
936 276 1300 335 ORATORE
1335 278 1414 333 ΙΙ.
1449 278 1756 333 275-284.
2175 262 2300 327 123

240 420 369 486 tur-3
422 416 560 471 tum
597 404 765 470 enim
816 426 945 468 non
982 402 1106 480 sal,
1161 402 1277 467 sed
1328 412 1558 467 natura
1597 400 1836 465 ridetur
1844 426 1864 480 3
1917 400 1985 465 in
2021 422 2176 485 quc,
2227 409 2304 467 ut

240 500 398 567 mihi
430 499 708 577 videtur,
743 496 1102 583 persalsum
1136 495 1293 560 illud
1328 505 1429 560 est
1463 495 1633 582 apud
1665 494 1944 561 Novium

842 590 1024 675 ‘quid
1056 589 1297 676 ploras,
1332 589 1580 676 pater?’

415 686 676 753 ‘mirum
708 684 777 751 ni
812 695 1090 751 cantem:
1128 685 1583 751 condemnatus
1623 682 1804 748 sum?

242 782 389 849 huic
430 782 650 869 generi
684 778 868 865 quasi
903 778 1286 845 contrarium
1321 790 1423 844 est
1463 777 1712 845 ridiculi
1755 800 1959 864 genus
2003 775 2301 862 patientis

244 898 320 942 ac
354 876 537 953 lenti,
572 886 673 953 ut,
710 896 856 941 cum
894 871 1059 939 Cato
1093 894 1436 959 percussus
1475 882 1647 939 esset
1681 872 1761 937 ab
1797 894 1902 950 eo,
1949 870 2058 956 qui
2091 892 2303 935 arcam

243 970 519 1049 ferebat,
574 991 719 1034 cum
752 968 858 1033 ille
896 968 1134 1033 diceret
1170 974 1355 1033 ‘cave
1364 967 1404 1046 ‚'
1458 966 1710 1054 rogavit
1761 964 2096 1049 ‘numquid
2133 965 2304 1030 aliud

244 1064 442 1129 ferret
490 1073 743 1150 praeter
795 1062 1046 1128 arcam.'
1136 1072 1236 1128 est
1288 1062 1483 1128 etiam
1533 1059 1833 1127 stultitiae
1887 1060 2058 1125 salsa
2090 1080 2304 1145 repre-
2337 1084 2416 1125 280

244 1156 497 1234 hensio,
536 1165 609 1220 ut
640 1154 749 1221 ille
786 1154 1065 1233 Siculus,
1104 1155 1207 1221 cui
1240 1165 1496 1243 praetor
1533 1153 1748 1241 Scipio
1783 1164 2121 1240 patronum
2155 1174 2305 1218 cau-

246 1273 355 1323 sae
392 1248 585 1316 dabat
620 1248 939 1335 hospitem
974 1271 1189 1327 suum,
1225 1249 1548 1315 hominem
1581 1247 1889 1325 nobilem,
1935 1248 2052 1313 sed
2086 1246 2304 1312 admo-

243 1344 398 1408 dum
442 1343 724 1421 stultum‚
781 1342 1097 1427 ‘quaeso,’
1150 1342 1355 1426 inquit
1390 1349 1410 1379 ‘
1418 1352 1672 1429 praetor
1680 1390 1699 1420 ,
1754 1342 2114 1407 adversario
2158 1364 2302 1407 meo

243 1437 329 1501 da
359 1437 555 1501 istum
586 1447 953 1523 patronum,
990 1436 1219 1503 deinde
1254 1436 1413 1501 mihi
1446 1436 1762 1501 neminem
1797 1436 2089 1502 dederis.'
2167 1459 2304 1503 mo-

243 1540 399 1595 vent
429 1530 539 1595 illa
574 1531 796 1609 etiam,
850 1553 1011 1615 quae
1048 1530 1409 1597 coniectura
1444 1528 1861 1617 explanantur
1895 1530 2086 1617 longe
2123 1530 2304 1598 aliter

244 1634 435 1709 atque
474 1634 649 1701 sunt,
706 1625 823 1689 sed
858 1635 1041 1690 acute
1078 1635 1267 1709 atque
1304 1624 1639 1703 concinne3
1691 1634 1791 1703 ut,
1838 1646 1985 1690 cum
2021 1624 2302 1691 Scaurus

246 1728 575 1785 accusaret
596 1718 911 1783 Rutilium
946 1719 1241 1797 ambituS,
1281 1719 1592 1805 cumipse
1619 1719 1839 1784 consul
1867 1730 2040 1785 esset
2072 1720 2302 1797 factus,

244 1811 351 1877 ille
385 1812 706 1899 repulsam
763 1812 1038 1891 tulisset,
1094 1825 1159 1879 et
1189 1814 1257 1878 in
1293 1814 1430 1879 eius
1475 1814 1708 1879 tabulis
1745 1814 2107 1880 ostenderet
2138 1814 2306 1879 litte-

242 1928 349 1971 ras
401 1908 491 1971 A.
524 1907 603 1972 F.
640 1905 720 1971 P.
754 1906 837 1972 R.
872 1906 1065 1991 idque
1118 1907 1356 1973 diceret
1408 1930 1580 1987 esse,
1636 1919 1848 1973 actum
1891 1908 2018 1974 fide
2051 1908 2130 1973 P.
2165 1908 2306 1973 Ru-

243 1996 361 2063 tilii
370 2024 388 2078 3
434 1998 715 2065 Rutilius
752 2010 993 2079 autem,
1032 2011 1179 2066 ante
1213 2002 1480 2081 factum,
1527 2013 1676 2089 post
1707 2002 2008 2081 relatum3
2057 2000 2136 2069 C.
2176 2001 2306 2069 Ca-

242 2092 409 2171 nius,
446 2116 641 2179 eques
676 2094 1029 2173 Romanus,
1068 2117 1213 2161 cum
1246 2095 1421 2161 Rufo
1459 2097 1732 2174 adesset,
1771 2095 2111 2174 exclamat,
2147 2120 2306 2161 neu-

242 2200 411 2253 trum
444 2186 569 2252 illis
604 2187 829 2253 litteris
869 2187 1205 2254 declarari:
1262 2189 1445 2273 ‘quid
1480 2190 1696 2276 ergo?’
1753 2188 1958 2274 inquit
1993 2188 2303 2269 Scaurus3

244 2280 589 2346 ‘Aemilius
626 2282 795 2360 fecit,
830 2280 1125 2369 plectitur
1158 2283 1478 2350 Rutilius?
1524 2284 1808 2351 ridentur
1843 2284 2035 2351 etiam
2071 2282 2307 2352 discre-
2341 2277 2412 2332 7⁰

242 2373 463 2461 pantia
514 2375 696 2458 ‘quid
728 2375 876 2441 huic
912 2378 1095 2442 abest
1144 2377 1269 2442 nisi
1312 2401 1417 2444 res
1471 2389 1535 2444 et
1577 2379 1840 2444 virtus?'
1896 2379 2067 2444 bella
2115 2379 2306 2445 etiam
2339 2351 2418 2392 ²⁸¹

244 2479 347 2536 est
380 2469 707 2534 familiaris
759 2471 1168 2555 reprehensio
1221 2472 1407 2556 quasi
1452 2473 1747 2550 errantis3
1801 2481 1872 2536 ut
1917 2494 2062 2538 cum
2096 2471 2310 2536 obiur-

246 2563 427 2650 gavit
458 2561 728 2628 Albium
765 2562 1043 2629 Granius
1055 2613 1073 2644 ,
1130 2566 1329 2648 quod,
1385 2587 1530 2630 cum
1565 2565 1700 2630 eius
1739 2565 1969 2630 tabulis
2007 2565 2308 2651 quiddam

244 2659 329 2723 ab
364 2657 641 2722 Albucio
685 2658 1021 2742 probatum
1073 2659 1391 2724 videretur
1427 2669 1492 2722 et
1542 2657 1728 2724 valde
1782 2658 2072 2724 absoluto
2111 2656 2308 2723 Scae·-

246 2749 395 2818 vola
428 2751 735 2837 gauderet
766 2773 973 2835 neque
1006 2750 1402 2838 intellegeret
1435 2762 1656 2816 contra
1691 2773 1840 2816 suas
1877 2749 2126 2816 tabulas
2164 2773 2307 2817 esse

245 2845 595 2910 iudicatum
626 2843 663 2880 ³⁸*
698 2843 735 2880 ³⁸*
770 2843 807 2880 ³⁸*
823 2844 971 2910 huic
1017 2844 1237 2911 similis
1284 2855 1384 2910 est
1431 2845 1619 2912 etiam
1665 2843 2010 2911 admonitio
2053 2843 2122 2909 in
2155 2866 2307 2910 con·
2342 2867 2419 2908 282

249 2939 389 3005 silio
436 2938 645 3005 dando
688 2939 1049 3019 familiaris,
1102 2950 1203 3018 ut,
1258 2961 1404 3004 cum
1455 2949 1724 3028 patrono
1765 2937 1962 3016 malo,
2018 2959 2162 3004 cum
2194 2961 2309 3006 vo-

245 3055 389 3099 cem
440 3031 508 3097 in
559 3033 829 3100 dicendo
885 3033 1267 3112 obtudisset,
1324 3033 1636 3100 suadebat
1671 3031 1979 3112 Granius,
2032 3043 2105 3098 ut
2146 3033 2310 3098 mul-

248 3151 392 3194 sum
425 3125 729 3214 frigidum
763 3127 1027 3206 biberet,
1066 3127 1331 3194 simulac
1367 3128 1627 3194 domum
1659 3127 1948 3206 redisset,
1987 3127 2306 3214 ‘perdam’

244 3222 453 3306 inquit
506 3230 787 3302 ‘vocem‚
842 3224 899 3290 si
930 3224 999 3288 id
1032 3223 1300 3292 fecero?
1358 3223 1612 3291 ‘melius
1650 3219 1778 3288 est'
1849 3221 2054 3308 inquit
2088 3229 2308 3308 ‘quam

246 3315 465 3380 reum?
554 3317 795 3381 bellum
845 3317 1039 3384 etiam
1081 3330 1209 3396 est,
1264 3340 1411 3383 cum
1453 3318 1610 3403 quid
1652 3316 1877 3402 cuique
1923 3317 2008 3383 sit
2042 3339 2308 3384 consen-
2342 3344 2421 3385 283

247 3423 507 3472 taneum
560 3410 786 3474 dicitur
796 3436 815 3489 3
877 3423 976 3490 ut,
1032 3434 1177 3478 cum
1234 3411 1516 3480 Scaurus
1569 3435 1700 3478 non
1747 3412 1990 3478 nullam
2046 3412 2310 3477 haberet

248 3500 555 3566 invidiam
615 3525 698 3568 ex
758 3525 863 3582 eo,
926 3507 1097 3590 quod
1146 3505 1533 3594 Phrygionis
1591 3505 1912 3593 Pompeii,
1972 3505 2306 3592 locupletis

249 3590 552 3674 hominis,
614 3595 785 3662 bona
836 3597 973 3664 sine
1025 3610 1406 3667 testamento
1466 3601 1869 3688 possederat,
1934 3600 2308 3686 sederetque

249 3689 597 3756 advocatus
650 3713 761 3756 reo
794 3691 1082 3772 Bestiae,
1138 3716 1285 3759 cum
1334 3694 1528 3760 funus
1584 3695 1902 3780 quoddam
1955 3694 2308 3771 duceretur,

250 3796 583 3852 accusator
619 3783 697 3855 C.
732 3785 1081 3856 Memmius
1137 3789 1311 3854 ‘vide
1322 3789 1362 3867 ,'
1417 3789 1622 3876 inquit
1664 3787 1966 3868 ‘Scaure‚
2019 3800 2306 3854 mortuus

248 3879 519 3965 rapitur,
572 3880 628 3946 si
676 3893 861 3969 potes
908 3905 1051 3948 esse
1092 3885 1468 3972 possessor?
1559 3884 1676 3950 sed
1725 3907 1808 3950 ex
1858 3883 1958 3949 his
2012 3883 2304 3948 omnibus
2340 3907 2420 3950 284

250 3971 411 4039 nihil
446 3975 651 4062 magis
687 3977 953 4056 ridetur,
1008 3999 1198 4062 quam
1234 3979 1406 4064 quod
1450 3991 1550 4044 est
1590 3988 1843 4066 praeter
1887 3977 2306 4065 exspectatio-

251 4089 427 4148 nem,
466 4069 643 4136 cuius
677 4070 1161 4140 innumerabilia
1194 4084 1343 4138 sunt
1378 4073 1698 4162 exempla,
1735 4073 1839 4140 vel
1872 4073 2072 4161 Appii
2105 4073 2304 4140 maio-
