2784 4575
490 198 623 266 312
1115 209 1193 263 Μ.
1230 206 1503 265 TULLII
1540 203 1945 268 CICERONIS

491 335 681 400 dulae
728 331 1022 409 Catonis,
1071 329 1357 397 indicant
1399 353 1620 397 omnes
1661 332 1890 418 poe‘tae
1931 340 2182 416 praeter
2225 352 2368 409 eos,
2425 331 2572 417 qui,

486 440 563 494 ut
598 450 853 494 versum
888 428 1196 504 facerent,
1233 448 1430 512 saepe
1463 425 1752 504 hiabant,
1786 435 1860 490 ut
1889 425 2201 494 Naevius:

577 545 713 601 vos,
752 523 860 606 qui
896 521 1173 589 accolitis
1209 521 1507 588 Histrum
1537 518 1802 586 fluvium
1837 529 2027 604 atque
2061 505 2426 606 algidam..

491 629 560 682 et
592 616 858 682 ibidem.

580 732 773 795 quam
804 709 1151 796 numquam
1178 709 1369 775 <vobis
1411 706 1570 775 Grai
1605 719 1794 794 atque
1827 707 2084 775 barbari

492 816 559 870 at
590 804 842 870 Ennius
880 804 1105 870 semel:

582 897 799 985 Scipio
835 899 1069 964 invicte

491 1003 555 1060 et
591 993 847 1078 quidem
882 1015 1031 1058 nos:

378 1083 383 1092 ’
576 1089 700 1153 hoc
733 1098 911 1154 motu
943 1085 1249 1152 radiantis
1284 1085 1547 1154 Etesiae
1580 1084 1649 1150 in
1681 1085 1850 1150 vada
1881 1087 2062 1172 ponti
2099 1134 2238 1153 .....

382 1209 458 1250 153
493 1182 616 1248 hoc
647 1182 820 1247 idem
852 1181 1053 1246 nostri
1089 1180 1343 1268 saepius
1379 1203 1508 1245 non
1551 1180 1872 1257 tulissent,
1927 1175 2098 1264 q'uod
2135 1178 2372 1246 Graeci
2418 1180 2558 1248 lau-

488 1276 641 1342 dare
676 1277 868 1340 etiam
904 1275 1127 1341 solent.
1216 1275 1333 1340 sed
1366 1275 1520 1358 quid
1553 1297 1677 1360 ego
1714 1273 1992 1339 vocalis?
2045 1274 2182 1338 sine
2218 1275 2550 1342 ‘vocalibus

488 1393 683 1456 saepe
709 1368 1035 1435 brevitatis
1063 1391 1257 1433 causa
1283 1367 1758 1446 contrahebant,
1787 1380 1860 1433 ut
1882 1369 1973 1432 ita
1999 1369 2281 1434 dicerent
2310 1371 2549 1434 ‘multi'

486 1463 724 1542 modis,
778 1464 921 1528 vas'
960 1463 1307 1549 argenteis,
1358 1463 1558 1549 palm’
1613 1473 1678 1528 et
1712 1463 2019 1541 crinibus,
2057 1462 2234 1528 tecti'
2289 1463 2550 1530 fractis?

489 1557 645 1642 quid
677 1580 828 1624 vero
864 1557 1183 1635 licentius,
1238 1578 1431 1642 quam
1473 1558 1648 1640 quod
1696 1557 2024 1622 hominum
2069 1557 2262 1621 etiam
2295 1558 2553 1624 nomina

490 1652 973 1731 contrahebant,
1010 1673 1137 1736 quo
1172 1662 1389 1717 essent
1425 1652 1706 1738 aptiora?
1751 1673 1899 1716 nam
1932 1662 2006 1716 ut
2042 1651 2380 1718 ‘duellum’
2417 1652 2551 1717 bel-

487 1745 621 1811 lum
656 1757 721 1812 et
757 1746 955 1811 ‘duis’
992 1747 1113 1825 bis,
1153 1746 1245 1811 sic
1281 1741 1666 1811 ‘Duellium’
1705 1768 1870 1823 eum,
1908 1746 2017 1830 qui
2048 1747 2308 1812 Poenos
2345 1747 2548 1812 classe

489 1839 750 1918 devicit,
793 1841 1071 1904 Bellium
1104 1840 1620 1918 nominaverunt,
1676 1862 1821 1904 cum
1857 1841 2212 1926 superiores
2249 1841 2547 1928 appellati

426 1958 428 1962 ·
492 1943 711 2000 essent
764 1956 1015 2019 semper
1068 1933 1376 1999 ‘Duellii.'
1467 1934 1619 2016 quin
1665 1934 1856 1999 etiam
1907 1927 2105 1999 verba
2157 1956 2338 2019 saepe
2388 1955 2543 1999 con-

370 2041 373 2044 ’
489 2027 825 2092 trahuntur
857 2050 987 2092 non
1020 2049 1177 2092 usus
1216 2048 1440 2106 causa,
1497 2029 1612 2092 sed
1655 2027 1930 2105 aurium3
1985 2049 2112 2110 quo
2151 2027 2326 2092 modo
2359 2025 2538 2090 enim

488 2130 702 2185 vester
740 2119 1014 2186 ‘Axilla'
1043 2121 1176 2184 Ala
1210 2121 1418 2186 factus
1455 2132 1556 2186 est
1587 2121 1713 2186 nisi
1747 2121 1904 2208 fuga
1937 2121 2176 2186 litterae
2206 2118 2544 2184 vastioris?

488 2236 680 2299 quam
711 2212 987 2295 litteram
1022 2213 1213 2280 etiam
1248 2237 1283 2278 e
1322 2214 1654 2280 ‘maxillis'
1701 2226 1766 2280 et
1810 2215 2102 2280 ‘taxillis’
2151 2226 2214 2280 et
2254 2213 2548 2279 ‘vexillo’

488 2322 554 2375 et
605 2309 895 2397 ‘paxillo'
947 2312 1343 2376 consuetudo
1397 2311 1657 2399 elegans
1692 2312 1914 2376 Latini
1959 2312 2267 2377 sermonis
2315 2312 2551 2375 evellit.

377 2430 453 2471 154
486 2405 755 2470 libenter
790 2404 981 2469 etiam
1016 2406 1371 2492 copulando
1408 2408 1606 2471 verba
1637 2406 2005 2492 iungebant,
2041 2418 2115 2471 ut
2151 2405 2398 2471 ‘sodes’
2434 2428 2555 2491 pro

478 2500 573 2565 “si
636 2499 831 2565 audes
843 2499 881 2578 ,⁹
938 2498 1084 2564 ‘sis'
1141 2524 1259 2588 pro
1312 2499 1400 2565 ‘si
1454 2499 1551 2565 vis
1563 2499 1610 2578 ;'
1663 2500 1793 2565 iam
1833 2500 1900 2564 in
1943 2524 2071 2566 uno
2128 2498 2396 2587 ‘capsis’
2433 2500 2560 2563 tria

485 2593 683 2659 verba
716 2604 883 2659 sunt.
976 2593 1135 2658 ‘ain’
1174 2618 1289 2681 pro
1328 2594 1584 2671 ‘aisne,’
1625 2594 1945 2678 ‘nequire'
1983 2617 2098 2681 pro
2138 2601 2294 2659 ‘non
2330 2593 2554 2677 quire,'

488 2687 731 2752 ‘malle'
768 2710 884 2775 pro
925 2687 1157 2773 ‘magis
1194 2686 1408 2766 velle,’
1468 2688 1693 2753 ‘nolle’
1730 2711 1847 2774 pro
1886 2695 2042 2754 ‘non
2079 2688 2292 2766 velle,’
2348 2687 2555 2751 ‘dein’

487 2781 673 2846 etiam
722 2804 913 2869 saepe
958 2793 1021 2847 et
1075 2782 1277 2847 ‘exin'
1322 2805 1440 2868 pro
1477 2782 1762 2849 ‘deinde’
1811 2795 1874 2850 et
1911 2783 2206 2849 ‘exinde'
2262 2782 2557 2849 dicimus.

486 2874 665 2957 quid,
718 2873 875 2938 illud
916 2898 1055 2941 non
1106 2876 1236 2941 olet
1276 2877 1446 2941 unde
1500 2876 1610 2955 sit,
1665 2878 1837 2961 quod
1879 2877 2106 2941 dicitur
2159 2884 2332 2942 ‘cum
2384 2876 2555 2954 illis:

391 2999 395 3002 -
490 2966 681 3032 ‘cum’
720 2979 931 3034 autem
966 2968 1209 3035 ‘nobis’
1249 2992 1377 3035 non
1413 2969 1658 3049 dicitur,
1699 2972 1813 3037 sed
1851 2972 2276 3039 ‘nobiscum's'’
2315 2971 2466 3055 quia
2503 2970 2559 3035 si

483 3061 574 3127 ita
626 3061 967 3141 diceretur,
1034 3062 1372 3131 obscenius
1411 3078 1861 3131 concurrerent
1912 3066 2184 3146 litterae,
2238 3076 2312 3130 ut
2361 3064 2560 3131 etiam

484 3154 695 3237 mode,
730 3156 857 3222 nisi
892 3157 1164 3223 ‘autem'
1200 3156 1745 3245 interposuissem,
1783 3160 2267 3225 concurrissent.
2356 3182 2439 3225 ex
2477 3183 2560 3226 eo

486 3260 587 3315 est
621 3252 922 3315 ‘mecum’
979 3262 1045 3316 et
1080 3252 1366 3331 ‘tecum,'
1406 3276 1537 3320 non
1585 3260 1759 3319 ‘cum
1795 3253 1948 3332 me,’
2004 3265 2069 3319 et
2105 3260 2280 3319 ‘cum
2315 3253 2426 3332 te,’
2487 3268 2564 3317 ut

382 3341 453 3395 46
488 3356 661 3411 esset
695 3343 899 3409 simile
934 3344 1059 3409 illis
1098 3344 1490 3413 ‘vobiscum'
1529 3370 1606 3413 ac
1641 3347 2047 3413 ‘nobiscum'
2137 3360 2325 3432 atque
2361 3346 2566 3413 etiam

375 3414 453 3455 ²⁵⁵
488 3462 527 3504 a
570 3439 953 3523 quibusdam
1008 3462 1151 3505 sero
1205 3440 1335 3506 iam
1391 3443 1762 3508 emendatur
1818 3442 2185 3526 antiquitaS,
2243 3441 2352 3527 qui
2393 3442 2566 3508 haec

483 3532 984 3619 reprehendunt3
1047 3558 1199 3599 nam
1247 3558 1364 3622 pro
1433 3538 1653 3601 ‘desim
1707 3548 1895 3621 atque
1948 3536 2276 3602 hominum
2329 3535 2564 3601 fidem'

487 3627 805 3693 ‘'deorum
844 3629 1037 3694 aiunt.
1125 3628 1235 3707 ita,
1273 3630 1482 3708 credo,
1519 3630 1642 3697 hoc
1675 3630 1766 3695 illi
1802 3631 2199 3710 nesciebant,
2237 3654 2322 3696 an
2358 3631 2572 3698 dabat.

486 3720 651 3787 hanc
684 3722 1006 3787 licentiam
1040 3725 1470 3790 consuetudo?
1504 3724 1718 3811 itaque
1752 3726 1922 3791 idem
1957 3731 2174 3814 poi-ita,
2210 3724 2321 3851 qui
2353 3724 2574 3793 inusi-

485 3816 678 3881 tatius
718 3826 1153 3883 contraxerat.

570 3907 767 3992 patris
804 3911 959 3987 mei,
994 3916 1207 3975 meum
1242 3912 1483 3979 factum
1516 3915 1715 4001 pudet

487 4020 605 4083 pro
643 4007 955 4077 ‘meorum
991 4004 1361 4085 factorum3’
1401 4018 1465 4071 et
