2784 4575
402 266 491 333 56
1016 280 1098 338 Μ.
1132 276 1406 336 TULLII
1441 276 1843 335 CICERONIS

404 425 587 474 cesse
638 425 781 471 esse
844 401 1127 469 arbitrati
1188 413 1407 467 essent
1464 412 1778 468 oratorem
1826 400 2040 488 ipsum
2094 400 2343 469 erudire
2395 403 2470 469 in

300 498 423 551 60
404 520 541 566 lure
594 496 789 576 civili,
844 520 973 563 non
1024 496 1084 562 ei
1136 495 1598 585 pragmaticum
1650 495 2001 562 adiutorem
2054 494 2226 562 dare.
2311 520 2468 563 nam

288 569 372 611 ²⁵⁴
405 590 577 680 quod
620 589 777 657 dicis
824 599 1213 656 senectutem
1248 613 1288 655 a
1322 588 1660 655 solitudine
1701 587 2070 655 vindicari
2050 588 2206 654 luris
2259 588 2471 656 civilis

409 685 703 764 scientia,
757 684 1030 750 fortasse
1076 683 1268 749 etiam
1315 682 1624 770 pecuniae
1665 680 2131 771 magnitudine3
2186 683 2303 749 sed
2341 706 2469 749 nos

403 804 535 849 non
566 778 723 864 quid
752 778 939 846 nobis
973 776 1146 857 utile,
1183 800 1406 843 verum
1441 777 1594 862 quid
1626 777 1860 844 oratori
1892 776 2324 848 necessarium
2360 778 2470 857 sit,

405 874 785 960 quaerimus.
856 894 1265 958 quamquam,
1302 871 1600 957 quoniam
1634 871 1834 937 multa
1869 871 1952 936 ad
1986 870 2252 937 oratoris
2290 871 2472 937 simi-

402 968 735 1036 litudinem
778 966 861 1033 ab
903 987 1031 1033 uno
1086 966 1323 1032 artifice
1378 966 1716 1044 sumimus,
1771 964 1935 1031 solet
1974 965 2147 1032 idem
2187 966 2464 1033 Roscius

407 1064 615 1129 dicere
662 1084 761 1142 se,
816 1084 941 1147 quo
991 1061 1137 1148 plus
1184 1060 1306 1127 sibi
1348 1054 1576 1127 'aetatis
1621 1060 1977 1139 accederet,
2032 1083 2110 1127 eo
2155 1060 2464 1127 tardiores

407 1156 680 1223 tibicinis
750 1156 975 1229 modos
1037 1165 1103 1221 et
1163 1164 1385 1219 cantus
1453 1154 1850 1221 remissiores
1909 1176 2056 1221 esse
2117 1154 2467 1221 facturum:

407 1250 639 1336 quodsi
681 1250 788 1315 ille
834 1248 1128 1315 astrictus
1174 1259 1347 1314 certa
1403 1248 1676 1333 quadam
1725 1271 2132 1315 numerorum
2173 1248 2467 1313 modera-

403 1346 575 1411 tione
610 1356 676 1411 et
707 1345 945 1433 pedum
987 1354 1200 1410 tamen
1246 1342 1486 1427 aliquid
1521 1344 1604 1409 ad
1634 1343 1921 1429 requiem
1967 1341 2304 1409 senectutis
2341 1364 2467 1407 ex-

405 1438 673 1527 cogitat,
718 1450 951 1525 quanto
988 1438 1236 1504 facilius
1271 1460 1388 1503 nos
1425 1460 1556 1503 non
1587 1438 1804 1504 laxare
1839 1438 2096 1515 modos,
2143 1436 2256 1502 sed
2289 1445 2466 1501 totos

290 1560 371 1603 255
404 1546 651 1601 mutare
702 1532 1083 1621 possumus?
1140 1553 1349 1617 neque
1403 1530 1574 1597 enim
1625 1531 1748 1598 hoc
1799 1542 1891 1609 te,
1947 1529 2214 1609 Crasse,
2275 1528 2468 1608 fallit,

406 1651 598 1714 quam
632 1628 831 1693 multa
864 1627 992 1693 sint
1026 1637 1092 1693 et
1126 1647 1317 1711 quam
1351 1626 1532 1691 varia
1572 1648 1811 1713 genera
1854 1625 2134 1704 dicendi,
2184 1624 2256 1689 id
2289 1626 2466 1709 quod

402 1723 576 1788 haud
611 1723 837 1801 sciam,
882 1745 965 1786 an
1000 1732 1070 1787 tu
1104 1721 1345 1807 primus
1380 1720 1765 1799 ostenderis,
1811 1720 1920 1805 qui
1951 1720 2080 1785 iam
2117 1718 2226 1786 diu
2258 1719 2466 1787 multo

404 1818 560 1883 dicis
610 1815 940 1884 remissius
994 1827 1059 1883 et
1107 1814 1343 1893 lenius,
1409 1836 1599 1899 quam
1649 1814 1932 1893 solebas3
1990 1836 2200 1899 neque
2249 1812 2466 1879 minus

402 1912 561 1978 haec
612 1922 827 1977 tamen
870 1920 982 1975 tua
1030 1907 1400 1995 gravissimi
1438 1908 1746 1975 sermonis
1798 1907 2054 1985 lenitas,
2108 1928 2302 1992 quam
2350 1906 2463 1973 illa.

404 2028 655 2071 summa
720 2004 817 2069 vis
881 2014 945 2068 et
1014 2001 1331 2067 contentio
1399 2002 1731 2087 probatur:
1799 2002 2106 2085 multique
2179 2012 2464 2067 oratores

403 2099 686 2177 fuerunt,
738 2108 812 2163 ut
860 2096 1039 2161 illum
1093 2092 1462 2182 Scipionem
1513 2098 1804 2163 audimus
1856 2108 1922 2163 et
1970 2095 2298 2173 Laelium,
2351 2094 2466 2180 qui

402 2190 617 2258 omnia
668 2211 957 2255 sermone
1010 2189 1393 2256 conficerent
1441 2191 1634 2279 paulo
1675 2190 2038 2270 intentiore,
2091 2212 2462 2275 numquam,

401 2296 474 2350 ut
500 2282 640 2350 Ser.
672 2282 903 2362 Galba,
938 2282 1241 2350 lateribus
1270 2297 1380 2351 aut
1407 2286 1680 2352 clamore
1715 2285 2186 2352 contenderent.
2231 2284 2466 2370 quodsi

400 2377 532 2442 iam
580 2378 705 2444 hoc
755 2378 967 2444 facere
1018 2401 1149 2445 non
1199 2379 1438 2466 poteris
1492 2389 1602 2444 aut
1652 2378 1860 2457 noles,
1924 2379 2162 2446 vereris
2215 2402 2298 2446 ne
2350 2390 2465 2444 tua

405 2472 629 2539 domus
666 2472 811 2540 talis
847 2483 911 2539 et
945 2473 1065 2539 viri
1101 2483 1166 2539 et
1200 2472 1387 2551 civis,
1439 2471 1496 2538 si
1531 2497 1570 2538 a
1602 2471 1897 2560 litigiosis
1931 2472 2289 2539 hominibus
2323 2495 2461 2540 non

400 2566 674 2646 colatur,
728 2589 768 2630 a
804 2567 1029 2633 ceteris
1076 2567 1442 2633 deseratur?
1494 2565 1788 2650 equidem
1832 2577 2079 2633 tantum
2113 2567 2332 2632 absum
2369 2565 2460 2630 ab

398 2659 527 2726 ista
587 2661 929 2740 sententia,
999 2671 1072 2726 ut
1130 2685 1260 2728 non
1319 2661 1514 2727 modo
1576 2682 1706 2726 non
1769 2660 2036 2726 arbitrer
2103 2659 2460 2728 subsidium

402 2755 743 2821 senectutis
778 2755 849 2819 in
883 2778 1129 2833 eorum,
1184 2755 1293 2840 qui
1327 2754 1686 2822 consultum
1721 2753 2006 2832 veniant,
2057 2753 2462 2820 multitudine

401 2873 546 2916 esse
578 2851 963 2937 ponendum,
1002 2851 1118 2916 sed
1152 2861 1477 2935 tamquam
1500 2862 1756 2938 portum
1791 2849 2066 2933 aliquem
2091 2861 2466 2937 exspectem

400 2943 609 3019 istam,
647 2965 840 3026 quam
867 2953 935 3008 tu
961 2943 1166 3024 times,
1204 2944 1628 3022 solitudinem,
1667 2943 2023 3010 subsidium
2049 2943 2219 3010 enim
2243 2943 2467 3010 bellis-

402 3035 634 3100 simum
668 3035 961 3103 existimo
996 3059 1141 3104 esse
1178 3038 1488 3105 senectuti
1522 3038 1741 3105 otium.

282 3153 365 3198 256
520 3129 796 3214 Reliqua
828 3154 981 3198 vero
1017 3132 1267 3198 etiamsi
1300 3133 1632 3212 adiuvant,
1669 3132 1998 3199 historiam
2033 3132 2176 3198 dico
2211 3141 2273 3196 et
2303 3151 2458 3217 pru-

400 3223 682 3289 dentiam
712 3224 868 3291 iuris
903 3225 1141 3312 publici
1175 3239 1241 3292 et
1282 3227 1703 3312 ‘antiquitatis
1737 3227 1887 3293 iter'
1922 3237 1989 3292 et
2020 3224 2458 3312 exemplorum

400 3318 675 3406 copiam,
712 3319 769 3386 si
804 3321 1056 3406 quando
1092 3345 1251 3408 opus
1288 3322 1434 3401 erit,
1471 3347 1512 3388 a
1545 3323 1682 3390 viro
1716 3321 1954 3411 optimo
1989 3333 2056 3389 et
2087 3322 2228 3388 istis
2263 3321 2458 3388 rebus

396 3413 915 3495 instructissimo,
976 3414 1271 3482 familiari
1331 3438 1476 3482 meo
1531 3414 1761 3504 Congo
1819 3416 2184 3495 mutuabor,
2247 3437 2468 3500 neque

395 3509 789 3598 repugnabo,
825 3533 951 3619 quo
986 3510 1217 3588 minus,
1252 3509 1323 3574 id
1355 3510 1530 3594 quod
1562 3511 1755 3577 modo
1788 3510 2076 3576 hortatus
2114 3533 2206 3589 οε,
2245 3509 2470 3575 omnia

396 3602 643 3690 legant,
696 3604 911 3670 omnia
946 3603 1233 3681 audiant,
1284 3603 1353 3668 in
1399 3603 1573 3670 omni
1621 3612 1798 3669 recto
1852 3603 2062 3669 studio
2109 3614 2302 3688 atque
2336 3603 2465 3668 hu-

397 3697 700 3764 manitate
734 3708 1065 3764 versentur
1072 3723 1093 3777 3
1130 3698 1247 3763 sed
1278 3697 1640 3764 mehercule
1671 3720 1804 3764 non
1835 3696 1928 3762 ita
1960 3695 2230 3762 multum
2265 3697 2463 3784 spatii

396 3791 553 3856 mihi
587 3791 823 3858 habere
858 3791 1179 3870 videntur,
1229 3791 1287 3857 si
1318 3793 1509 3859 modo
1545 3815 1624 3858 ea
1655 3793 1868 3858 facere
1911 3802 1976 3856 et
2006 3791 2309 3878 persequi
2343 3813 2465 3856 vo-

395 3884 559 3964 lent,
594 3908 758 3971 quae
794 3909 835 3950 a
868 3895 959 3965 te,
1008 3882 1275 3964 Crasse,
1318 3898 1662 3974 praecepta
1696 3896 1873 3964 sunt3
1918 3885 2029 3970 qui
2061 3883 2220 3950 mihi
2252 3905 2460 3973 prope

396 3977 527 4042 iam
559 3978 749 4044 nimis
786 3979 975 4045 duras
1012 3978 1189 4068 leges
1224 3979 1550 4066 imponere
1584 3980 1760 4047 visus
1799 4004 1867 4046 es
1905 3978 2054 4044 huic
2085 3979 2300 4058 aetati,
2339 3979 2462 4044 sed

398 4081 615 4134 tamen
650 4071 732 4136 ad
764 4071 859 4150 id,
914 4075 1085 4157 quod
1129 4073 1418 4160 cupiunt,
1474 4073 1953 4162 adipiscendum
1993 4095 2196 4162 prope
2230 4093 2468 4139 neces-
