2784 4575
688 254 697 261 ’
796 290 901 346 DE
941 288 1307 347 ORATORE
1340 291 1447 347 111.
1483 291 1789 347 165-171.
2187 258 2318 349 '181

266 440 350 484 ex
384 437 511 500 quo
547 437 781 502 genere
816 413 975 480 haec
1011 424 1185 493 sunt,
1220 414 1502 481 Martem
1535 413 1686 481 belli
1721 436 1863 480 esse
1899 436 2318 496 communem,

266 509 572 578 Cererem
595 532 713 596 pro
738 510 1050 596 frugibus,
1068 508 1378 576 Liberum
1407 509 1724 596 appellare
1749 530 1866 596 pro
1892 509 2061 589 vinc,
2077 511 2321 597 Neptu-

264 628 420 670 num
452 626 570 691 pro
604 603 792 682 mari,
830 603 1069 669 curiam
1100 624 1217 689 pro
1254 614 1505 682 senatu,
1553 624 1844 689 campum
1877 626 1994 691 pro
2030 605 2319 683 comitiis,
2401 636 2408 643 ·

264 710 483 786 togam
515 720 631 786 pro
666 718 853 784 pace,
892 720 1067 762 arma
1102 718 1176 761 ac
1210 697 1338 762 tela
1369 720 1486 783 pro
1522 696 1718 775 bello3
1758 720 1883 782 quo
1917 697 2070 764 item
2103 698 2172 762 in
2205 720 2318 785 ge-
2355 724 2438 765 iss

264 816 415 860 nere
458 805 523 860 et
576 793 840 859 virtutes
886 803 951 858 et
992 790 1148 857 vitia
1187 814 1305 878 pro
1347 791 1537 877 ipsis,
1589 790 1657 857 in
1708 792 1938 876 quibus
1989 793 2099 858 illa
2151 805 2319 873 sunt,

265 886 663 975 appellantur
706 886 1013 952 ‘luxuries
1059 907 1250 969 quam
1298 885 1367 951 in
1411 886 1668 951 domum
1709 886 1991 972 inrupit,'
2046 897 2112 953 et
2163 893 2320 973 ‘quo

265 980 533 1047 avaritia
574 980 929 1065 penetravit
938 978 985 1059 ;‘’
1041 990 1151 1044 aut
1204 980 1388 1045 ‘fides
1442 980 1666 1058 valuit,
1718 978 1958 1045 iustitia
2008 981 2318 1047 confecit?

259 1074 492 1139 videtis
535 1074 822 1159 profecto
876 1093 1079 1159 genus
1125 1072 1248 1139 hoc
1300 1084 1530 1151 totum,
1587 1094 1732 1138 cum
1773 1073 2006 1139 inflexo
2042 1094 2324 1139 commu·-

260 1178 522 1251 tatoque
576 1167 774 1233 verbo
826 1189 932 1232 res
986 1167 1210 1232 eadem
1255 1167 1616 1233 enuntiatur
1667 1168 1944 1234 ornatius
1955 1194 1975 1248 3
2028 1168 2130 1233 cui
2175 1180 2324 1234 sunt

256 1261 529 1327 finitima
559 1260 670 1326 illa
702 1260 911 1327 minus
939 1270 1179 1339 ornata,
1216 1261 1333 1328 sed
1367 1272 1580 1327 tamen
1615 1284 1744 1327 non
1769 1262 2137 1349 ignoranda,
2175 1285 2324 1328 cum

257 1354 543 1443 intellegi
579 1357 870 1423 volumus
907 1356 1146 1440 aliquid
1180 1366 1289 1422 aut
1321 1380 1405 1423 ex
1436 1367 1616 1443 parte
1645 1367 1865 1435 totum,
1899 1370 1972 1424 ut
2003 1380 2120 1445 pro
2149 1360 2323 1424 aedi-

256 1448 422 1515 ficiis
460 1472 604 1515 cum
620 1450 911 1545 ‚parietes
948 1460 1059 1516 aut
1092 1460 1261 1517 tecta
1293 1450 1559 1516 dicimus
1569 1476 1591 1528 ς
1627 1462 1736 1516 aut
1771 1474 1852 1515 ex
1887 1461 2019 1517 toto
2053 1464 2319 1538 partem,

254 1552 332 1607 ut
366 1564 512 1608 cum
545 1566 739 1609 unam
774 1554 1047 1609 turmam
1081 1544 1430 1629 equitatum
1463 1544 1686 1631 populi
1709 1544 1984 1611 Romani
2020 1546 2286 1611 dicimus
2297 1571 2317 1625 3

260 1646 375 1701 aut
410 1658 493 1701 ex
526 1659 655 1702 uno
688 1636 919 1723 plurisz

436 1741 501 1795 at
532 1730 863 1796 Romanus
900 1730 1121 1809 home,
1158 1730 1496 1796 tamenetsi
1525 1752 1630 1796 res
1665 1731 1828 1796 bene
1863 1742 2048 1818 gesta
2083 1741 2183 1796 est
2240 1797 2243 1803 ,

434 1824 623 1889 corde
660 1846 777 1890 suo
820 1824 1093 1910 trepidat
1104 1849 1122 1901 3

254 1929 372 1984 aut
406 1939 551 1983 cum
586 1942 669 1983 ex
701 1918 991 2004 pluribus
1026 1917 1414 2003 intellegitur
1447 1939 1678 1983 unum:

428 2034 547 2079 nos
584 2011 789 2077 sumu’
824 2012 1127 2090 Romani,
1165 2011 1273 2095 qui
1306 2011 1585 2076 fuvimus
1623 2022 1767 2077 ante
1801 2010 2061 2076 Rudini.

250 2118 369 2175 aut
404 2129 801 2191 quocumque
852 2106 1072 2185 modo,
1126 2129 1258 2172 non
1289 2116 1362 2170 ut
1407 2105 1645 2171 dictum
1689 2116 1819 2183 est,
1871 2106 1938 2169 in
1974 2127 2050 2170 eo
2085 2128 2318 2191 genere

249 2201 673 2289 intellegitur,
728 2201 844 2268 sed
882 2212 957 2266 ut
1008 2222 1270 2266 sensum
1305 2210 1424 2265 est.
1513 2199 1830 2265 abutimur
1884 2220 2074 2287 saepe
2128 2199 2318 2264 etiam
2351 2197 2420 2250 43

250 2286 454 2351 verbo
517 2308 647 2351 non
698 2297 831 2351 tam
891 2285 1214 2372 eleganter
1285 2307 1476 2370 quam
1535 2285 1603 2351 in
1664 2285 2101 2352 transferendo
2111 2333 2130 2364 ,
2203 2285 2321 2351 sed
2355 2269 2428 2312 ¹⁶⁹

254 2377 507 2444 etiamsi
540 2378 860 2456 licentius,
916 2390 1129 2444 tamen
1178 2375 1548 2464 [interdum]
1596 2401 1727 2446 non
1768 2378 2196 2465 impudentem
2247 2389 2322 2459 ut

256 2493 406 2537 cum
458 2471 768 2558 grandem
819 2472 1169 2537 orationem
1217 2492 1336 2557 pro
1387 2471 1611 2556 longa,
1673 2471 1985 2537 minutum
2037 2471 2319 2536 animum

253 2587 375 2652 pro
408 2585 607 2650 parvo
645 2562 932 2628 dicimus.
1019 2587 1241 2630 verum
1274 2564 1385 2628 illa
1419 2563 1732 2628 videtisne
1775 2586 1920 2629 esse
1953 2586 2084 2628 non
2117 2563 2316 2640 verbi,

258 2658 377 2723 sed
411 2656 743 2734 orationis,
782 2656 945 2739 qu'ae
982 2679 1063 2720 ex
1095 2656 1412 2742 pluribus,
1449 2665 1523 2719 ut
1555 2655 1848 2741 exposui,
1896 2654 2320 2720 translationi-
2425 2677 2434 2708 ·.
2486 2707 2496 2718 ,

254 2752 381 2816 bus
410 2770 654 2816 conexa
681 2751 867 2814 sunt?
901 2734 1317 2827 haec'autem,
1346 2769 1510 2832 quae
1537 2759 1647 2814 aut
1670 2748 2000 2814 immutata
2018 2769 2160 2812 esse
2187 2747 2321 2812 dixi

257 2855 370 2910 aut
403 2842 583 2908 aliter
623 2842 1053 2930 intellegenda
1098 2863 1174 2909 ac
1208 2842 1591 2920 dicerentur,
1645 2851 1794 2907 sunt
1826 2841 2132 2906 translata
2164 2862 2320 2926 quo-

256 2939 409 3004 dam
442 2937 663 3015 mod03
698 2938 789 3005 ita
822 2938 923 3016 fit,
958 2949 1039 3002 ut‘
1063 2936 1270 3003 >omnis
1308 2937 1704 3023 singulorum
1737 2937 2075 3002 verborum
2116 2936 2316 3004 virtus
2353 2969 2434 3012 ιω

256 3043 449 3116 atque
483 3031 624 3097 laus
660 3032 861 3098 tribus
900 3031 1167 3098 exsistat
1200 3053 1283 3096 ex
1312 3031 1546 3097 rebus:
1587 3031 1644 3097 si
1679 3041 1788 3096 aut
1821 3040 2143 3096 vetustum
2177 3053 2321 3095 ver-

253 3127 413 3192 bum
448 3125 551 3204 sit,
590 3126 761 3210 quod
798 3137 1013 3192 tamen
1040 3126 1432 3192 consuetudo
1475 3123 1641 3192 ferre
1674 3124 1907 3211 possit3
1946 3134 2056 3188 aut
2081 3124 2320 3188 factum

252 3219 363 3286 vel
414 3217 854 3286 coniunctione
906 3220 1011 3285 vel
1062 3219 1376 3298 novitate,
1432 3219 1502 3284 in
1553 3240 1678 3303 quo
1722 3219 1877 3286 item
1927 3229 2028 3284 est
2061 3219 2316 3284 auribus

257 3314 827 3398 consuetudinique
854 3315 1273 3401 parcendum3
1303 3324 1415 3380 aut
1445 3313 1836 3391 translatum,
1858 3314 2026 3397 quod
2043 3313 2318 3378 maxime

256 3416 392 3470 tam
434 3429 585 3470 uam
621 3408 821 3472 steHis
859 3409 1239 3491 quibusdam
1273 3418 1452 3474 notat
1487 3417 1551 3472 et
1584 3407 1916 3473 inluminat
1949 3408 2317 3473 orationem.

438 3491 685 3575 equitur
714 3493 1099 3558 continuatio
1125 3495 1483 3572 verborum,
1513 3514 1676 3576 quae
1705 3493 1863 3558 duas
1888 3516 1993 3558 res
2020 3492 2313 3570 maxime,
2352 3525 2428 3568 m

258 3583 763 3652 conlocationem
797 3585 1090 3673 primum,
1126 3586 1355 3653 deinde
1389 3587 1651 3653 modum
1680 3587 1994 3672 quendam
2019 3586 2318 3653 formam-

256 3703 387 3766 que
440 3679 779 3746 desiderat.
877 3680 1328 3748 conlocationis
1382 3693 1483 3748 est
1535 3701 1911 3768 componere
1963 3692 2028 3746 et
2078 3692 2320 3747 struere

258 3776 461 3841 verba
498 3774 621 3854 sic,
672 3785 746 3840 ut
776 3795 941 3841 neve
978 3797 1163 3864 asper
1206 3797 1426 3841 eorum
1478 3795 1820 3842 concursus
1866 3795 2027 3841 neve
2071 3774 2318 3840 hiulcus

260 3867 374 3946 sit,
432 3869 555 3935 sed
605 3868 883 3952 quodam
934 3868 1127 3934 modo
1178 3879 1654 3957 coagmentatus
1710 3881 1774 3934 et
1823 3868 2012 3948 levis3
2073 3869 2140 3934 in
2191 3889 2318 3951 quo

264 3957 535 4050 [lepide]
576 3963 781 4030 soceri
814 3963 942 4029 mei
976 3986 1250 4049 persona
1280 3964 1436 4030 lusit
1466 3963 1552 4043 is,
1597 3963 1706 4048 qui
1749 3962 2218 4050 elegantissime
2249 3960 2319 4026 id

256 4053 475 4122 facere
510 4057 719 4142 potuit
756 4056 1139 4148 [Lucilius]:
