2784 4575
818 294 925 349 DE
962 293 1329 351 ORATORE
1367 296 1412 349 Ι.
1447 292 1726 349 94-102.
2215 286 2300 349 21

244 441 397 485 vero
461 418 651 483 etiam
711 439 952 495 amore,
1016 440 1161 483 cum
1230 416 1310 481 ab
1364 439 1444 484 eo
1512 438 1825 501 nusquam
1889 418 2306 500 discederem,

242 513 512 579 verbum
544 534 627 577 ex
661 535 737 579 eo
789 532 1134 596 numquam
1186 510 1414 577 elicere
1465 511 1646 597 potui
1680 512 1761 576 de
1794 511 1902 577 via
1935 534 2010 578 ac
2059 515 2307 580 ratione

248 605 526 684 dicendi,
578 628 724 672 cum
759 616 824 673 et
863 628 979 694 per
1020 617 1257 671 memet
1303 605 1519 692 ipsum
1569 605 1849 692 egissem
1883 616 1948 671 et
1980 628 2096 693 per
2128 608 2305 673 Dru—

250 722 391 765 sum
438 723 627 788 saepe
680 711 1121 789 temptassem3
1176 722 1303 786 quo
1355 700 1426 764 in
1475 720 1713 786 genere
1757 710 1856 779 tu,
1909 698 2308 779 Antoni,——··

248 817 397 861 vere
430 796 653 881 loquar
686 832 779 845 —-
810 817 1155 879 numquam
1188 794 1345 859 mihi
1386 794 1784 880 percontanti
1819 805 1930 861 aut
1980 794 2308 881 quaerenti
2395 804 2408 837 '-

250 889 489 975 aliquid
524 888 785 955 defuisti
821 901 887 955 et
919 911 1229 976 persaepe
1274 910 1406 967 me,
1461 910 1623 973 quae
1661 887 1955 955 soleres
1935 912 2002 954 m
2037 889 2304 955 dicendo

252 983 621 1062 observare,
684 983 976 1049 docuisti.
1081 1004 1279 1060 nunc,
1341 982 1642 1067 quoniam
1701 993 1966 1067 uterque
2025 994 2308 1049 vestrum
2349 1021 2407 1063 93

247 1077 551 1163 patefecit
584 1098 802 1143 earum
835 1076 1119 1164 ipsarum
1151 1098 1363 1141 rerum
1401 1077 1668 1155 aditum,
1721 1098 1880 1161 quas
1925 1076 2306 1161 quaerimus,

250 1180 316 1235 et
352 1169 649 1255 quoniam
682 1170 979 1257 princeps
1012 1168 1290 1237 Crassus
1325 1171 1462 1236 eius
1503 1170 1812 1236 sermonis
1847 1170 2134 1237 ordiendi
2168 1170 2308 1248 fuit,

251 1262 399 1329 date
450 1265 635 1331 nobis
687 1265 854 1330 hanc
896 1265 1179 1343 veniam,
1230 1275 1303 1329 ut
1354 1287 1460 1342 ea,
1515 1286 1678 1349 quae
1724 1264 1970 1331 sentitis
2015 1266 2095 1330 de
2139 1264 2312 1331 omni

249 1380 484 1445 genere
521 1359 799 1437 dicendi,
856 1357 1170 1425 subtiliter
1201 1358 1700 1445 persequamini3
1756 1359 1929 1442 quod
1962 1358 2218 1443 quidem
2254 1359 2311 1424 si

250 1451 371 1517 erit
404 1473 445 1516 a
477 1453 660 1517 vobis
694 1453 1130 1539 impetratum,
1182 1476 1484 1539 magnam
1517 1451 1796 1531 habebO,
1853 1451 2118 1532 Crasse,
2164 1453 2312 1519 huic
2411 1492 2418 1497 ·

248 1544 604 1631 palaestrae
640 1554 705 1609 et
739 1544 1104 1611 Tusculano
1139 1555 1260 1609 tuo
1294 1544 1566 1630 gratiam
1601 1557 1666 1611 et
1696 1545 1886 1632 longe
1921 1547 2310 1613 Academiae

250 1638 343 1702 illi
392 1658 469 1702 ac
518 1637 727 1724 Lycio
780 1648 961 1703 tuum
1011 1637 1134 1704 hoc
1187 1638 1620 1703 suburbanum
1680 1642 2084 1726 &mnasium
2137 1653 2312 1705 ante-

248 1732 526 1820 ponam?
615 1743 751 1798 tum
782 1732 890 1797 ille
927 1733 1148 1797 ‘immo
1184 1754 1335 1798 vero
1346 1732 1386 1811 ,²
1422 1732 1627 1818 inquit
1661 1734 1937 1820 ‘Sulpici
1945 1782 1965 1813 ,
2010 1757 2309 1821 rogemus
2345 1732 2414 1785 22

251 1825 635 1905 Antonium,
690 1826 800 1910 qui
844 1837 910 1891 et
948 1837 1164 1912 potest
1206 1826 1447 1906 facere,
1501 1828 1672 1912 quod
1713 1828 2009 1913 requiris,
2064 1840 2130 1893 et
2162 1849 2314 1894 con·-
2354 1804 2406 1843 ⁹⁹

254 1919 489 1998 suevit,
542 1931 614 1984 ut
648 1929 712 1985 te
753 1919 943 1984 audio
988 1920 1229 1986 dicere:
1282 1944 1435 1985 nam
1467 1944 1571 1986 me
1616 1922 1873 2004 quidem
1906 1921 2112 1987 fateor
2148 1944 2314 1987 sem-

250 2036 367 2100 per
401 2036 442 2078 a
474 2036 709 2100 genere
743 2013 866 2079 hoc
899 2024 1033 2079 toto
1086 2014 1396 2079 sermonis
1431 2015 1748 2101 refugisse
1783 2027 1849 2081 et
1883 2016 1998 2081 tibi
2035 2015 2312 2103 cupienti

254 2117 442 2192 atque
494 2107 759 2174 instanti
810 2107 1185 2195 saepissime
1247 2131 1552 2195 negasse,
1612 2122 1684 2174 ut
1735 2120 1870 2177 tute
1920 2110 2113 2198 paulo
2167 2121 2313 2176 ante

254 2200 496 2279 dixisti3
534 2202 707 2286 quod
740 2224 863 2290 ego
898 2225 1027 2268 non
1063 2202 1364 2290 superbia
1396 2225 1604 2287 neque
1629 2203 2084 2270 inhumanitate
2119 2203 2314 2271 facie·-
2414 2284 2419 2289 ¹

254 2297 404 2360 bam
436 2317 643 2379 neque
694 2317 819 2380 quo
858 2308 965 2363 tuo
1019 2297 1229 2364 studio
1279 2298 1634 2390 rectissimo
1687 2310 1876 2384 atque
1912 2299 2150 2387 optimo
2183 2322 2314 2365 non

256 2387 523 2472 obsequi
556 2387 814 2468 vellem,
866 2391 1239 2478 praesertim
1276 2413 1418 2456 cum
1456 2403 1518 2457 te
1553 2413 1751 2458 unum
1784 2415 1867 2458 ex
1901 2393 2194 2459 omnibus
2231 2393 2313 2458 ad

256 2480 595 2546 dicendum
611 2482 885 2548 maxime
911 2496 1130 2549 natum
1150 2496 1494 2570 aptumque
1513 2507 1914 2572 cognossem,
1936 2487 2052 2552 sed
2067 2485 2314 2551 meher-

257 2574 398 2640 cule
448 2575 633 2640 istius
689 2563 1130 2662 disputationis
1182 2578 1524 2643 insolentia
1572 2591 1761 2664 atque
1814 2602 2030 2645 earum
2081 2601 2312 2658 rerum,

257 2690 419 2752 quae
445 2668 630 2753 quasi
653 2667 722 2732 in
756 2678 889 2734 arte
918 2671 1265 2748 traduntur,
1300 2670 1674 2739 inscientia?
1730 2683 1865 2738 tum
1893 2671 2088 2739 Cotta
2127 2679 2313 2755 ‘quo-
2337 2699 2418 2740 100

254 2762 427 2826 niam
462 2762 557 2841 id,
612 2762 785 2846 quod
818 2762 1258 2828 difficillimum
1298 2765 1486 2830 nobis
1532 2765 1891 2846 videbatur,
1943 2777 2016 2831 ut
2057 2767 2312 2832 omnino

257 2857 339 2921 de
373 2856 473 2921 his
507 2857 721 2934 rebus,
759 2853 1018 2936 Crasse,
1053 2856 1414 2942 loquerere,
1450 2860 1735 2926 adsecuti
1771 2884 2020 2938 sumus,
2054 2861 2136 2925 de
2169 2857 2316 2924 reli-

256 2971 383 3035 quo
416 2950 547 3015 iam
580 2961 800 3016 nostra
833 2950 1022 3039 culpa
1054 2951 1272 3031 fuerit,
1310 2952 1367 3018 si
1401 2964 1494 3032 te,
1533 2954 1656 3020 nisi
1689 2957 1929 3034 omnia,
1974 2978 2138 3039 quae
2170 2977 2315 3042 per-
2421 2991 2427 2996 ·

256 3044 493 3110 contati
525 3043 791 3123 erimus,
828 3043 1193 3132 explicaris,
1231 3046 1695 3114 dimiserimus.’
1786 3050 1895 3114 ‘de
1932 3050 2053 3127 eis,
2101 3050 2310 3126 credo,
2341 3075 2417 3115 101

255 3139 449 3204 rebus
458 3138 509 3218 ,⁹
569 3138 777 3223 inquit
832 3136 1111 3206 Crassus
1164 3147 1269 3207 ‘ut
1320 3141 1388 3206 in
1441 3141 1825 3208 cretionibus
1881 3142 2072 3207 scribi
2125 3143 2315 3208 solet:

257 3255 467 3304 oureus
502 3255 683 3298 somn
712 3234 1112 3308 pomoque?
1202 3245 1339 3301 tum
1370 3235 1480 3303 ille
1516 3242 1694 3301 ‘nam
1727 3237 1900 3321 quod
1934 3248 2003 3302 tu
2035 3259 2167 3302 non
2199 3259 2316 3323 po-

254 3327 406 3392 teris
444 3338 552 3393 aut
586 3329 862 3407 nescies,
916 3329 1059 3413 quis
1094 3341 1385 3395 nostrum
1419 3341 1552 3396 tam
1593 3330 1930 3418 impudens
1967 3343 2067 3397 est
2101 3331 2210 3415 qui
2246 3353 2316 3395 se

256 3419 418 3484 scire
454 3432 564 3485 aut
596 3443 789 3507 posse
822 3423 1165 3510 postuletP’
1210 3423 1369 3490 ‘iam
1403 3447 1556 3492 vero
1589 3425 1716 3490 ista
1749 3425 2126 3502 conditione,
2165 3424 2316 3487 dum

256 3513 413 3578 mihi
444 3513 633 3580 liceat
656 3537 891 3602 negare
917 3539 1110 3603 posse
1138 3519 1307 3602 quod
1342 3541 1472 3584 non
1494 3531 1718 3606 potero
1754 3530 1818 3585 et
1851 3518 2038 3584 fateri
2070 3515 2315 3582 nescire

256 3610 428 3694 quod
459 3609 761 3689 nesciam,
795 3610 970 3676 licet'
1006 3612 1211 3697 inquit
1240 3610 1518 3679 Crassus
1556 3620 1800 3682 ‘vestro
1835 3612 2138 3678 arbitratu
2171 3633 2318 3697 per-

256 3703 638 3771 contemini?
728 3705 956 3789 ‘atqui’
1010 3705 1215 3791 inquit
1250 3705 1572 3794 Sulpicius
1610 3707 1761 3772 ‘hoc
1805 3727 1884 3771 ex
1921 3716 2012 3784 te,
2067 3705 2147 3769 de
2184 3725 2308 3788 quo
2338 3728 2415 3769 102

254 3799 445 3866 modo
481 3798 805 3865 Antonius
842 3800 1155 3886 exposuit,
1193 3801 1366 3884 quid.
1382 3800 1639 3878 sentias,
1678 3799 2059 3885 quaerimus,
2096 3797 2316 3863 existi-

256 3913 477 3958 mesne
529 3904 730 3960 artem
784 3894 1061 3978 aliquam
1112 3917 1259 3961 esse
1322 3895 1636 3960 dicendi?
1701 3895 1921 3979 ‘quidi‘
1981 3892 2138 3958 mihi
2197 3914 2314 3958 vos

256 3985 450 4049 nunc’
506 3987 710 4071 inquit
762 3986 1041 4052 Crassus
1102 3993 1454 4072 ‘tamquam
1498 3987 1684 4053 alicui
1739 3988 2053 4056 Graeculo
2107 3987 2310 4053 otioso

255 4088 321 4144 et
354 4078 602 4162 loquaci
638 4092 703 4146 et
728 4082 1001 4147 fortasse
1032 4081 1219 4148 docto
1254 4095 1443 4166 atque
1471 4082 1716 4149 erudito
1745 4083 2305 4169 quaestiunculam,
