2784 4575
228 59 506 154 ἒ*
514 141 520 145 .
570 128 571 132 =
2775 90 2777 133 i

399 201 408 213 ι
466 238 721 289 XLVIII
1261 242 1600 287 Annon‘no
1640 242 1888 285 omncs.

474 364 702 429 pvstan.
738 374 858 413 rem
883 355 1189 428 publicam.
1225 357 1320 409 boc
1347 364 1423 409 est
1441 356 1553 425 pri-
1589 354 1720 409 incl.
1760 357 1832 409 ad
1845 357 1981 408 banc
1990 356 2299 425 pactionem.
2337 375 2383 413 s.
2422 357 2499 413 ad
2523 357 2666 414 hauc

472 445 598 489 vata
633 438 860 505 quadam
895 434 1025 488 incl.
1114 438 1209 488 hoc
1246 446 1321 490 est
1359 435 1551 504 populi
1591 431 1992 486 conditionem.
2018 434 2038 501 11
2067 439 2149 487 74.
2179 443 2227 487 et
2252 452 2317 488 ea:
2340 436 2449 489 sm‘ss
2478 452 2579 489 scr.
2600 453 2663 490 ex

477 514 797 567 maiestatem
847 512 978 566 incl.
1015 512 1211 565 minuit.
1247 508 1416 578 pvks.
1454 508 1554 562 mi-
1591 509 1725 563 suis.
1754 518 2000 563 tractare.
2031 518 2155 565 vol.
2181 511 2433 566 tractari.
2469 513 2532 566 de
2548 529 2662 582 quo.

471 590 600 643 nuit
622 590 690 643 is.
753 591 981 659 adferre.
1029 605 1110 641 vs.
1163 585 1398 640 adferri.
1424 588 1553 656 153.
1588 603 1718 655 pvn.
1741 602 1855 657 quo
1877 586 1968 640 de.
1994 581 2142 660 fl25,
2173 595 2255 643 75.
2283 596 2535 658 arquetur
2560 603 2663 642 scr.

472 676 521 721 et
555 667 933 720 controversias
965 664 1098 718 incl.
1133 665 1153 734 1
1189 670 1272 717 54.
1319 671 1367 716 et
1404 679 1552 732 quae.
1590 662 1864 733 arguitur.
1897 664 2214 721 laudabitur.
2232 663 2455 734 ρῖοειιι.
2474 664 2662 719 lauda-

471 743 698 813 pvketa.
733 748 794 797 et
821 742 868 796 si
893 758 1059 813 quae.
1101 742 1392 793 ostendetur
1417 738 1551 792 incl.
1588 744 1695 793 tur.
1728 740 2177 795 demonstrabitur.
2210 740 2403 812 p²ean.
2439 741 2662 797 demon-

479 823 501 890 11
531 815 627 892 18,
647 826 728 875 55.
751 837 866 871 cum
877 818 1099 885 etfaciat
1120 832 1225 870 scr.
1249 820 1556 870 commutet
1590 820 1816 870 stratur.
1844 818 1864 885 Ι
1853 822 1973 870 76.
2007 819 2206 872 bonesti
2228 848 2297 859 —
2333 827 2664 888 coqnoscetur

469 896 665 951 faciat.
678 912 769 967 pv.
789 900 854 949 ut
865 894 1043 949 etfac.
1057 893 1550 961 defensorisdeinde.
1587 892 1722 947 incl.
1738 894 1921 947 dicere.
1938 910 2099 963 pvsa.
2120 893 2390 964 deinceps
2410 894 2609 950 dicere.
2633 897 2652 965 11

468 991 526 1028 n.
557 971 895 1028 defensoris.
917 971 990 1024 13.
1019 972 1200 1024 deinde
1215 969 1347 1023 incl.
1374 970 1553 1022 simili-
1589 964 1714 1041 26,
1747 977 1827 1024 77.
1891 971 1944 1022 hi
1973 979 2141 1023 erunt.
2186 970 2379 1025 Klotz.
2426 970 2660 1027 inerunt.

470 1051 562 1103 bus
589 1080 657 1090 —
683 1049 972 1101 rationibus
997 1048 1132 1101 incl.
1163 1044 1394 1103 Schiitz.
1420 1048 1441 1115 fl
1466 1051 1551 1101 56.
1590 1044 1653 1115 G,
1666 1012 1731 1099 Ε.
1784 1055 1831 1099 et
1866 1044 2002 1114 facti
2031 1076 2102 1087 —
2136 1049 2504 1117 turpitudinem
2534 1048 2660 1105 incl.

470 1126 778 1194 defensoris.
802 1142 844 1176 s.
865 1123 1015 1178 def.
999 1141 1066 1177 ιε.
1084 1132 1555 1178 eorum—utemur
1590 1124 2093 1193 cumindiqnatione.
2128 1140 2223 1193 pV.
2262 1138 2389 1177 cum
2407 1124 2523 1178 ind.
2540 1140 2662 1195 pro-

470 1203 606 1256 incl.
637 1204 656 1271 11
686 1198 784 1272 19,
815 1205 898 1254 58.
928 1202 1152 1271 quodam
1169 1202 1341 1253 modo.
1373 1216 1458 1267 nr,
1490 1205 1556 1253 ut
1591 1198 1757 1254 ferre.
1783 1202 1914 1269 1178.
1937 1201 2133 1270 recipit.
2151 1217 2244 1270 pv.
2263 1200 2496 1270 recepit.
2523 1197 2664 1273 1127,

470 1279 536 1332 Ε.
569 1284 702 1333 ante
721 1276 790 1332 Ο.
824 1292 1071 1348 quonam
1096 1277 1282 1331 modo.
1317 1278 1374 1330 in
1402 1293 1553 1329 accu-
1591 1282 1677 1331 80.
1698 1285 1805 1328 tum
1823 1278 2305 1345 leym—vindicari
2317 1277 2450 1331 incl.
2469 1280 2663 1334 habere.

471 1358 688 1409 satione.
707 1358 861 1423 pvta.
883 1370 1006 1407 cum
1025 1353 1084 1407 in
1102 1370 1223 1409 acc.
1244 1370 1354 1407 acc.
1367 1362 1555 1407 autem.
1588 1370 1716 1422 pva.
1752 1352 1969 1408 haberi.
2041 1359 2126 1407 81.
2151 1363 2340 1423 postea
2365 1354 2499 1409 incl.
2534 1357 2664 1409 dice-

472 1437 616 1487 vsta.
649 1448 768 1486 acc.
799 1439 970 1484 autem
997 1430 1128 1485 incl.
1159 1432 1378 1484 multum
1398 1447 1554 1499 opor-
1589 1429 1851 1483 musincl.
1881 1428 2145 1483 Lambin.
2180 1432 2351 1484 sibae.
2388 1447 2519 1500 pvn.
2556 1431 2666 1486 hoc

102 1517 115 1528 “
160 1519 168 1526 “
205 1509 228 1563 ,¹
259 1541 276 1557 .
304 1506 307 1510 ⁴
401 1559 405 1560 ff
474 1518 541 1563 tet
562 1518 610 1562 et
627 1510 714 1562 diu
733 1509 991 1561 consistat.
1011 1505 1139 1577 Ο,Ε.
1175 1508 1288 1561 Po:
1316 1506 1555 1561 multum
1591 1505 1656 1560 si.
1694 1515 1913 1559 accuset.
1944 1522 1991 1560 a.
2023 1513 2273 1561 accusat.
2300 1509 2428 1576 182.
2463 1509 2665 1562 demon-

213 1576 287 1610 Ῥ
475 1592 534 1641 et
571 1586 666 1638 diu
703 1584 1073 1639 consistebat.
1143 1587 1553 1638 demonstratum
1588 1582 1771 1636 strabit
1842 1598 1947 1636 scr.
2005 1582 2501 1638 demonstrabitur.
2571 1587 2667 1639 illa

472 1672 618 1717 esset.
654 1661 785 1733 pvk.
821 1662 965 1716 dem.
997 1662 1085 1715 sit.
1135 1665 1362 1732 adficere
1386 1677 1550 1713 reum.
1588 1662 1857 1713 damnata.
1902 1658 2113 1712 mentio
2140 1659 2416 1715 Horatiae
2452 1661 2526 1715 ab
2558 1660 2667 1715 hoc

473 1756 578 1793 scr.
626 1737 871 1794 adficere
909 1755 1052 1793 eum.
1106 1758 1211 1810 qua
1251 1738 1555 1808 parricidae
1590 1736 1721 1789 loco
1742 1734 1931 1789 aliena
1949 1734 2188 1804 videtur,
2221 1742 2281 1791 et
2297 1736 2667 1791 masculinum

471 1818 790 1887 adficiuntur
805 1815 936 1869 incl.
965 1825 1095 1869 esset
1113 1824 1397 1885 acceptum.
1416 1831 1461 1866 r.
1482 1812 1555 1865 sit
1591 1828 1772 1882 genus
1808 1810 2020 1881 septies
2056 1812 2484 1869 restituendum.
2530 1831 2665 1867 com-

472 1909 591 1947 aco.
617 1895 636 1962 11
662 1898 745 1946 59.
773 1893 1014 1961 adficere.
1033 1897 1148 1944 vta.
1179 1888 1367 1946 adfici.
1398 1905 1553 1958 opor-
1587 1898 1889 1958 pararetur.
1899 1904 2057 1957 pvse.
2071 1890 2523 1959 comparabatur.
2545 1907 2667 1944 con·-

474 1975 578 2022 teat
599 1998 658 2008 —
681 1976 1042 2035 consequatur.
1072 1965 1203 2035 Ο,Ε.
1238 1967 1353 2020 Fo:
1388 1980 1553 2034 opor·
1589 1967 1797 2018 venerit.
1817 1963 2009 2033 p²vo2.
2038 1965 2382 2020 conveniret.
2408 1969 2427 2036 11
2452 1961 2554 2038 28,
2582 1971 2665 2021 83.

471 2049 621 2099 teret
654 2073 725 2083 —
759 2045 1269 2113 consequeretur.fl
1302 2037 1415 2113 20,
1468 2047 1552 2095 61.
1590 2043 1989 2095 demonstrando
2017 2059 2090 2096 se.
2125 2042 2243 2112 pv2.
2281 2042 2584 2097 demonstr.
2606 2059 2668 2096 se

474 2122 635 2175 aliud.
671 2116 820 2187 ta‚o.
858 2118 995 2188 qnid
1015 2118 1186 2172 aliud.
1221 2136 1392 2188 uqere.
1430 2135 1553 2188 pvs.
1589 2134 1763 2172 reum.
1801 2135 1958 2188 quam
1985 2120 2051 2171 sit
2075 2120 2235 2172 illius.
2274 2119 2381 2172 sv2.
2420 2119 2568 2191 (‘qui
2596 2120 2671 2173 sit

473 2196 586 2267 agi.
613 2198 738 2249 haec
756 2196 1151 2248 constitutiones.
1169 2212 1226 2265 p.
1243 2195 1353 2250 hae
1374 2200 1553 2248 const.
1590 2195 1777 2249 illius.’
1813 2193 1929 2266 pv.)
1966 2210 2134 2265 quam
2166 2193 2241 2248 sit
2265 2195 2380 2251 ille.
2409 2198 2669 2266 promeri-

483 2276 503 2343 11
528 2268 632 2344 21,
662 2278 744 2327 62.
771 2273 920 2326 venit.
948 2289 1039 2342 pv.
1070 2273 1302 2327 veniret.
1332 2273 1555 2326 heredes.
1592 2280 1697 2325 tum
1726 2289 1832 2327 scr.
1858 2270 2216 2343 promeritus.
2260 2272 2669 2344 (‘promeritis.’

476 2367 600 2418 pvs.
621 2348 859 2404 heredes
879 2348 1136 2404 secundi.
1155 2351 1209 2401 in
1227 2351 1405 2418 ipsius.
1424 2366 1552 2418 pva
1591 2348 1655 2420 s.)
1677 2350 1743 2402 ab
1760 2367 1879 2420 quo.
1897 2366 2065 2419 pvan.
2086 2365 2271 2420 aquo.
2298 2351 2320 2419 11
2343 2356 2427 2404 86.
2454 2366 2572 2402 cum
2588 2352 2674 2403 sui

477 2426 676 2496 ipsius.
710 2427 730 2495 11
766 2431 847 2480 63.
885 2427 1019 2479 enim
1053 2430 1185 2480 ante
1225 2425 1555 2496 ‘pecuniae’
1589 2427 1949 2496 conquestione
1979 2441 2086 2480 scr.
2126 2425 2213 2478 sui
2242 2427 2671 2496 conquestione.

292 2540 301 2548 ,
469 2500 600 2554 incl.
616 2503 731 2569 1164.
749 2503 846 2555 illo
866 2503 1401 2574 testamento.pv.illo
1420 2509 1556 2558 tem·
1589 2502 1801 2571 p²a²nr.
1849 2500 1991 2572 (‘sui
2017 2501 2515 2571 conquestionem)
2551 2504 2671 2573 pv.)

291 2586 304 2644 ζ
397 2578 426 2582 ”
467 2593 610 2647 pore
631 2583 760 2634 test.
781 2582 1006 2634 cedebat.
1019 2597 1100 2634 vs.
1113 2581 1487 2636 concedebat.
1508 2589 1556 2634 et
1591 2579 1678 2632 sui
1698 2577 2051 2649 conquestio.
2089 2587 2182 2631 aut
2205 2581 2414 2633 scelere.
2451 2596 2534 2632 vs.
2572 2585 2675 2632 aut

290 2700 315 2720 ,η
471 2661 534 2712 de
560 2677 618 2712 eo
644 2661 758 2728 ipso
777 2676 886 2712 esse
903 2657 1324 2710 controversiam.
1350 2655 1552 2725 pvksa.
1590 2673 1660 2710 ex
1678 2672 1755 2710 sc.
1771 2657 2063 2725 pertineret.
2074 2671 2205 2725 pvn.
2220 2654 2549 2726 (spertinet)
2562 2654 2669 2725 sa.)

292 2733 297 2737 ⁴
472 2735 794 2805 deeoipso.
821 2729 968 2805 1122,
1001 2740 1084 2788 65.
1121 2735 1271 2786 utilia
1289 2734 1402 2785 visa
1419 2731 1551 2787 incl.
1587 2731 1940 2802 pertinuerit.
1988 2740 2079 2785 aut
2112 2732 2359 2801 aliquam.
2406 2730 2673 2800 pnllvo2.

474 2813 495 2879 11
523 2818 606 2864 66.
635 2821 680 2864 et
698 2813 903 2864 nostris.
930 2828 1021 2878 pv.
1051 2809 1409 2864 etanostris.
1440 2811 1556 2862 cari
1589 2814 1688 2862 aut
1722 2808 1797 2862 ad
1834 2808 1907 2861 al.
1964 2809 2241 2863 vindicata.
2285 2823 2443 2877 pvsa.
2497 2807 2675 2861 fuerit

473 2904 596 2938 esse.
627 2902 814 2939 veanr.
845 2903 971 2940 esse
991 2886 1125 2939 cari.
1154 2903 1465 2938 reveremur.
1495 2884 1549 2939 k.
1588 2884 1739 2938 vind.
1766 2887 1787 2954 11
1810 2889 1895 2937 87.
1931 2895 2023 2938 aut
2048 2903 2114 2938 ex
2140 2886 2479 2938 coniecturali
2494 2893 2586 2937 aut
2607 2902 2674 2936 ex

271 3003 287 3012 ,
351 3010 354 3011 ⁷
473 2977 818 3016 veneremur.
844 2977 936 3030 vg.
962 2959 1377 3030 (‘veneramur.’
1415 2961 1551 3033 esa.)
1585 2963 1707 3031 fine.
1738 2978 1819 3014 vs.
1864 2961 1978 3014 Fo:
2017 2966 2116 3016 aut
2134 2978 2201 3016 ex
2220 2960 2551 3014 coniectura
2570 2966 2675 3013 aut

234 3069 265 3099 «2
303 3093 312 3102 ,
411 3061 417 3066 ·
458 3053 746 3093 veremur.
773 3037 793 3106 11
818 3042 900 3090 67.
935 3044 1134 3088 remota
1151 3055 1256 3089 non
1273 3045 1408 3090 sunt.
1447 3055 1551 3091 scr.
1590 3053 1659 3090 ex
1678 3034 2026 3107 definitione,
2048 3037 2210 3106 cf.11‚
2233 3042 2316 3092 99.
2342 3039 2361 3107 11
2387 3041 2470 3090 88.
2490 3039 2584 3090 sed
2602 3065 2677 3076 --

471 3113 780 3169 remotiora
833 3117 980 3166 sunt.
1053 3114 1428 3166 consuetudine.
1498 3131 1551 3167 v.
1588 3123 1792 3167 accuset
1824 3115 1934 3184 ipse
1966 3114 2098 3169 incl.
2152 3119 2385 3168 accuset
2417 3113 2562 3185 ipse.
2619 3131 2675 3166 ν.

474 3189 982 3262 (consuetudinem.
995 3205 1048 3258 p.
1064 3188 1549 3243 consuetudinum.
1586 3190 1709 3261 ipse
1730 3207 1847 3244 acc.
1876 3193 2007 3244 sicut
2023 3194 2157 3245 hunc
2184 3190 2317 3262 (‘sic
2336 3189 2525 3244 hunc.’
2553 3189 2674 3259 pv.)

472 3263 1111 3338 p2ta.)‘eonsuetudinis.
1137 3267 1156 3334 11
1184 3272 1265 3321 68.
1304 3269 1445 3336 quod
1460 3269 1550 3320 ita.
1586 3267 1717 3321 incl.
1743 3269 1872 3338 1189.
1911 3269 2035 3338 quid
2047 3268 2286 3337 potuerit.
2314 3283 2479 3336 pvan.
2513 3267 2680 3335 quod

471 3341 637 3413 pka.
699 3342 852 3412 quod
895 3341 1006 3395 inm
1049 3342 1144 3396 ita.
1211 3345 1548 3397 aut'maiore.
1585 3360 1701 3399 non
1728 3349 1849 3414 pot.
1887 3347 2170 3414 implicata.
2207 3345 2346 3397 vsl2.
2382 3342 2541 3412 impl.
2578 3343 2679 3395 de-

471 3436 664 3490 pvsnr.
720 3423 820 3472 aut
854 3435 922 3472 ex
957 3419 1184 3474 maiore.
1231 3421 1549 3489 exponimus,
1586 3421 2006 3475 monstrabitur.
2050 3423 2174 3491 quid
2207 3420 2449 3474 debuerit.
2494 3435 2679 3488 pvan.

472 3511 698 3566 pesanr.
718 3495 1092 3564 exposuimus.
1119 3498 1138 3567 11
1162 3491 1264 3568 23,
1279 3500 1357 3550 69.
1377 3497 1549 3550 huius·
1588 3498 1741 3567 quod
1759 3513 1876 3551 non
1897 3497 2028 3552 deb.
2066 3516 2130 3550 ex
2152 3497 2445 3550 honestatis.
2483 3494 2562 3547 12.
2606 3512 2682 3548 ex

474 3573 684 3626 cemodi.
711 3573 841 3642 p‚O.
869 3571 1208 3627 huiusmodi.
1233 3575 1290 3627 in
1303 3590 1549 3642 praesen·
1587 3575 1904 3628 honestate.
1934 3575 1996 3627 de
2013 3573 2518 3644 utroque—dicetur
2536 3571 2681 3624 incl.

473 3651 611 3703 tiam.
647 3666 772 3719 pve.
808 3648 867 3702 in
885 3649 1224 3720 praesentia.
1262 3650 1549 3703 consilium.
1586 3651 1653 3704 ab
1669 3668 1724 3704 se
1743 3666 1848 3704 scr.
1870 3649 1945 3704 ab
1963 3665 2079 3704 reo.
2106 3651 2125 3720 11
2151 3655 2234 3704 90.
2254 3650 2485 3703 alterius.
2508 3664 2593 3700 vs.
2617 3646 2685 3700 in

471 3743 598 3796 pva.
639 3725 953 3780 concilium.
979 3728 999 3795 11
1027 3733 1106 3782 70.
1150 3744 1246 3780 nec
1264 3728 1368 3796 pie.
1408 3725 1547 3778 v²es.
1587 3727 1682 3780 alt.
1710 3729 1731 3796 11
1756 3721 1858 3798 30,
1880 3732 1962 3780 91.
1982 3727 2253 3797 dequibus.
2272 3742 2458 3794 pvsar.
2480 3725 2555 3779 de
2578 3741 2684 3794 qu.

475 3802 570 3874 (ne
587 3801 696 3870 pie.
696 3802 864 3936 4.pv1)
890 3819 1077 3872 neque
1095 3803 1206 3872 pie.
1237 3812 1284 3856 et
1304 3801 1553 3871 oportebit
1586 3807 1735 3890 post.
1758 3803 2284 3873 quiinsuperioribus.
2292 3802 2408 3872 p2e.
2428 3801 2530 3874 qui
2546 3818 2681 3870 sup.

475 3878 608 3932 incl.
620 3873 739 3946 1124
741 3884 848 3948 ,,72
870 3881 1343 3932 circumsederetur
1353 3876 1549 3947 pvker.
1586 3879 1641 3931 in
1658 3880 1764 3932 alio
1792 3879 1924 3935 incl.
1958 3882 2025 3933 sit
2050 3888 2141 3933 aut
2166 3879 2297 3933 incl.
2329 3895 2555 3948 porcum
2586 3879 2684 3949 (ut

474 3953 792 4009 circumsid.
829 3964 877 4008 et
905 3973 1071 4010 arma.
1107 3973 1164 4026 p.
1203 3969 1377 4008 arma.
1414 3954 1433 4023 11
1468 3959 1549 4007 73.
1590 3953 1817 4027 statim).
1836 3973 1964 4027 pva.
1982 3972 2229 4028 porcam.
2256 3957 2276 4025 11
2302 3961 2383 4009 92.
2395 3955 2683 4024 particeps

464 4031 836 4086 coniecturalis
853 4030 984 4085 incl.
1005 4033 1177 4086 altera
1188 4031 1552 4085 coniecturalis
1588 4039 1660 4084 tu.
1680 4048 1767 4087 va.
1788 4038 1851 4087 tu
1868 4039 2013 4104 part.
2033 4051 2191 4088 necne
2209 4032 2341 4087 incl.
2362 4032 2490 4102 (om.
2514 4031 2623 4104 p.).
2654 4033 2676 4100 11
