2784 4575
462 308 551 375 42
1074 318 1153 373 M.
1192 316 1470 375 TULLII
1503 316 1906 375 CICERONIS

460 442 747 511 Ennium
794 441 965 507 dicat
1013 440 1121 506 ille
1152 439 1428 526 Pythius
1464 440 1738 528 Apollo,
1793 462 1864 507 se
1917 464 2061 507 esse
2116 464 2290 521 eum,
2355 444 2538 511 unde

464 536 606 617 sibi,
644 536 701 603 si
732 560 863 603 non
894 536 1115 623 populi
1148 547 1213 601 et
1244 557 1454 621 reges,
1491 546 1558 599 at
1590 556 1812 601 omnes
1841 535 1943 601 sui
1977 535 2150 603 cives
2187 536 2536 607 consilium

464 641 787 721 expetant,

635 746 1025 793 summarum
1056 746 1271 790 rerum
1302 723 1556 791 incerti:
1593 746 1752 809 quos
1789 747 1912 812 ego
1948 747 2070 812 ope
2103 748 2250 793 mea

633 842 717 885 ex
748 818 1005 885 incertis
1042 828 1251 883 certos
1284 828 1738 905 compotesque
1773 818 1998 885 consili

634 911 911 991 dimitte,
944 922 1021 977 ut
1050 934 1135 977 ne
1164 934 1270 978 res
1306 923 1546 979 temere
1580 923 1850 979 trement
1883 912 2198 979 turbidas:

348 1032 429 1075 200
463 1018 565 1073 est
596 1005 767 1073 enim
802 1005 941 1072 sine
974 1004 1168 1072 dubio
1202 1005 1432 1072 domus
1465 1005 1620 1073 iuris
1657 1005 1934 1075 consulti
1967 1006 2160 1073 totius
2200 1008 2526 1075 oraculum

462 1101 763 1179 civitatis3
802 1100 981 1167 testis
1016 1109 1119 1165 est
1151 1099 1418 1166 huiusce
1448 1098 1532 1181 Q.
1559 1098 1766 1167 Mucii
1795 1100 1989 1168 ianua
2021 1111 2089 1169 et
2119 1102 2525 1180 vestibulum,

462 1196 633 1281 quod
656 1196 725 1260 in
751 1194 888 1261 eius
914 1192 1347 1260 infirmissima
1371 1194 1733 1261 valetudine
1761 1194 2134 1280 adfectaque
2160 1196 2286 1262 iam
2313 1208 2526 1263 aetate

461 1290 743 1355 maxima
792 1287 1023 1354 cotidie
1074 1289 1434 1375 frequentia
1474 1289 1708 1355 civium
1760 1311 1836 1355 ac
1877 1312 2260 1357 summorum
2309 1290 2524 1357 homi-

462 1406 617 1449 num
653 1382 989 1469 splendore
1024 1383 1396 1449 celebratur.

348 1474 430 1587 iffi
582 1478 725 1545 Iam
756 1478 867 1543 illa
898 1502 1030 1545 non
1062 1479 1323 1565 longam
1364 1477 1715 1545 orationem
1767 1478 2158 1557 desiderant,
2211 1500 2405 1563 quam
2437 1481 2525 1547 ob

462 1594 599 1639 rem
640 1571 999 1639 existimem
1042 1573 1301 1661 publica
1350 1595 1602 1658 quoque
1641 1572 1810 1651 iura,
1865 1593 2030 1656 quae
2075 1582 2228 1639 sunt
2266 1573 2528 1661 propria

464 1666 736 1735 civitatis
772 1677 961 1753 atque
993 1666 1271 1755 imperii,
1324 1677 1462 1732 tum
1502 1676 1914 1735 monumenta
1943 1689 2158 1735 rerum
2198 1678 2526 1755 gestarum

462 1772 531 1828 et
561 1763 896 1829 vetustatis
940 1761 1237 1849 exempla
1286 1760 1522 1827 oratori
1569 1771 1724 1827 nota
1767 1782 1912 1827 esse
1955 1760 2218 1839 debere3
2269 1784 2422 1827 nam
2450 1774 2526 1829 ut

459 1858 529 1922 in
574 1880 789 1923 rerum
838 1854 1227 1944 privatarum
1280 1856 1491 1921 causis
1545 1865 1734 1939 atque
1783 1852 2034 1921 iudiciis
2095 1854 2530 1942 depromenda

463 1974 655 2038 saepe
690 1950 891 2016 oratio
926 1959 1026 2013 est
1059 1970 1142 2013 ex
1172 1948 1310 2013 iure
1346 1948 1517 2013 civili
1550 1960 1616 2015 et
1645 1947 1900 2027 idcirco,
1933 1958 2010 2015 ut
2041 1959 2190 2015 ante
2225 1948 2521 2028 diximus,

461 2045 697 2111 oratori
728 2042 882 2108 iuris
918 2041 1121 2106 civilis
1176 2041 1442 2107 scientia
1489 2042 1852 2109 necessaria
1893 2053 2020 2122 est,
2075 2043 2169 2109 sic
2199 2042 2270 2107 in
2313 2044 2522 2110 causis

460 2137 732 2226 publicis
783 2134 1187 2213 iudiciorum,
1242 2136 1636 2215 contionum,
1689 2147 1950 2203 senatus
2003 2136 2212 2204 omnis
2253 2137 2414 2203 haec
2455 2148 2524 2204 et

464 2228 855 2316 antiquitatis
902 2228 1212 2296 memoria
1244 2241 1310 2296 et
1341 2231 1582 2319 publici
1615 2231 1770 2298 iuris
1823 2231 2162 2300 auctoritas
2197 2241 2266 2298 et
2295 2254 2524 2320 regen-

391 2391 397 2397 ,
463 2325 583 2392 dae
615 2323 710 2390 rei
741 2325 1035 2413 publicae
1076 2324 1240 2391 ratio
1274 2347 1351 2390 ac
1394 2326 1662 2394 scientia
1709 2336 2036 2412 tamquam
2077 2325 2290 2411 aliqua
2321 2337 2526 2394 mate—

460 2419 589 2486 ries
624 2419 719 2486 eis
756 2419 1137 2498 oratoribus,
1193 2420 1303 2505 qui
1335 2431 1672 2486 versantur
1701 2421 1771 2486 in
1802 2443 1872 2487 re
1905 2421 2191 2511 publica,
2237 2419 2528 2486 subiecta

348 2542 430 2583 202
465 2537 630 2582 esse
644 2515 860 2594 debet3
896 2537 1027 2581 non
1062 2513 1231 2580 enim
1264 2516 1654 2581 causidicum
1679 2515 1896 2582 nescio
1931 2537 2124 2601 quem
2150 2535 2348 2598 neque
2383 2513 2524 2578 cla-

458 2620 769 2678 matorem
805 2619 916 2676 aut
948 2609 1238 2676 rabulam
1290 2609 1414 2676 hoc
1467 2632 1760 2676 sermone
1798 2619 2019 2676 nostro
2071 2606 2522 2692 conquirimus,

461 2707 579 2774 sed
613 2729 759 2772 eum
792 2705 1027 2783 virum,
1074 2705 1183 2789 qui
1214 2704 1492 2791 primum
1525 2705 1610 2770 sit
1645 2704 1780 2770 eius
1817 2703 1970 2770 artis
2009 2703 2300 2781 antistes,
2337 2701 2522 2768 cuius

459 2821 605 2866 cum
637 2801 781 2887 ipsa
812 2809 1039 2864 natura
1068 2821 1371 2886 magnam
1405 2797 1646 2865 homini
1670 2798 2038 2864 facultatem
2071 2798 2271 2876 daret,
2307 2807 2524 2864 tamen

458 2892 713 2957 dedisse
741 2891 899 2956 deus
925 2901 1202 2977 putatur,
1239 2903 1311 2956 ut
1344 2903 1410 2958 et
1433 2893 1663 2979 ipsum,
1701 2891 1872 2975 quod
1897 2901 2034 2958 erat
2065 2889 2338 2957 hominis
2373 2913 2526 2976 pro-

456 2984 697 3071 prium,
749 3005 879 3050 non
912 2995 1167 3071 partum
1208 3008 1325 3072 per
1366 3009 1517 3063 nos,
1570 2985 1686 3052 sed
1737 2983 2038 3050 divinitus
2075 2983 2159 3050 ad
2190 3007 2310 3050 nos
2347 2983 2526 3049 dela-

458 3089 598 3142 tum
632 3077 979 3158 videretur3
1018 3079 1267 3158 deinde,
1304 3079 1415 3165 qui
1446 3079 1653 3168 possit
1683 3102 1815 3146 non
1849 3088 1981 3144 tam
2014 3077 2290 3147 caduceo
2323 3097 2524 3160 quam

456 3171 713 3238 nomine
750 3173 1015 3240 oratoris
1052 3185 1312 3240 ornatus
1364 3173 1698 3240 incolumis
1734 3173 1838 3240 vel
1873 3173 2038 3239 inter
2081 3171 2353 3240 hostium
2387 3171 2527 3240 tela

456 3266 700 3358 versari
707 3291 727 3345 ;
780 3277 943 3346 tum,
999 3267 1108 3353 qui
1152 3268 1361 3334 scelus
1411 3269 1828 3352 fraudemque
1861 3267 2150 3334 nocentis
2183 3263 2390 3354 possit
2424 3265 2524 3330 di·-

458 3361 662 3428 cendo
716 3361 1007 3428 subicere
1056 3363 1205 3429 odio
1259 3360 1496 3427 civium
1557 3361 1995 3450 supplicioque
2053 3359 2490 3447 constringere
2497 3385 2518 3438 3

456 3455 752 3541 idemque
786 3453 1026 3542 ingenii
1074 3454 1391 3543 praesidio
1433 3456 1861 3522 innocentiam
1903 3454 2280 3523 iudiciorum
2312 3475 2524 3542 poena

456 3549 725 3616 liberare
735 3575 755 3628 3
806 3549 1103 3634 idemque
1136 3549 1549 3636 languentem
1589 3550 2036 3634 labentemque
2067 3549 2378 3637 populum
2411 3557 2522 3614 aut

457 3644 543 3708 ad
577 3644 771 3710 decus
809 3643 1083 3710 excitare
1120 3653 1231 3709 aut
1264 3643 1347 3709 ab
1382 3667 1594 3712 errore
1629 3643 1941 3710 deducere
1985 3652 2097 3713 aut
2127 3641 2521 3708 inflammare

454 3737 525 3800 in
555 3737 883 3826 improbos
926 3747 1039 3802 aut
1088 3737 1423 3804 incitatum
1463 3738 1531 3805 in
1563 3739 1768 3806 bonos
1809 3737 2134 3826 mitigare3
2189 3736 2300 3822 qui
2343 3734 2522 3805 deni-

458 3852 608 3916 que,
668 3853 1133 3919 quemcumque
1193 3831 1263 3898 in
1323 3833 1551 3900 animis
1611 3832 1942 3900 hominum
1998 3841 2246 3899 motum
2291 3853 2399 3898 res
2455 3840 2522 3895 et

456 3945 651 3990 causa
699 3926 1008 4013 postulet,
1062 3949 1209 3994 eum
1245 3927 1514 3995 dicendo
1559 3929 1663 3994 vel
1708 3928 1986 3994 excitare
2037 3925 2246 4014 possit
2278 3925 2384 3991 vel
2419 3946 2522 3990 80-

342 4041 425 4082 203
460 4016 631 4083 dare.
718 4020 885 4085 hanc
934 4020 1067 4086 vim
1120 4022 1177 4087 si
1228 4021 1370 4106 quis
1425 4021 1747 4088 existimat
1797 4032 1910 4088 aut
1959 4021 2042 4086 ab
2097 4020 2219 4099 eis,
2275 4017 2386 4104 qui
2437 4017 2516 4084 de

459 4107 709 4175 dicendi
757 4113 1001 4180 ratione
1060 4115 1477 4208 scripserunt,
1541 4115 1898 4204 expositam
1960 4136 2104 4180 esse
2159 4124 2270 4179 aut
2322 4136 2362 4177 a
2411 4132 2518 4179 me

2739 2150 2746 2189 .-4
