2784 4575
467 271 594 336 146
999 321 1024 330 ψ.
1077 280 1156 336 Μ.
1197 279 1472 338 TULLII
1508 277 1915 336 CICERONIS

465 409 619 484 sint,
677 427 1158 490 sermonemque
1191 404 1277 468 L.
1316 400 1541 469 Crassi
1579 401 1895 487 reliquum
1929 423 2007 468 ac
2039 423 2245 490 paene
2276 413 2537 490 postre-

461 523 640 566 mum
687 499 1030 565 memoriae
1091 497 1437 584 prodamus
1456 545 1475 575 ‚
1540 508 1730 581 atque
1793 496 1880 575 ei,
1942 497 2066 562 etsi
2121 519 2539 582 nequaquam

383 641 387 646 ,
461 618 683 682 parem
733 593 902 658 illius
953 591 1243 679 ingenio,
1306 601 1373 657 at
1420 614 1538 677 pro
1590 601 1809 658 nostro
1862 602 2077 657 tamen
2130 590 2342 657 studio
2391 613 2541 657 me-

385 715 436 757 ιε
461 690 650 756 ritam
683 688 955 776 gratiam
991 687 1394 770 debitamque
1435 685 1808 752 referamus.
1894 707 2103 770 neque
2146 685 2317 750 enim
2352 685 2541 770 quis-

463 807 655 869 quam
697 793 1018 859 nostrum,
1071 802 1218 846 cum
1258 781 1456 846 libros
1489 778 1781 846 Platonis
1830 779 2202 846 mirabiliter
2254 779 2533 867 scriptos

460 879 645 966 legit,
699 877 770 942 in
803 877 1033 962 quibus
1069 875 1366 941 omnibus
1402 875 1537 940 fere
1574 871 1875 941 Socrates
1920 873 2321 960 exprimitur,
2370 896 2531 952 non,

461 992 846 1056 quamquam
879 969 992 1035 illa
1027 969 1263 1056 scripta
1299 977 1453 1034 sunt
1484 967 1815 1046 divinitus,
1850 978 2067 1033 tamen
2098 967 2307 1034 maius
2342 967 2535 1052 quid·

463 1067 612 1132 dam
673 1066 756 1131 de
817 1065 955 1142 illc,
1027 1063 1107 1129 de
1170 1084 1296 1147 quo
1357 1063 1596 1149 scripta
1656 1073 1832 1142 sunt,
1904 1060 2263 1148 suspicatur
2272 1085 2292 1140 3
2354 1063 2536 1147 quod

463 1160 618 1226 item
649 1183 770 1225 nos
821 1157 1220 1244 postulamus
1265 1179 1397 1223 non
1432 1179 1471 1220 a
1504 1166 1569 1221 te
1602 1155 1889 1240 quidem,
1940 1155 2050 1240 qui
2081 1154 2269 1221 nobis
2312 1155 2533 1220 omnia

465 1276 715 1318 summa
747 1251 1005 1331 tribuis,
1044 1251 1158 1317 sed
1193 1273 1233 1316 a
1267 1249 1514 1329 ceteris,
1551 1249 1660 1334 qui
1694 1249 1855 1316 haec
1885 1249 1954 1314 in
1987 1273 2215 1315 manus
2253 1261 2528 1328 sument,

460 1347 665 1412 maius
699 1357 773 1411 ut
805 1345 1128 1429 quiddam
1154 1345 1234 1412 de
1268 1345 1353 1410 L.
1392 1343 1665 1422 Crasse,
1720 1366 1912 1428 quam
1955 1354 2264 1454 quantum
2310 1339 2379 1430 [a
2410 1367 2533 1410 no-

389 1467 439 1508 16
462 1440 592 1529 bis]
650 1441 1065 1528 exprimetur,
1121 1439 1541 1528 suspicentur.
1627 1462 1746 1506 nos
1800 1439 1998 1518 enim,
2052 1438 2163 1523 qui
2211 1438 2339 1525 ipsi
2392 1461 2532 1504 ser-

463 1534 638 1603 moni
685 1556 818 1601 non
876 1533 1385 1600 interfuissemus
1452 1543 1519 1599 et
1574 1533 1805 1617 quibus
1859 1530 1937 1599 C.
1996 1530 2191 1600 Cotta
2248 1542 2530 1598 tantum-

461 1629 652 1695 modo
685 1627 863 1694 locos
900 1648 976 1693 ac
1011 1627 1356 1693 sententias
1391 1626 1582 1692 huius
1636 1625 2082 1722 disputationis
2134 1625 2531 1705 tradidisset,

465 1744 589 1806 quo
623 1721 692 1786 in
736 1743 970 1807 genere
1022 1720 1324 1788 orationis
1376 1733 1717 1805 utrumque
1769 1730 2085 1786 oratorem
2134 1739 2529 1807 cognovera-

461 1839 625 1895 mus,
644 1815 758 1880 id
737 1839 952 1902 ipsum
978 1837 1198 1880 sumus
1223 1815 1292 1879 in
1319 1837 1539 1880 eorum
1564 1836 1856 1880 sermone
1883 1814 2256 1879 adumbrare
2284 1811 2529 1879 conati.

464 1909 693 1994 quodsi
727 1910 868 1992 quis
907 1909 1043 1985 erit,
1080 1906 1190 1991 qui
1225 1907 1451 1973 ductus
1486 1907 1782 1994 opinione
1816 1907 1992 1994 volgi
2024 1918 2138 1973 aut
2166 1905 2531 1972 Antonium

459 2003 830 2070 ieiuniorem
883 2011 993 2066 aut
1045 1999 1358 2068 Crassum
1409 1999 1761 2087 pleniorem
1809 2001 2011 2068 fuisse
2062 2011 2264 2088 putet,
2324 2021 2531 2084 quam

466 2118 592 2179 quo
641 2095 834 2159 modo
871 2117 911 2158 a
943 2093 1128 2158 nobis
1179 2104 1447 2176 uterque
1494 2094 1793 2159 inductus
1848 2105 1975 2173 est,
2026 2095 2085 2160 is
2120 2094 2238 2160 erit
2288 2116 2371 2159 ex
2404 2092 2527 2171 eis,

468 2188 578 2272 qui
631 2198 742 2252 aut
790 2187 936 2253 illos
995 2209 1127 2253 non
1191 2186 1507 2253 audierint
1560 2198 1669 2252 aut
1725 2187 2004 2254 iudicare
2055 2211 2185 2254 non
2244 2187 2491 2274 possint
2501 2213 2523 2265 ς

459 2302 611 2347 nam
671 2280 794 2346 fuit
853 2292 1147 2366 uterque,
1209 2292 1284 2347 ut
1339 2281 1611 2369 exposui
1670 2294 1886 2364 antea,
1956 2305 2103 2349 cum
2154 2281 2364 2349 studio
2427 2294 2531 2349 at·—

460 2398 584 2461 que
617 2376 875 2463 ingenio
911 2387 978 2441 et
1027 2376 1315 2443 doctrina
1364 2388 1699 2463 praestans
1756 2378 2048 2445 omnibus
2059 2426 2080 2457 ,
2132 2389 2269 2443 tum
2300 2378 2369 2442 in
2404 2400 2529 2443 suo

463 2492 698 2557 genere
732 2470 1084 2558 perfectus,
1135 2481 1210 2535 ut
1243 2492 1453 2555 neque
1486 2472 1556 2536 in
1587 2472 1873 2539 Antonio
1908 2472 2163 2538 deesset
2196 2472 2302 2537 hic
2335 2494 2525 2537 orna-

390 2564 425 2617 5
460 2576 566 2631 tus
601 2566 904 2633 orationis
940 2587 1148 2650 neque
1181 2566 1249 2631 in
1286 2564 1529 2633 Crasso
1560 2567 1963 2633 redundaret.
2040 2577 2114 2632 ut
2144 2565 2339 2653 igitur
2372 2575 2523 2631 ante

384 2638 432 2676 ¹⁷
460 2661 790 2728 meridiem
826 2661 1258 2727 discesserunt
1288 2661 1742 2747 paululumque
1778 2662 2163 2747 requierunt,
2196 2661 2267 2726 in
2296 2660 2523 2749 primis

459 2755 582 2823 hoc
619 2779 658 2820 a
692 2778 764 2821 se
801 2753 996 2822 Cotta
1045 2754 1560 2821 animadversum
1610 2778 1756 2822 esse
1810 2754 2090 2836 dicebat,
2142 2778 2330 2821 omne
2362 2754 2523 2819 illud

460 2826 709 2935 templis
762 2850 1180 2915 meridianum
1235 2846 1549 2915 Crassum
1597 2849 1666 2915 in
1718 2850 2024 2915 acerrima
2074 2862 2263 2934 atque
2315 2859 2523 2915 atten-

458 2941 705 3007 tissima
756 2942 1137 3029 cogitatione
1185 2942 1485 3029 posuisse
1546 2964 1844 3028 seseque,
1908 2943 2017 3029 qui
2066 2944 2307 3009 voltum
2358 2942 2521 3021 eius,

459 3056 604 3099 cum
638 3035 700 3101 ei
755 3036 1092 3101 dicendum
1143 3048 1344 3115 esset,
1400 3038 1817 3122 obtutumque
1872 3037 2200 3104 oculorum
2232 3037 2299 3101 in
2342 3035 2522 3122 cogi-

457 3130 650 3195 tando
683 3132 884 3218 probe
918 3141 1139 3197 nosset
1173 3141 1363 3215 atque
1396 3131 1465 3195 in
1496 3132 1791 3197 maximis
1844 3132 2056 3199 causis
2092 3154 2285 3220 saepe
2318 3129 2521 3196 vidis-

459 3234 584 3302 set,
637 3234 774 3287 tum
825 3223 1039 3289 dedita
1089 3246 1284 3310 opera
1334 3224 1805 3310 quiescentibus
1859 3225 1998 3291 aliis
2032 3226 2101 3291 in
2143 3248 2287 3292 eam
2320 3223 2519 3291 exhe-

459 3316 640 3381 dram
672 3316 956 3395 venisse,
1010 3313 1080 3381 in
1113 3340 1240 3402 qua
1275 3316 1553 3385 Crassus
1586 3319 1797 3405 posito
1831 3319 2064 3386 lectulo
2096 3317 2519 3394 recubuisset,

457 3432 726 3495 cumque
780 3434 929 3477 eum
981 3411 1261 3478 defixum
1293 3414 1363 3479 in
1398 3412 1782 3499 cogitatione
1816 3436 1962 3480 esse
1996 3413 2331 3491 sensisset,
2384 3422 2519 3479 sta-

455 3504 568 3570 tim
604 3506 948 3573 recessisse
1001 3517 1190 3591 atque
1223 3507 1292 3572 in
1325 3530 1403 3573 eo
1458 3507 1709 3575 silentio
1761 3509 1921 3575 duas
1973 3508 2163 3574 horas
2199 3508 2334 3573 fere
2368 3528 2519 3573 esse

455 3610 884 3686 consumptas.
975 3600 1204 3667 deinde
1251 3622 1396 3667 cum
1430 3624 1653 3668 omnes
1697 3601 1997 3669 inclinato
2030 3601 2159 3669 iam
2192 3601 2260 3667 in
2292 3622 2519 3687 pome-

451 3688 766 3759 ridianum
817 3704 1067 3781 tempus
1121 3694 1224 3760 die
1275 3692 1602 3761 venissent
1655 3696 1739 3761 ad
1774 3693 2111 3774 Crassum,
2166 3693 2351 3779 ‘quid
2392 3703 2517 3770 est,

457 3786 746 3867 Crasse,'
797 3788 1003 3873 inquit
1037 3788 1241 3855 Iulius
1298 3788 1575 3855 ‘imusne
1614 3792 1901 3857 sessum?
1954 3790 2076 3857 etsi
2120 3786 2515 3855 admonitum

375 3906 427 3946 ιε
455 3881 745 3947 venimus
781 3892 874 3960 te,
926 3904 1057 3948 non
1089 3880 1485 3969 flagitatum?
1573 3880 1711 3950 tum
1746 3882 2024 3951 Crassus
2078 3890 2098 3920 ‘
2110 3906 2193 3948 an
2232 3905 2337 3948 me
2380 3893 2513 3947 tam

451 3974 886 4059 impudentem
937 3998 1080 4043 esse
1132 3977 1539 4056 existimatis,
1598 3989 1673 4044 ut
1721 3978 1903 4047 vobis
1957 3978 2081 4045 hoc
2137 3975 2513 4065 praesertim

453 4087 684 4129 munus
752 4078 972 4161 putem
1041 4068 1274 4136 diutius
1344 4092 1536 4157 posse
1600 4071 1893 4137 debere?
1965 4070 2223 4156 quinam
2288 4068 2517 4157 igitur*

868 4194 960 4231 ‘'e-o.-
