2784 4575
848 290 955 345 DE
993 289 1359 348 ORATORE
1396 290 1442 344 1.
1479 289 1788 344 216—223.
2259 276 2345 343 47

285 411 549 479 oratoris
584 411 1082 499 magnitudoque
1118 423 1441 490 cernatur,
1485 409 1612 477 nisi
1644 410 1753 496 qui
1793 408 2032 497 [rerum
2068 413 2352 479 omnium

282 516 573 571 naturam
584 502 633 593 ,]
669 528 880 572 mores
916 506 1245 573 hominum
1300 504 1522 593 [atque
1570 502 1878 592 rationes]
1915 504 2169 592 penitus
2203 530 2350 595 per-

286 600 583 687 spexerit,
642 598 713 665 in
745 622 871 686 quo
904 599 1311 688 philosophia
1344 599 1428 665 sit
1471 598 1706 667 oratori
1749 598 2109 666 necessario
2144 601 2351 687 perci-

280 694 544 782 pienda3
574 716 699 779 quo
728 694 797 759 in
822 694 1033 761 studio
1062 695 1392 762 hominum
1421 716 1670 781 quoque
1695 693 2350 807 ingeniosissimorum

284 788 936 874 otiosissimorumque
987 800 1153 855 totas
1197 800 1439 856 aetates
1473 788 1764 855 videmus
1817 810 1964 855 esse
2017 790 2347 868 contritas3

282 904 551 969 quorum
578 906 701 971 ego
718 883 967 971 copiam
990 884 1620 971 magnitudinemque
1645 878 2024 971 cognitionis
2043 895 2232 969 atque
2250 908 2351 949 ar-

283 978 364 1043 tis
382 1001 511 1044 non
528 980 718 1044 modo
734 1000 866 1045 non
883 989 1239 1089 contemno,
1260 980 1376 1045 sed
1401 979 1592 1045 etiam
1615 977 2024 1045 vehementer
2043 978 2346 1057 admiror-3

283 1072 471 1137 nobis
508 1082 750 1151 tamen,
806 1073 916 1157 qui
946 1073 1017 1137 in
1050 1073 1172 1139 hoc
1206 1073 1444 1161 populo
1479 1074 1745 1158 foroque
1779 1094 2137 1151 versamur,
2193 1073 2347 1139 satis

286 1176 388 1231 est
420 1186 500 1231 ea
532 1166 613 1230 de
646 1165 927 1232 motibus
982 1166 1335 1233 animorum
1370 1179 1436 1234 et
1472 1167 1634 1235 scire
1669 1178 1736 1233 et
1777 1167 1987 1233 dicere
2023 1188 2184 1253 quae
2218 1190 2350 1233 non

286 1258 629 1325 abhorrent
682 1260 767 1325 ab
817 1258 1147 1327 hominum
1207 1262 1515 1328 moribus.
1619 1262 1764 1346 quis
1817 1261 1988 1327 enim
2043 1284 2347 1347 umquam

284 1364 497 1419 orator
526 1376 802 1441 magnus
839 1365 904 1420 et
938 1356 1183 1443 gravis,
1230 1378 1376 1421 cum
1409 1353 1642 1421 iratum
1677 1354 2040 1422 adversario
2073 1356 2348 1423 iudicem

285 1446 497 1512 facere
531 1448 754 1526 vellet,
808 1447 1149 1515 haesitavit
1190 1450 1274 1515 ob
1310 1472 1454 1515 eam
1497 1470 1784 1527 causam,
1840 1451 2012 1535 quod
2052 1449 2344 1529 nesciret,

283 1538 439 1624 quid
462 1552 635 1606 esset
656 1540 1003 1621 iracundia,
1022 1542 1315 1609 fervorne
1340 1544 1574 1609 mentis
1603 1567 1686 1609 an
1713 1544 2024 1632 cupiditas
2041 1544 2347 1631 puniendi

286 1632 565 1699 doloris?
614 1633 788 1719 quis,
834 1656 980 1700 cum
1024 1647 1271 1702 ceteros
1318 1636 1676 1703 animorum
1717 1648 1930 1703 motus
1975 1647 2085 1703 aut
2125 1638 2348 1702 iudici-

284 1728 407 1792 bus
442 1738 555 1793 aut
583 1728 821 1815 populo
859 1730 1127 1796 dicendo
1179 1730 1448 1797 miscere
1485 1742 1674 1815 atque
1721 1731 1962 1841 agitare
1997 1730 2216 1809 vellet,
2269 1753 2348 1795 ea

282 1820 469 1900 dixit,
518 1843 681 1907 quae
720 1844 759 1887 a
789 1822 1188 1933 philosophis
1226 1824 1351 1889 dici
1386 1825 1632 1891 solent?
1681 1826 1790 1909 qui
1821 1825 2054 1913 partim
2089 1823 2345 1890 omnino

280 1924 491 1979 motus
525 1926 767 2003 negant
798 1917 867 1981 in
902 1916 1130 1983 animis
1162 1918 1331 1984 ullos
1368 1940 1513 1984 esse
1548 1920 1812 1997 debere,
1865 1917 2098 2003 quique
2127 1940 2244 1984 eos
2277 1918 2348 1983 in

278 2008 561 2075 iudicum
593 2011 915 2079 mentibus
953 2012 1298 2092 concitent,
1354 2008 1562 2079 scelus
1601 2034 1710 2081 eos
1753 2014 2069 2079 nefarium
2104 2014 2342 2091 facere3

278 2104 537 2189 partim,
590 2104 701 2189 qui
734 2104 1193 2173 tolerabiliores
1228 2107 1456 2173 volunt
1489 2130 1634 2175 esse
1670 2118 1736 2174 et
1767 2108 1852 2173 ad
1883 2108 2217 2174 veritatem
2250 2108 2346 2172 vi-

280 2208 383 2261 tae
416 2200 679 2287 propius
716 2198 1046 2281 accedere,
1090 2201 1546 2290 permediocris
1583 2224 1659 2268 ac
1691 2202 1902 2316 potius
1937 2201 2098 2269 levis
2132 2211 2343 2268 motus

282 2291 513 2358 debere
550 2315 693 2361 esse
730 2296 967 2364 dicunt.
1055 2308 1267 2364 orator
1305 2309 1518 2364 autem
1553 2299 1770 2364 omnia
1803 2299 1991 2378 haec,
2028 2321 2191 2383 quae
2225 2323 2344 2388 pu-

281 2396 495 2451 tantur
526 2386 597 2452 in
646 2390 965 2457 communi
1016 2391 1185 2458 vitae
1238 2392 1695 2459 consuetudine
1744 2393 1916 2458 mala
1958 2413 2033 2458 ac
2075 2392 2346 2458 molesta

280 2491 346 2545 et
380 2480 705 2568 fugienda,
740 2483 941 2550 multo
966 2485 1210 2551 maiora
1244 2495 1311 2550 et
1345 2486 1672 2552 acerbiora
1695 2486 1909 2552 verbis
1944 2486 2125 2563 facit3
2161 2485 2346 2549 item-

282 2597 407 2660 que
442 2596 546 2654 ea,
600 2596 763 2661 quae
798 2577 989 2664 volgo
1026 2579 1384 2665 expetenda
1437 2591 1625 2662 atque
1677 2579 1982 2667 optabilia
2031 2579 2342 2655 videntur,

283 2669 551 2735 dicendo
605 2670 951 2756 amplificat
1002 2682 1192 2757 atque
1245 2682 1458 2750 ornat,
1512 2693 1720 2757 neque
1764 2672 1899 2738 volt
1947 2672 2037 2736 ita
2090 2671 2343 2757 sapiens

279 2765 445 2830 inter
478 2764 707 2830 stultos
744 2764 965 2843 videri,
1000 2775 1075 2830 ut
1106 2765 1196 2844 ei,
1234 2766 1344 2851 qni
1380 2767 1668 2845 audiant,
1705 2777 1816 2832 aut
1847 2765 2028 2830 illum
2059 2765 2346 2850 ineptum

282 2870 347 2925 et
383 2857 773 2925 Graeculum
820 2869 1076 2947 putent,
1132 2871 1271 2940 aut,
1326 2860 1578 2926 etiamsi
1620 2860 1806 2926 valde
1849 2859 2122 2947 probent
2165 2858 2346 2945 inge-

278 2954 486 3032 nium,
550 2954 818 3021 oratoris
874 2955 1253 3044 sapientiam
1304 2951 1721 3034 admirentur,
1786 2975 1856 3020 se
1910 2976 2054 3020 esse
2117 2953 2342 3019 stultos

284 3049 554 3115 moleste
588 3049 825 3129 ferant3
880 3051 1001 3116 sed
1030 3049 1123 3116 ita
1162 3059 1465 3138 peragrat
1504 3071 1622 3136 per
1655 3048 1929 3126 animos,
1979 3048 2072 3114 ita
2117 3069 2342 3113 sensus

280 3142 608 3210 hominum
642 3143 998 3228 mentisque
1032 3156 1407 3232 pertractat,
1441 3155 1518 3208 ut
1547 3165 1677 3210 non
1713 3143 2031 3209 desideret
2061 3143 2345 3230 philoso-

278 3237 551 3322 phorum
586 3239 1040 3326 descriptiones
1084 3261 1293 3326 neque
1329 3237 1620 3324 exquirat
1663 3238 1973 3317 oratione,
2028 3261 2346 3304 summum

280 3329 442 3394 inu-d
490 3333 728 3398 bonum
778 3335 848 3398 in
898 3335 1191 3402 animone
1244 3334 1328 3400 sit
1380 3358 1464 3399 an
1513 3334 1582 3399 in
1635 3355 1925 3422 corpore,
1978 3332 2208 3399 virtute
2261 3355 2345 3397 an

284 3422 609 3534 voluptate
660 3426 1022 3506 definiatur,
1078 3451 1161 3494 an
1194 3429 1354 3494 haec
1384 3428 1553 3494 inter
1595 3451 1665 3495 se
1706 3428 1888 3516 iungi
1939 3425 2344 3514 copularique

280 3517 559 3605 possint3
598 3540 681 3582 an
713 3539 884 3598 vero,
919 3531 994 3586 ut
1024 3521 1407 3605 quibusdam
1441 3522 1670 3601 visum,
1705 3522 1863 3587 nihil
1897 3529 2140 3586 certum
2175 3517 2341 3596 sciri,

280 3611 441 3676 nihil
474 3611 665 3700 plane
700 3615 1002 3700 cognosci
1036 3626 1102 3680 et
1134 3616 1376 3703 percipi
1407 3617 1642 3705 possit,
1695 3637 1962 3702 quarum
2000 3635 2213 3678 rerum
2245 3612 2343 3676 fa-

280 3718 422 3774 tcor
452 3729 755 3794 magnam
807 3708 1341 3796 multiplicemque
1386 3733 1531 3776 esse
1579 3709 1975 3797 disciplinam
2010 3717 2077 3771 et
2106 3704 2342 3769 multas

284 3803 577 3890 copiosas
630 3802 966 3887 variasque
1016 3804 1325 3885 rationes3
1381 3806 1499 3871 sed
1543 3804 1715 3870 aliud
1769 3802 2098 3887 quiddam,
2149 3800 2341 3885 longe

284 3895 483 3974 aliud,
540 3895 805 3976 Crasse,
860 3898 1248 3982 quaerimus:
1302 3911 1490 3965 acuto
1526 3898 1780 3964 homine
1823 3895 2007 3962 nobis
2045 3917 2204 3980 opus
2241 3903 2340 3976 est

282 4000 347 4055 et
380 4001 609 4056 natura
638 4013 887 4076 usuque
922 3991 1179 4071 callido,
1232 3993 1341 4078 qui
1378 3992 1693 4080 sagaciter
1725 3988 2140 4078 pervestiget,
2187 3987 2342 4073 quid

282 4083 383 4150 sui
436 4081 607 4150 cives
662 4084 845 4171 eique
900 4085 1185 4152 homines
1199 4135 1219 4166 ,
1283 4087 1514 4172 quibus
1579 4084 1815 4169 aliquid
1875 4083 2144 4150 dicendo
2193 4101 2340 4172 per·-

2381 1286 2462 1329 280

2376 2331 2454 2372 221

2379 3073 2458 3114 222

2374 3919 2452 3960 223
