2784 4575
794 283 901 339 DE
940 280 1307 341 ORATORE
1342 280 1389 337 1.
1428 280 1739 335 156—165.
2203 261 2289 331 33

232 409 501 485 celerius
538 430 681 474 esse
714 406 913 473 multo
924 455 943 485 ,
990 428 1181 491 quam
1214 403 1341 491 ipsi
1375 403 1638 481 vellent,
1677 404 1757 468 ab
1794 426 1870 468 eo
1905 411 2287 489 peroratum.

236 516 375 571 tum
426 502 741 569 Scaevola
793 500 974 586 ‘quid
1024 510 1150 577 est,
1214 496 1472 565 CottaP’
1531 496 1738 581 inquit
1799 497 1980 581 ‘quid
2031 496 2290 563 tacetis?

235 598 477 663 nihilne
512 596 748 663 vobis
728 620 796 661 ιιι
828 604 1107 661 mentem
1142 592 1335 670 venit,
1362 592 1546 721 quod
1563 601 1906 679 praeterea
1940 590 2020 655 ab
2049 587 2290 655 Crasso

236 690 633 801 requiratis?'
673 690 767 755 ‘id
799 687 1187 759 mehercule'
1222 686 1482 771 inquit‘
1490 686 1732 773 ipsum
1737 684 2022 750 attendo:
2075 693 2288 751 tantus
2325 710 2400 751 161

237 785 409 851 enim
440 806 665 851 cursus
702 784 1041 849 verborum
1072 780 1195 847 fuit
1227 790 1292 846 et
1328 779 1424 845 sic
1457 780 1735 846 evolavit
1767 778 1996 857 oratio,
2048 787 2123 843 ut
2156 776 2292 843 eius

240 879 371 944 vim
423 890 487 944 et
504 876 519 893 '
536 878 968 943 incitationem
1030 874 1414 963 aspexerim‚
1479 872 1754 961 vestigia
1809 872 2292 959 ingressumque

238 972 348 1039 vix
381 971 666 1051 viderim,
706 982 773 1037 et
804 982 1129 1055 tamquam
1161 969 1231 1035 in
1264 968 1541 1053 aliquam
1573 968 1955 1055 locupletem
1989 988 2064 1031 ac
2097 966 2296 1030 refer-

240 1078 374 1131 tam
407 1066 667 1131 domum
701 1064 1011 1142 venerim,
1063 1086 1193 1129 non
1228 1062 1544 1173 explicata
1593 1071 1773 1127 veste
1816 1082 2022 1145 neque
2065 1082 2298 1147 propo-

236 1159 387 1225 sito
404 1169 669 1247 argento
702 1180 910 1242 neque
959 1157 1193 1223 tabulis
1232 1167 1297 1223 et
1332 1155 1532 1243 signis
1566 1154 1896 1243 propalam
1931 1151 2292 1232 conlocatis,

235 1252 359 1318 sed
392 1252 495 1317 his
539 1252 832 1319 omnibus
874 1250 1091 1316 multis
1142 1250 1625 1337 magnificisque
1675 1250 1866 1313 rebus
1921 1244 2294 1313 constructis

237 1366 318 1411 ac
348 1346 718 1411 reconditis·
698 1394 719 1425 ‚
774 1346 867 1411 sic
904 1342 1153 1432 [modo]
1208 1344 1277 1409 in
1312 1344 1594 1409 oratione
1631 1340 1856 1408 Crassi
1898 1341 2150 1407 divitias
2202 1350 2298 1405 at-

237 1460 365 1522 que
400 1451 771 1505 ornamenta
804 1440 941 1505 eius
978 1438 1217 1525 ingenii
1249 1460 1365 1524 per
1399 1438 1714 1521 quaedam
1747 1437 2074 1505 involucra
2107 1446 2297 1521 atque

240 1532 676 1621 integumenta
710 1531 1036 1618 perspexi,
1093 1532 1208 1597 sed
1243 1554 1320 1595 ea
1354 1529 1766 1617 contemplari
1799 1552 1947 1595 cum
1981 1552 2296 1616 cuperem,

242 1624 357 1691 vix
392 1624 740 1711 aspiciendi
790 1636 1075 1712 potestas
1132 1625 1280 1704 fuit3
1333 1625 1548 1709 itaque
1581 1647 1700 1691 nec
1734 1626 1856 1691 hoc
1903 1648 2170 1711 possum
2204 1624 2300 1688 di-
2339 1671 2345 1676 -

240 1741 415 1798 cere,
468 1742 574 1785 me
608 1720 865 1786 omnino
916 1720 1241 1807 ignorare,
1293 1720 1449 1804 quid
1479 1719 1832 1806 possideat,
1871 1740 2076 1802 neque
2110 1718 2298 1803 plane

238 1835 435 1879 nosse
472 1824 659 1898 atque
693 1814 972 1881 vidisse!
1064 1815 1246 1900 ‘quin
1281 1825 1353 1879 tu
1384 1813 1580 1901 igitur
1629 1813 1786 1879 facis
1823 1813 2042 1892 idem‚'
2096 1812 2300 1897 inquit
2335 1832 2412 1872 162

241 1904 561 1974 Scaevola
612 1910 814 1993 ‘quod
864 1910 1109 1975 faceres
1122 1957 1143 1987 ,
1198 1908 1254 1973 si
1287 1908 1355 1973 in
1409 1908 1683 1992 aliquam
1737 1909 1996 1975 domum
2047 1907 2301 1995 plenam

238 2013 757 2070 ornamentorum
789 2002 1087 2069 villamve
1120 2002 1441 2069 venisses:
1480 2002 1536 2067 si
1569 2024 1648 2069 ea
1683 2001 1982 2089 seposita,
2017 2011 2090 2065 ut
2123 1999 2301 2077 dicis,

242 2107 487 2176 essent,
524 2106 623 2176 tu,
660 2096 769 2182 qui
801 2098 987 2163 valde
1026 2096 1355 2185 spectandi
1388 2096 1656 2183 cupidus
1693 2117 1902 2174 esses,
1955 2118 2086 2161 non
2120 2092 2304 2159 dubi-

240 2200 412 2255 tares
444 2212 673 2278 rogare
708 2192 1060 2269 dominum,
1112 2203 1185 2257 ut
1216 2191 1488 2280 proferri
1519 2191 1794 2269 iuberet,
1838 2189 2212 2277 praesertim
2248 2188 2303 2253 si

242 2305 423 2349 esses
458 2284 814 2356 familiaris:
870 2285 1155 2353 similiter
1198 2307 1368 2352 nunc
1401 2296 1582 2374 petes
1617 2309 1658 2350 a
1693 2282 1964 2363 Crasso,
2015 2293 2091 2348 ut
2129 2282 2306 2349 illam

245 2375 496 2463 copiam
530 2389 1039 2446 ornamentorum
1074 2403 1351 2457 suorum,
1386 2400 1582 2461 quam
1615 2388 2044 2445 constructam
2073 2398 2203 2442 uno
2237 2377 2306 2440 in

241 2469 389 2536 loco
423 2469 608 2555 quasi
640 2493 755 2556 per
788 2481 1194 2538 transennam
1236 2482 1710 2559 praetereuntes
1757 2472 2020 2538 strictim
2055 2469 2308 2555 aspexi-

244 2585 419 2641 mus,
472 2563 542 2628 in
573 2563 781 2628 lucem
813 2567 1095 2651 proferat
1128 2576 1197 2630 et
1228 2588 1345 2630 suo
1381 2565 1658 2649 quidque
1692 2565 1764 2629 in
1793 2565 1935 2629 loco
1981 2561 2304 2628 conlocet?

234 2663 400 2742 -‘ego
453 2657 629 2722 vero'
692 2657 897 2741 inquit
949 2656 1147 2724 Cotta
1199 2664 1266 2722 ‘a
1316 2670 1393 2724 te‘
1431 2669 1608 2743 peto,
1675 2657 2014 2724 Scaevola:
2065 2691 2154 2704 —
2201 2678 2306 2720 me
2343 2676 2420 2716 163

242 2749 421 2814 enim
464 2761 529 2816 et
569 2750 742 2815 hunc
778 2748 1133 2838 Sulpicium
1174 2750 1442 2838 impedit
1490 2752 1698 2838 pudor
1741 2752 1821 2816 ab
1874 2748 2130 2815 homine
2173 2769 2309 2813 om-

246 2843 426 2908 nium
476 2843 885 2932 gravissimo,
950 2845 1061 2930 qui
1110 2859 1329 2932 genus·
1376 2845 1566 2911 huius
1626 2846 1801 2912 modi
1865 2841 2306 2932 disputationis

242 2961 502 3026 semper
536 2939 1013 3027 contempserit,
1069 2939 1257 3019 haec,
1310 2963 1476 3026 quae
1510 2940 1619 3005 isti
1661 2937 1930 3008 forsitan
1969 2959 2309 3027 puerorum

236 3033 563 3102 elementa
579 3033 929 3114 videantur,
951 3033 1307 3120 exquirere:
1324 3035 1540 3100 ——sed
1557 3044 1627 3098 tu
1643 3033 1809 3098 hanc
1832 3033 2018 3100 nobis
2036 3031 2307 3109 veniam,

248 3125 595 3206 Scaevola,
650 3129 760 3194 da:
812 3129 1077 3217 perfice,
1130 3139 1205 3196 ut
1240 3126 1518 3196 Crassus
1556 3128 1742 3208 haec,
1796 3149 1960 3212 quae
2002 3127 2308 3194 coartavit

242 3230 317 3286 et
346 3233 733 3308 peranguste
776 3222 1029 3288 refersit
1071 3222 1139 3287 in
1190 3222 1476 3292 oratione
1521 3245 1668 3300 sua,
1723 3221 1946 3287 dilatet
1993 3220 2178 3287 nobis
2217 3230 2311 3285 at-

244 3335 375 3395 que
410 3313 722 3399 explicet?
812 3321 963 3402 ‘ego
998 3317 1378 3382 mehercule'
1417 3316 1622 3402 inquit
1653 3315 1912 3381 Mucius
1951 3321 2168 3381 ‘antea
2200 3337 2311 3378 ve·
2345 3335 2424 3378 164

248 3413 389 3468 stra
420 3405 787 3489 magis-hoc
821 3429 1017 3474 causa
1068 3409 1391 3487 volebam,
1448 3433 1640 3494 quam
1672 3432 1844 3488 mea,
1897 3429 2104 3492 neque
2139 3407 2310 3472 enim

250 3505 430 3562 tanto
484 3519 675 3583 opere
728 3498 893 3572 hanc
936 3525 975 3566 a
1010 3498 1253 3567 Crasso
1302 3502 1795 3588 disputationem
1847 3500 2306 3574 desiderabam,

242 3599 491 3674 quanto
527 3613 718 3676 opere
754 3592 890 3658 eius
925 3593 993 3658 in
1026 3595 1235 3663 causis
1271 3597 1556 3663 oratione
1590 3597 1898 3672 delector3
1934 3609 2102 3658 nunc
2135 3613 2308 3668 vero,

250 3682 523 3764 Crasse,
576 3707 723 3750 mea
754 3709 1005 3772 quoque
1040 3687 1169 3754 iam
1204 3709 1400 3756 causa
1437 3713 1626 3777 rogo,
1678 3698 1778 3768 ut,
1840 3685 2140 3772 quoniam
2173 3695 2312 3750 tan-

250 3791 391 3844 tum
424 3779 734 3849 habemus
772 3780 910 3858 otii,
964 3793 1274 3867 quantum
1303 3782 1433 3850 iam
1484 3783 1594 3860 diu
1627 3737 1812 3850 nobis
1863 3795 1995 3848 non
2027 3778 2310 3866 contigit,

241 3890 337 3936 sne
372 3874 656 3958 graveris
693 3875 1106 3942 exaedificare
1134 3876 1203 3943 id
1228 3899 1411 3965 opus,
1447 3878 1619 3962 quod
1652 3873 2006 3943 instituisti.
2043 3874 2313 3939 formam

255 3965 427 4030 enim
462 3969 653 4034 totius
688 3970 927 4058 negotii
962 3971 1257 4101 opinione
1290 3972 1617 4039 meliorem
1643 3969 2069 4053 maioremque
2103 3968 2309 4045 video,

243 4081 449 4145 ,quam
474 4062 880 4132 vehementer
906 4065 1148 4152 probo.'
1206 4065 1584 4133 ‘enimvero'
1613 4062 1820 4148 inquit
1849 4059 2184 4130 Crassus‘
2191 4061 2312 4128 mi-
2348 4099 2428 4143 165

368 4161 567 4206 Ciceroni
570 4165 693 4210 brol
718 4165 771 4209 11.
1938 4169 1968 4218 3
