2784 4575
550 286 679 353 110
1160 302 1237 354 M.
1276 300 1553 357 TULLII
1588 298 1988 357 CICERONIS

544 423 641 488 ‘in
674 422 933 488 Albano
968 442 1219 485 eramus
1259 442 1379 507 ego
1416 430 1482 485 et
1511 420 1776 485 Marcus
1811 419 2022 487 filius?
2111 421 2400 508 ‘sapiens
2437 422 2638 490 vide-

542 518 692 583 licet
724 516 914 582 homo
952 537 1097 579 cum
1146 514 1369 601 primis
1405 524 1660 580 nostrae
1717 513 1988 579 civitatis
2035 526 2220 581 norat
2253 516 2426 580 hunc
2463 540 2637 603 gur-
2749 516 2751 567 ἶ

542 612 769 699 gitem3
823 610 1175 686 metuebat,
1212 631 1324 688 ne,
1370 630 1518 673 cum
1551 608 1607 672 is
1643 607 1800 672 nihil
1836 608 2127 686 haberet,
2169 608 2329 673 nihil
2367 632 2520 675 esse
2563 612 2634 675 ei

540 704 829 772 relictum
880 703 1248 790 putaretur?
1336 714 1474 767 tum
1518 724 1601 768 ex
1649 702 1812 767 libro
1865 701 2081 780 tertio,
2134 703 2202 766 in
2246 696 2390 785 quo'
2415 703 2630 769 finem

543 798 862 865 scribendi
896 795 1049 862 fecit
1080 832 1171 845 —-
1204 807 1299 863 tot
1332 797 1532 875 enim,
1584 806 1659 860 ut
1693 796 1910 861 audivi
1947 794 2327 863 Scaevolam
2374 796 2626 876 dicere,

543 902 691 957 sunt
724 891 857 957 veri
890 890 1078 955 Bruti
1108 890 1253 955 libri
1284 926 1375 938 ·-—
1439 896 1459 927 ‘
1467 890 1535 955 in
1569 890 1822 955 Tiburti
1855 889 2021 955 forte
2075 890 2440 955 adsedimus
2491 914 2626 978 ego

541 997 607 1051 et
638 986 903 1050 Marcus
938 984 1149 1049 filius.'
1238 984 1379 1049 ‘ubi
1422 994 1574 1049 sunt
1625 982 1692 1047 hi
1727 982 1936 1061 fundi,
1994 984 2224 1062 Brute,
2279 1004 2440 1067 quos
2498 986 2624 1050 tibi

538 1090 720 1166 pater
771 1076 1041 1164 publicis
1097 1077 1564 1143 commentariis
1618 1077 2027 1163 consignatos
2079 1076 2370 1160 reliquit?
2435 1080 2621 1161 quod

539 1173 664 1237 nisi
706 1172 1013 1259 puberem
1047 1182 1139 1249 te,
1200 1171 1434 1255 inquit,
1493 1171 1623 1235 iam
1675 1172 1964 1249 haberet,
2027 1180 2321 1254 quartum
2371 1170 2618 1237 librum

541 1265 1005 1351 composuisset
1028 1275 1093 1331 et
1118 1287 1188 1330 se
1216 1265 1408 1330 etiam
1439 1264 1507 1329 in
1540 1265 1786 1330 balneis
1813 1265 2097 1331 locutum
2123 1287 2267 1330 cum
2291 1264 2424 1331 filio
2453 1267 2619 1331 scri-

427 1386 507 1427 825
539 1369 721 1445 ptum
753 1358 1151 1443 reliquisset?
1241 1357 1381 1442 quis
1419 1368 1517 1423 est
1549 1358 1770 1445 igitur,
1826 1357 1934 1443 qui
1968 1382 2098 1424 non
2132 1359 2434 1438 fateatur,
2485 1360 2614 1427 hoc

539 1454 759 1540 lepore
796 1464 983 1537 atque
1018 1452 1120 1517 his
1164 1451 1413 1517 facetiis
1465 1475 1594 1517 non
1627 1454 1838 1518 minus
1879 1453 2225 1518 refutatum
2258 1476 2404 1519 esse
2438 1455 2616 1519 Bru—

542 1558 681 1611 tum
750 1568 938 1631 quam
972 1546 1099 1611 illis
1136 1546 1508 1633 tragoediis,
1563 1569 1721 1630 quas
1758 1547 1890 1634 egit
1923 1547 2123 1625 idem,
2167 1569 2314 1611 cum
2349 1568 2508 1613 casu
2542 1549 2616 1613 in

544 1642 771 1706 eadem
808 1662 1003 1706 causa
1055 1640 1383 1705 efferretur
1438 1662 1598 1705 anus
1631 1640 1837 1705 Iunia.
1923 1663 2041 1727 pro
2078 1641 2144 1705 di
2192 1640 2612 1721 immortales,

541 1758 707 1819 quae
744 1734 865 1799 fuit
895 1734 1032 1812 illa,
1087 1741 1326 1817 quanta
1357 1733 1484 1798 visl
1539 1754 1732 1815 quam
1763 1732 2226 1821 inexspectata!
2279 1756 2470 1817 quam
2505 1758 2617 1801 re-

538 1828 827 1915 pentina!
884 1848 1030 1892 cum
1074 1827 1375 1893 coniectis
1429 1826 1658 1905 oculis,
1713 1838 1902 1913 gestu
1947 1828 2120 1893 omni
2150 1840 2216 1894 et
2230 1828 2612 1907 imminenti,

543 1944 792 1987 summa
852 1920 1164 2007 gravitate
1224 1931 1291 1985 et
1350 1919 1670 1985 celeritate
1721 1921 2062 1987 verborum
2125 1923 2383 1999 ‘Brute,
2447 1922 2612 2007 quid

544 2016 770 2080 sedes?
822 2013 975 2097 quid
1007 2012 1183 2077 illam
1217 2036 1416 2078 anum
1448 2014 1614 2100 patri
1647 2015 1936 2080 nuntiare
1969 2016 2070 2081 vis
2107 2016 2254 2081 tuo?
2289 2016 2446 2100 quid
2474 2017 2608 2081 illis

542 2108 835 2173 omnibus
848 2155 868 2184 ,
921 2127 1190 2190 quorum
1241 2106 1554 2193 imagines
1591 2109 1738 2173 duci
1786 2109 2004 2175 vides?
2055 2109 2208 2194 quid
2256 2110 2606 2176 maioribus

472 2244 475 2247 -
542 2201 708 2266 tuis?
760 2199 914 2284 quid
945 2198 1031 2266 L.
1066 2201 1301 2279 Bruto,
1354 2202 1465 2285 qui
1498 2202 1670 2267 hunc
1711 2204 2018 2291 populum
2063 2204 2388 2270 dominatu
2422 2206 2606 2292 regio

540 2295 871 2360 liberavit?
922 2294 1077 2380 quid
1110 2306 1173 2361 te
1211 2298 1439 2382 agere?
1491 2297 1594 2361 cui
1626 2297 1748 2377 rei,
1795 2299 1896 2363 cui
1932 2299 2202 2386 gloriae,
2247 2299 2350 2364 cui
2383 2299 2607 2364 virtuti

542 2390 834 2456 studere?
866 2389 1328 2476 patrimonione
1364 2391 1698 2477 augendo?
1732 2401 1798 2457 at
1831 2393 1901 2458 id
1932 2416 2061 2459 non
2098 2404 2198 2459 est
2229 2393 2605 2459 nobilitatis.

428 2513 507 2553 226
542 2485 658 2550 sed
699 2485 803 2550 fac
848 2506 1023 2562 esse,
1074 2484 1233 2549 nihil
1278 2497 1597 2571 superest3
1651 2485 1944 2552 libidines
2001 2497 2206 2553 totum
2249 2486 2610 2571 dissipave-

538 2590 705 2644 runt.
794 2601 877 2643 an
920 2578 1041 2643 iuri
1084 2578 1291 2643 civili?
1344 2589 1445 2644 est
1485 2589 1839 2665 paternum.
1929 2581 2046 2645 sed
2089 2581 2254 2646 dicet
2301 2589 2392 2657 te,
2447 2599 2606 2645 cum

540 2671 717 2737 aedis
768 2671 1109 2749 venderes,
1162 2694 1245 2736 ne
1277 2672 1345 2736 in
1378 2672 1539 2737 rutis
1589 2673 1844 2756 quidem
1880 2685 1946 2738 et
1977 2674 2184 2740 caesis
2219 2672 2450 2739 solium
2483 2673 2604 2740 tibi

535 2777 871 2852 paternum
904 2765 1257 2849 reliquisse.
1304 2789 1387 2830 an
1420 2767 1514 2832 rei
1547 2768 1840 2834 militari?
1876 2769 1984 2853 qui
2009 2790 2355 2855 numquam
2390 2779 2603 2836 castra

537 2859 800 2924 videris!
854 2882 937 2924 an
973 2859 1406 2943 eloquentiae?
1459 2883 1620 2946 quae
1655 2885 1860 2948 neque
1906 2873 2006 2928 est
2037 2863 2106 2928 in
2139 2873 2233 2942 te,
2279 2873 2370 2942 et,
2424 2863 2599 2947 quic-

538 2952 692 3036 quid
734 2963 834 3018 est
884 2952 1062 3019 vocis
1108 2975 1184 3017 ac
1232 2954 1519 3041 linguae,
1571 2979 1759 3022 omne
1801 2957 1870 3021 in
1909 2957 2104 3022 istum
2160 2955 2599 3044 turpissimum

540 3047 889 3112 calumniae
926 3056 1261 3130 quaestum
1296 3049 1644 3115 contulisti!
1690 3061 1760 3114 tu
1795 3050 2000 3116 lucem
2039 3051 2323 3138 aspicere
2360 3051 2598 3116 audes?

535 3152 605 3205 tu
639 3140 757 3207 hos
792 3141 1061 3206 intueri?
1112 3151 1183 3206 tu
1214 3141 1284 3207 in
1318 3143 1489 3222 foro,
1541 3153 1610 3208 tu
1644 3144 1712 3208 in
1746 3146 1931 3223 urbe,
1977 3155 2048 3208 tu
2081 3145 2150 3209 in
2185 3145 2415 3210 civium
2451 3167 2600 3212 esse

536 3237 918 3322 conspectu?
979 3245 1050 3300 tu
1100 3234 1277 3302 illam
1325 3248 1669 3316 mortuam,
1733 3249 1804 3302 tu
1861 3238 2174 3324 imagines
2235 3239 2406 3324 ipsas
2459 3261 2602 3304 non

532 3329 1000 3417 perhorrescis?
1052 3331 1283 3414 quibus
1326 3355 1456 3396 non
1508 3332 1698 3397 modo
1751 3332 2100 3411 imitandis,
2157 3333 2273 3399 sed
2313 3353 2397 3395 ne
2440 3353 2601 3397 con-

421 3418 499 3534 252}
532 3423 816 3490 locandis
868 3424 1125 3509 quidem
1159 3423 1275 3490 tibi
1323 3425 1537 3490 locum
1585 3425 1786 3490 ullum
1837 3425 2187 3511 reliquisti!
2277 3424 2393 3490 sed
2435 3424 2598 3490 haec

534 3519 777 3606 tragica
811 3530 999 3603 atque
1054 3518 1295 3595 divina3
1351 3518 1562 3585 faceta
1595 3529 1808 3584 autem
1841 3531 1909 3584 et
1937 3521 2184 3585 urbana
2233 3519 2597 3584 innumera-

529 3613 685 3678 bilia
734 3613 840 3678 vel
891 3635 973 3677 ex
1023 3634 1155 3680 una
1204 3610 1497 3678 contione
1548 3613 1954 3692 meministis3
2005 3635 2127 3680 nec
2171 3613 2341 3678 enim
2394 3612 2598 3678 maior

534 3707 851 3774 contentio
885 3726 1190 3789 umquam
1222 3705 1343 3770 fuit
1376 3727 1496 3772 nec
1539 3708 1713 3794 apud
1743 3707 2050 3795 populum
2101 3707 2356 3794 gravior
2393 3706 2596 3773 oratio

534 3823 725 3886 quam
742 3799 929 3864 huius
950 3810 1169 3865 contra
1194 3800 1528 3888 conlegam
1543 3802 1611 3866 in
1629 3823 1898 3866 censura
1921 3823 2126 3888 nuper
2148 3823 2356 3886 neque
2376 3800 2594 3886 lepore

534 3904 599 3958 et
630 3893 973 3959 festivitate
1008 3893 1333 3959 conditior.
1379 3915 1506 3976 qua
1539 3917 1608 3959 re
1643 3895 1776 3972 tibi,
1813 3895 2077 3974 Antoni,
2111 3905 2452 3979 utrumque
2483 3892 2596 3958 ad-

535 3987 772 4051 sentior
806 3998 870 4051 et
902 3987 1171 4051 multum
1216 3986 1480 4052 facetias
1515 3987 1582 4052 in
1617 3989 1884 4056 dicendo
1935 3989 2242 4076 prodesse
2297 4009 2492 4074 saepe
2529 3998 2592 4052 et

535 4101 645 4142 eas
683 4090 816 4142 arte
850 4080 1027 4144 nullo
1062 4082 1253 4146 modo
1288 4104 1482 4167 posse
1535 4084 1726 4148 tradi:
1781 4084 1940 4148 illud
1983 4084 2240 4168 quidem
2293 4082 2590 4160 admiror,
