2784 4575
366 332 369 334 ,
451 249 574 319 118
1067 259 1144 314 M.
1180 257 1453 316 TULLII
1492 257 1893 316 omanoms

446 393 808 462 convertas,
855 405 1047 467 quam
1082 383 1164 448 ob
1199 404 1338 447 rem
1367 381 1461 446 ita
1494 382 1637 466 quis
1673 391 1965 460 vocetur3
2017 391 2091 447 ut
2124 405 2247 468 ego
2302 404 2511 470 nuper

443 477 816 552 Nummium
867 476 1240 554 divisorem,
1292 485 1368 541 ut
1406 475 1898 562 Neoptolemum
1950 477 2035 542 ad
2068 475 2359 555 Troiam,
2416 475 2511 541 sic

341 591 414 646 64
444 571 625 636 illum
657 571 726 636 in
761 593 986 658 campo
1021 570 1260 636 Martio
1295 591 1531 637 nomen
1562 569 1915 650 invenisse3
1952 581 2141 654 atque
2176 569 2337 636 haec
2372 593 2513 640 om-

445 666 556 732 nia
588 666 784 732 verbo
819 665 1236 732 continentur.
1327 687 1519 750 saepe
1556 665 1749 730 etiam
1803 687 2026 730 versus
2070 666 2276 732 facete
2311 664 2512 732 inter-

443 759 728 848 ponitur,
783 760 888 826 vel
921 770 992 824 ut
1026 771 1127 826 est
1158 759 1263 824 vel
1295 759 1625 846 paululum
1666 758 2063 838 immutatae,
2122 757 2261 845 [aut
2294 759 2513 844 aliqua

446 877 592 942 pars
619 853 896 942 versus,]
927 865 998 920 ut
1027 852 1217 920 Statii
1242 878 1280 920 a
1310 853 1555 920 Scauro
1584 855 2045 932 stomachante3
2094 878 2176 920 ex
2202 877 2331 939 quo
2358 868 2511 920 sunt

441 971 573 1014 non
598 949 774 1027 nulli,
795 950 904 1034 qui
923 959 1097 1013 tuam
1113 947 1324 1034 legem
1345 949 1424 1013 de
1444 949 1697 1014 civitate
1714 959 1948 1027 natam,
1972 947 2231 1028 Cra-sse,
2260 948 2507 1016 dicant:

531 1055 609 1122 st,
630 1055 852 1122 tacete,
873 1043 1028 1127 quid
1045 1043 1168 1109 hoc
1193 1042 1525 1108 clamoris?
1552 1043 1766 1126 quibu’
1786 1064 1906 1108 nec
1932 1055 2133 1108 mater
2156 1065 2277 1108 nec
2302 1054 2507 1131 pater,

339 1215 346 1218 ,
529 1147 708 1202 tanta
743 1135 1158 1202 confidentia?
1195 1136 1439 1201 auferte
1472 1135 1663 1200 istam
1698 1135 1868 1202 enim
1904 1138 2286 1223 superbiam.

443 1254 594 1308 nam
626 1232 695 1295 in
723 1229 944 1298 Caelio
973 1254 1127 1296 sane
1155 1231 1346 1296 etiam
1381 1231 1465 1296 ad
1500 1253 1759 1296 causam
1785 1231 1938 1296 utile
1967 1232 2088 1295 fuit
2122 1243 2301 1297 tuum
2326 1233 2503 1310 illud,

442 1325 714 1403 Antoni,
771 1347 918 1389 cum
950 1325 1058 1390 ille
1094 1348 1134 1388 a
1167 1347 1241 1390 se
1273 1323 1613 1412 pecuniam
1653 1324 2007 1410 profectam
2050 1325 2289 1390 diceret
2323 1325 2504 1392 testis

445 1429 509 1483 et
541 1419 808 1484 haberet
839 1419 1042 1484 filium
1077 1419 1537 1497 delicatiorem,
1576 1419 1849 1484 abeunte
1880 1419 2010 1482 iam
2044 1419 2173 1496 illo,

529 1514 740 1580 sentin
775 1535 994 1579 senem
1029 1535 1174 1579 esse
1209 1523 1450 1578 tactum
1484 1512 1743 1598 triginta
1776 1512 2005 1578 minis?

331 1640 412 1682 253
444 1605 512 1671 in
555 1606 678 1672 hoc
721 1629 926 1694 genus
980 1606 1374 1673 coniciuntur
1425 1606 1789 1692 proverbia,
1841 1617 1914 1672 ut
1955 1606 2114 1671 illud
2160 1603 2503 1692 Scipionis,

443 1723 591 1768 cum
639 1703 904 1768 Asellus
966 1701 1172 1768 omnis
1233 1701 1614 1787 provincias·
1656 1702 1971 1788 stipendia
2029 1712 2379 1768 merentem
2432 1725 2504 1768 se
2590 1700 2595 1706 ”

439 1819 819 1884 peragrasse
871 1796 1275 1884 gloriaretur:
1332 1803 1517 1882 ‘agas
1572 1796 1866 1862 asellum’
1924 1794 2020 1882 [et
2052 1795 2321 1882 cetera];
2378 1820 2507 1882 qua

442 1913 512 1956 re
551 1914 632 1958 ea
663 1913 943 1976 quoque,
1000 1891 1300 1975 quoniam
1331 1891 1591 1956 mutatis
1627 1891 1841 1956 verbis
1874 1914 2004 1956 non
2048 1902 2319 1978 possunt
2350 1891 2504 1958 reti-

438 2006 594 2049 nere
627 1984 898 2049 eandem
933 1995 1358 2061 venustatem,
1393 2005 1525 2050 non
1558 1984 1626 2048 in
1658 2006 1757 2061 re,
1796 1984 1911 2048 sed
1944 1983 2013 2048 in
2046 1985 2257 2050 verbis
2290 1985 2505 2070 posita

329 2099 408 2141 259
444 2076 770 2142 ducantur.
857 2087 957 2140 est
993 2077 1184 2142 etiam
1217 2077 1285 2140 in
1319 2077 1515 2142 verbo
1550 2077 1831 2162 positum
1872 2083 2005 2144 non
2036 2078 2348 2142 insulsum
2381 2102 2501 2164 ge-

437 2191 561 2234 nus
597 2191 680 2234 ex
715 2193 818 2246 eo,
875 2191 1020 2234 cum
1057 2171 1140 2234 ad
1174 2171 1467 2248 verbum,
1519 2193 1649 2236 non
1684 2170 1767 2235 ad
1803 2171 2179 2237 sententiam
2218 2193 2353 2235 rem
2388 2193 2499 2235 ac-

441 2262 650 2348 cipere
687 2262 970 2341 videare3
1027 2286 1109 2331 ex
1143 2285 1270 2349 quo
1307 2287 1435 2331 uno
1481 2285 1715 2351 genere
1752 2275 1923 2332 totus
1960 2276 2059 2331 est
2094 2265 2323 2343 Tutor,
2377 2264 2501 2333 mi-

437 2380 582 2421 mus
617 2368 831 2436 vetus,
869 2358 1103 2443 oppido
1138 2357 1462 2424 ridiculus.
1552 2360 1667 2425 sed
1702 2361 1861 2425 abeo
1900 2384 1939 2425 a
1972 2360 2214 2439 mimis3
2251 2370 2497 2425 tantum

439 2466 644 2537 genus
677 2452 868 2517 huius
901 2452 1150 2519 ridiculi
1174 2452 1412 2539 insigni
1446 2452 1659 2537 aliqua
1692 2464 1756 2519 et
1789 2464 1942 2519 nota
1974 2478 2060 2524 re.
2079 2454 2285 2520 notari
2317 2452 2495 2533 volo;

439 2556 542 2611 est
576 2556 787 2613 autem
823 2568 904 2611 ex
938 2546 1060 2611 hoc
1095 2570 1329 2634 genere
1362 2546 1550 2626 illud,
1604 2548 1776 2632 quod
1818 2558 1915 2626 tu,
1971 2547 2243 2627 Crasse,
2296 2570 2497 2635 nuper

440 2640 528 2718 ei,
587 2641 696 2724 qui
729 2651 792 2705 te
827 2653 1150 2729 rogasset,
1202 2664 1358 2705 num
1401 2641 1517 2707 tibi
1551 2640 1857 2707 molestus
1894 2652 2066 2709 esset
2108 2642 2359 2708 futurus
2368 2690 2387 2721 ,
2442 2642 2499 2707 si

441 2735 524 2802 ad
558 2746 620 2801 te
655 2736 818 2801 bene
853 2748 1000 2801 ante
1041 2736 1250 2801 lucem
1285 2733 1593 2813 venisset,
1648 2741 1747 2799 ‘tu
1790 2736 1967 2802 vero'
2020 2735 2285 2821 inquisti
2335 2742 2498 2801 ‘mo-

437 2828 636 2893 lestus
673 2850 804 2895 non
837 2829 1004 2895 eris’
1095 2829 1372 2896 ‘iubebis
1406 2829 1601 2915 igitur
1636 2828 1727 2893 te’
1764 2830 1966 2913 inquit
2000 2829 2410 2895 ‘suscitarii”
2434 2839 2499 2895 et

325 2944 404 2985 260
440 2932 508 2985 tu
547 2928 744 2987 ‘certe
779 2946 1085 3009 negaram
1119 2933 1182 2989 te
1216 2923 1555 2989 molestum
1588 2922 1908 2988 futurum?
1998 2946 2081 2989 ex
2113 2926 2340 2990 eodem
2372 2924 2497 2989 hoc

437 3025 622 3081 vetus
674 3015 833 3081 illud
883 3027 1012 3094 est,
1075 3017 1248 3099 quod
1297 3016 1476 3081 aiunt
1524 3016 2041 3103 Maluginensem
2098 3017 2279 3081 illum
2334 3014 2493 3104 [M.]

438 3108 832 3196 Scipionem,
887 3132 1031 3175 cum
1083 3133 1166 3175 ex
1217 3110 1501 3177 centuria
1553 3134 1670 3175 sua
1719 3110 2105 3175 renuntiaret
2146 3110 2499 3177 Acidinum

436 3204 764 3269 consulem
797 3226 1152 3291 praecoque
1189 3204 1459 3271 dixisset
1501 3205 1632 3269 ‘dic
1668 3205 1747 3269 de
1782 3204 1866 3270 L.
1900 3203 2207 3269 Manlioz'
2256 3204 2497 3269 ‘virum

435 3298 698 3366 bonum’
754 3298 962 3383 inquit
1013 3299 1495 3385 ‘egregiumque
1532 3300 1737 3365 civem
1770 3322 1913 3365 esse
1950 3298 2256 3365 arbitror.'
2343 3298 2495 3363 ridi-

435 3394 576 3458 cule
613 3393 804 3459 etiam
839 3393 997 3457 illud
1024 3392 1108 3457 L.
1143 3390 1469 3479 [Porcius]
1496 3394 1733 3459 Nasica
1766 3388 2013 3459 censori
2049 3391 2310 3471 Catoni3
2349 3414 2495 3457 cum

431 3487 540 3569 ille
578 3494 689 3553 ‘ex
723 3487 814 3551 tui
851 3486 1044 3551 animi
1079 3487 1392 3553 sententia
1436 3497 1505 3551 tu
1540 3510 1805 3554 uxorem
1838 3487 2100 3554 habes?
2158 3494 2315 3552 ‘non
2349 3486 2497 3553 her-

433 3581 601 3645 cule’
655 3580 860 3665 inquit
895 3586 1007 3645 ‘ex
1039 3580 1167 3645 mei
1219 3580 1414 3647 animi
1466 3581 1817 3647 sententia?
1907 3582 2067 3649 haec
2110 3592 2221 3649 aut
2260 3580 2493 3667 frigida

433 3686 586 3741 sunt
619 3685 730 3740 aut
763 3687 899 3743 tum
935 3675 1132 3754 salsa,
1185 3697 1334 3741 cum
1375 3674 1549 3739 aliud
1582 3686 1683 3741 est
1724 3686 2181 3763 exspectatum.
2268 3686 2493 3739 natura

435 3770 604 3834 enim
655 3791 821 3878 nos,·
855 3779 930 3834 ut
973 3780 1118 3835 ante
1171 3768 1332 3847 dixi,
1383 3779 1602 3834 noster
1654 3768 1927 3835 delectat
1970 3793 2172 3847 error3
2228 3792 2309 3835 ex
2344 3790 2489 3853 quc,

331 3856 400 3910 65
435 3884 580 3927 cum
639 3862 825 3947 quasi
887 3863 1136 3951 decepti
1189 3886 1409 3929 sumus
1472 3863 1975 3972 exspectatione,
2036 3863 2335 3929 ridemus.
2422 3860 2491 3928 in

320 3928 398 4000 {⁴³⁶¹
436 3955 648 4019 verbis
702 3956 894 4021 etiam
943 3956 1053 4023 illa
1105 3967 1282 4034 sunt,
1335 3978 1498 4041 quae
1552 3968 1660 4022 aut
1703 3980 1787 4023 ex
1826 3957 2159 4022 immutata
2207 3954 2491 4023 oratione

433 4046 750 4112 ducuntur
801 4060 912 4114 aut
954 4073 1036 4116 ex
1088 4050 1274 4115 unius
1329 4049 1510 4115 verbi
1552 4049 1961 4117 translatione
2006 4060 2117 4117 aut
2159 4072 2241 4116 ex
2280 4050 2493 4115 inver-
