2784 4575
751 295 856 351 DE
891 294 1378 353 INVENTIONE
1414 294 1462 351 Ι.
1494 296 1732 352 83-88,
2140 285 2264 353 143

198 422 483 511 praedae
519 418 716 485 sectio
750 440 881 484 non
913 416 1196 497 venierit,
1233 439 1358 502 quo
1393 416 1589 485 inlato
1624 418 1975 487 infirmatur
2008 444 2269 489 enume-

200 516 398 594 rati03
441 513 744 599 quoniam
775 512 844 577 id
877 523 976 579 est
1011 512 1365 591 inductum,
1413 514 1583 597 quod
1626 515 2031 601 praeteritum
2068 526 2169 583 est
2199 516 2267 582 in
2353 508 2357 513 ’

203 610 700 681 enumeratione.
783 607 979 672 altero
1017 617 1228 672 autem
1262 608 1454 675 modo
1488 608 2010 694 reprehendetur,
2066 610 2123 677 si
2156 621 2269 677 aut
2299 624 2371 683 46

205 715 431 772 contra
463 702 704 787 aliquid
738 700 1010 779 dicetur,
1066 700 1187 767 hoc
1223 712 1350 779 est,
1408 702 1466 767 si
1498 703 1774 789 exempli
1818 725 2043 783 causa,
2094 715 2169 771 ut
2198 706 2267 773 in

203 798 436 866 eodem
469 815 826 874 versemur,
878 794 1114 883 poterit
1145 796 1398 861 ostendi
1440 797 1789 865 hereditate
1823 798 2104 879 venisse,
2158 810 2269 865 ant

207 892 266 957 si
311 892 470 958 illud
512 902 866 961 extremum
919 890 1214 957 norr’erit
1256 900 1441 978 turpe
1494 893 1868 972 concedere,
1920 904 1994 959 ut
2036 891 2095 959 si
2136 894 2267 978 qui,

203 1008 358 1053 cum
400 986 674 1053 dixerint
707 984 1082 1050 adversarii:
1149 990 1290 1050 ‘aut
1318 984 1585 1052 insidias
1619 986 1831 1054 facere
1866 987 2123 1053 voluisti
2158 998 2268 1055 aut

207 1080 420 1147 amico
451 1102 690 1147 morem
723 1078 983 1166 gessisti
1019 1089 1133 1143 aut
1164 1080 1506 1166 cupiditate
1540 1080 1743 1147 elatus
1790 1081 1908 1159 es,'
1954 1082 2159 1148 amico
2194 1105 2265 1147 se

207 1196 458 1241 morem
497 1173 776 1261 gessisse
819 1173 1113 1239 fateatur.
1203 1174 1477 1263 simplex
1528 1186 1741 1241 autem
1790 1175 2115 1243 conclusio
2146 1198 2265 1242 -re-
2305 1204 2359 1246 ss

203 1268 660 1356 prehendetur,
707 1268 790 1346 si,
839 1268 1008 1353 quod
1053 1268 1362 1352 sequitur,
1409 1291 1539 1335 non
1580 1268 1871 1335 videatur
1903 1272 2265 1337 necessario

205 1384 356 1427 cum
389 1384 492 1441 eo,
547 1362 721 1447 quod
763 1362 1131 1440 antecessit,
1185 1361 1543 1429 cohaerere.
1631 1386 1781 1429 nam
1822 1365 1945 1429 hoc
1980 1364 2263 1448 quidem:

205 1456 300 1521 ‘si
333 1455 620 1542 spiritum
655 1455 856 1533 ducit,
901 1456 1116 1521 vivit?
1171 1455 1258 1521 ‘si
1291 1454 1429 1523 dies
1463 1466 1592 1535 est,
1646 1456 1872 1541 lucetss'
1920 1457 2055 1524 eius
2090 1459 2266 1526 modi

205 1560 336 1628 est,
379 1559 454 1615 ut
487 1571 634 1615 cum
665 1546 874 1636 priore
917 1550 1281 1616 necessario
1313 1550 1631 1636 posterius
1678 1551 2015 1619 cohaerere
2048 1550 2267 1619 videa—⁴

205 1654 337 1723 tur3
372 1644 495 1710 hoc
531 1654 775 1722 autem3
815 1644 902 1709 ‘si
935 1655 1138 1710 mater
1173 1656 1290 1723 est,
1329 1644 1592 1731 diligit3’
1633 1646 1719 1711 ‘si
1754 1645 2101 1731 aliquando
2116 1668 2267 1733 pec-

204 1738 400 1817 cavit,
437 1758 786 1823 numquam
819 1738 1224 1825 corrigetur3'
1263 1738 1356 1805 sic
1390 1739 1725 1821 conveniet
1754 1740 2161 1826 reprehendi,
2194 1748 2269 1805 ut

205 1832 672 1899 demonstretur
703 1854 834 1897 non
867 1832 1226 1898 necessario
1263 1851 1409 1898 cum
1441 1832 1651 1919 priore
1685 1833 1999 1919 posterius
2036 1832 2266 1900 cohae-

203 1948 365 1993 rere.
453 1924 576 1991 hoc
619 1948 824 2013 genus
869 1937 936 1991 et
987 1936 1198 1992 cetera
1240 1927 1601 1993 necessaria
1644 1939 1711 2000 et
1760 1928 2015 1996 omnino
2059 1928 2265 1993 omnis

207 2020 672 2107 argumentatio
707 2030 774 2087 et
809 2020 946 2086 eius
988 2019 1402 2107 reprehensio
1444 2021 1748 2089 maiorem
1784 2024 2103 2106 quandam
2134 2022 2268 2087 vim
2320 2070 2323 2079 .

205 2114 486 2181 continet
537 2125 602 2180 et
655 2113 845 2179 latius
897 2124 1102 2202 patet,
1155 2136 1348 2198 quam
1398 2115 1502 2179 hic
1547 2116 1909 2203 exponitur:
1962 2116 2079 2189 sed
2126 2116 2265 2181 eius

207 2207 456 2273 artificii
507 2208 784 2297 cognitio
837 2207 974 2273 eius
1026 2207 1202 2273 modi
1254 2219 1380 2287 est,
1432 2220 1507 2274 ut
1555 2232 1685 2278 non
1737 2211 1821 2275 ad
1870 2210 2057 2277 huius
2112 2210 2263 2278 artis

202 2313 454 2390 partem
489 2303 763 2387 aliquam
797 2301 1058 2390 adiungi
1090 2303 1323 2389 possit,
1379 2304 1497 2369 sed
1528 2304 1673 2391 ipsa
1716 2306 2055 2391 separatim
2090 2304 2269 2392 longi

205 2396 510 2484 temporis
562 2406 628 2461 et
677 2418 950 2484 magnae
1001 2407 1190 2480 atque
1243 2398 1477 2462 arduae
1530 2397 1908 2485 cognitionis
1960 2398 2296 2484 indigeat,-

205 2512 334 2574 qua
382 2513 452 2556 re
503 2489 613 2556 illa
663 2491 850 2556 nobis
901 2490 1026 2556 alio
1079 2501 1364 2577 tempore
1420 2501 1610 2574 atque
1662 2492 1746 2557 ad
1799 2492 1971 2556 aliud
2003 2490 2266 2556 institu-

205 2597 368 2662 tum,
424 2583 480 2649 si
532 2583 802 2650 facultas
865 2584 1011 2662 erit,
1067 2584 1578 2670 explicabuntur3
1631 2606 1800 2650 nunc
1854 2585 1955 2650 his
2006 2603 2267 2670 praece-

205 2677 528 2764 ptionibus
561 2678 884 2744 rhetorum
913 2679 997 2744 ad
1029 2699 1220 2742 usum
1247 2675 1589 2744 oratorium
1616 2689 1945 2745 contentos
1973 2700 2092 2744 nos
2120 2699 2265 2744 esse

205 2771 546 2857 oportebit.
2049 2798 2052 2801 ·

329 2861 500 2931 Cum
531 2864 722 2952 igitur
757 2888 839 2931 ex
873 2865 996 2945 eis,
1051 2881 1214 2952 quae
1251 2875 1615 2944 sumuntur,
1669 2865 1907 2949 aliquid
1938 2887 2079 2947 ‚non
2116 2885 2265 2931 con·-

207 2957 477 3037 ceditur,
515 2959 607 3024 sic
639 2959 1056 3026 infirmabitur
1063 2985 1084 3039 3
1122 2983 1266 3026 cum
1300 2971 1542 3040 autem,
1580 2959 1679 3025 his
1716 2961 2055 3038 concessis,
2095 2981 2267 3026 com·
2298 2955 2367 3010 47

203 3053 418 3140 plexio
469 3076 552 3118 ex
596 3053 696 3118 his
741 3077 872 3119 non
924 3054 1278 3132 conficitur,
1332 3053 1491 3120 haec
1543 3065 1728 3122 erunt
1779 3053 2263 3120 consideranda:

202 3169 358 3212 num
393 3147 566 3212 aliud
601 3147 996 3226 conficiatur,
1043 3149 1215 3214 aliud
1251 3149 1523 3230 dicatur,
1568 3148 1693 3218 huc
1724 3149 1944 3227 mod0,
1999 3149 2082 3228 si,
2120 3169 2266 3220 cum

203 3240 430 3324 aliquis
469 3241 640 3307 dicat
673 3265 742 3308 se
775 3243 1132 3328 profectum
1167 3266 1310 3310 esse
1347 3243 1431 3308 ad
1465 3243 1829 3322 exercitum,
1866 3253 2085 3309 contra
2118 3265 2266 3310 eum

202 3335 349 3417 quis
385 3335 540 3400 velit
572 3336 696 3402 hac
729 3336 823 3403 uti
867 3337 1443 3422 argumentatione:
1499 3337 1586 3402 ‘si
1606 3331 1915 3404 'venisses
1960 3337 2045 3402 ad
2077 3359 2268 3403 exer-

203 3429 430 3506 citum,
485 3453 524 3494 a
555 3429 824 3496 tribunis
868 3430 1244 3497 militaribus
1290 3431 1469 3496 visus
1504 3453 1712 3510 esses;
1766 3454 1895 3498 non
1938 3449 2009 3496 es
2053 3440 2269 3495 autem

203 3523 290 3588 ab
325 3521 427 3588 his
442 3523 636 3590 Nisus
645 3551 671 3603 3
711 3547 844 3592 non
879 3549 948 3592 es
983 3526 1178 3612 igitur
1215 3525 1299 3590 ad
1333 3525 1678 3593 exercitum
1709 3523 2074 3612 profectus?
2162 3522 2267 3588 hic

203 3639 352 3683 cum
403 3619 796 3686 concesseris
849 3619 1349 3709 propositionem
1402 3629 1467 3684 et
1502 3619 2039 3706 adsumptionem,
2094 3637 2269 3682 com-

201 3711 416 3798 plexio
453 3722 556 3778 est
588 3711 992 3792 infirmanda,
1031 3713 1203 3779 aliud
1238 3712 1436 3791 enm,
1474 3731 1665 3796 quam
1699 3712 2071 3798 cogebatur,
2108 3709 2268 3774 inla-

205 3814 341 3871 tum
373 3814 493 3870 est.
556 3827 636 3872 ac
667 3828 838 3878 nunc
873 3807 1148 3892 quidem,
1175 3827 1302 3892 quo
1339 3805 1587 3872 facilius
1621 3828 1726 3871 res
1755 3813 2261 3893 cognosceretur,
2306 3830 2360 3872 ss

202 3898 544 3984 perspicuo
585 3910 652 3966 et
685 3901 914 3988 grandi
948 3901 1100 3967 vitio
1125 3901 1485 3987 praeditum
1517 3899 1846 3988 posuimus
1876 3897 2265 3983 exemplum3

203 3990 324 4056 sed
367 4013 559 4078 saepe
603 3994 936 4060 obscurius
977 3995 1260 4081 positum
1299 3994 1525 4060 vitium
1576 4016 1693 4080 pro
1737 4014 1888 4058 vero
1940 3992 2263 4078 probatur,

199 4107 352 4152 cum
379 4097 490 4151 aut
503 4109 732 4174 parum
755 4087 1136 4168 memineris,
1163 4088 1316 4173 quid
1334 4085 1745 4166 concesseris,
1769 4096 1879 4157 aut
1896 4085 2265 4174 ambiguum.

2307 3028 2359 3070 8⁷
2474 3031 2476 3038 '
