2784 4575
804 254 909 309 DE
948 254 1309 311 ORATORE
1346 256 1450 312 111.
1487 255 1726 341 ⁷5-827
2173 244 2299 311 161

239 404 323 447 ne
360 402 553 447 sanus
590 378 847 465 quidem
879 379 1187 445 iudicetur
1196 404 1216 457 ;
1262 379 1420 445 haec
1457 400 1639 458 vero,
1673 400 1836 463 quae
1874 389 2021 445 sunt
2054 378 2124 446 in
2155 380 2302 467 phi-

241 476 561 563 losophia,
615 471 886 561 ingeniis
931 483 1234 538 eruuntur
1278 474 1362 539 ad
1401 472 1496 551 id,
1551 474 1724 557 quod
1763 472 1831 537 in
1877 494 2128 558 quoque
2163 475 2301 540 veri

240 570 450 636 simile
487 580 614 647 est,
668 566 1045 633 eliciendum
1079 566 1279 632 acutis
1316 577 1506 651 atque
1561 566 1810 632 acribus
1851 565 2081 654 [eaque
2115 590 2302 635 exer-

242 663 437 729 citata
469 663 751 730 oratione
784 660 1156 750 poliuntur}
1244 660 1349 727 hic
1382 671 1599 727 noster
1634 661 1911 749 volgaris
1948 672 2184 741 orator,
2242 662 2300 727 si

239 756 453 822 minus
490 757 609 823 erit
661 756 885 822 doctus
894 802 915 835 ‚
970 764 1251 821 attamen
1285 754 1355 819 in
1390 755 1658 821 dicendo
1713 755 2121 834 exercitatus,
2176 756 2297 821 hac

241 850 385 937 ipsa
426 849 873 917 exercitatione
928 848 1247 915 communi
1296 849 1456 915 istos
1493 848 1751 934 quidem
1799 846 2108 937 [nostros]
2157 873 2297 917 ver-

240 944 492 1009 berabit
541 966 747 1027 neque
784 966 854 1011 se
900 945 981 1009 ab
1028 944 1120 1009 eis
1176 944 1494 1009 contemni
1537 965 1612 1009 ac
1655 943 1898 1029 despici
1950 944 2114 1009 sinet
2121 970 2140 1023 3
2198 946 2298 1011 sin
2341 973 2396 1015 so

238 1037 469 1121 aliquis
507 1036 819 1103 exstiterit
854 1037 1219 1122 aliquandO,
1286 1037 1397 1122 qui
1429 1037 1800 1103 Aristotelio
1835 1060 2012 1104 more
2047 1039 2128 1105 de
2162 1062 2298 1105 om-

240 1130 431 1196 nibus
465 1131 658 1197 rebus
693 1130 762 1193 in
794 1141 1125 1215 utramque
1158 1141 1408 1217 partem
1441 1130 1648 1219 possit
1682 1131 1890 1197 dicere
1926 1142 1992 1197 et
2021 1132 2092 1198 in
2123 1134 2298 1198 omni
2374 1151 2379 1157 ·

237 1246 439 1289 causa
470 1224 629 1289 duas
666 1224 1009 1291 contrarias
1046 1224 1381 1304 orationes,
1417 1226 1772 1312 praeceptis
1808 1225 1975 1291 illius
2006 1226 2296 1313 cognitiS,

236 1317 557 1405 explicare
612 1330 721 1383 aut
773 1318 897 1384 hoc
946 1318 1278 1404 Arcesilae
1338 1319 1529 1385 modo
1582 1330 1648 1384 et
1701 1315 2020 1385 Carneadi
2078 1332 2299 1387 contra

236 1434 457 1490 omne,
518 1413 692 1496 quod
740 1399 1139 1499 propositum
1191 1412 1301 1489 sit,
1366 1412 1664 1491 disserat,
1727 1412 1960 1497 quique
2023 1414 2108 1479 ad
2156 1437 2299 1481 eam

238 1504 551 1571 rationem
585 1505 891 1592 adiungat
942 1506 1112 1570 hunc
1150 1502 1588 1593 [rhetoricum]
1644 1526 1834 1571 usum
1871 1504 2292 1595 [moremque]

240 1597 879 1683 exercitationemque
916 1598 1193 1676 dicendi,
1246 1599 1302 1663 is
1340 1598 1460 1665 erit
1493 1621 1712 1677 veru8,
1764 1599 1820 1665 is
1854 1601 2259 1687 perfectus,
2239 1625 2296 1666 16

243 1690 417 1757 solus
472 1702 711 1771 orator,
774 1716 925 1757 nam
982 1713 1191 1778 neque
1252 1693 1389 1759 sine
1453 1692 1813 1759 forensibus
1875 1694 2086 1759 nervis
2143 1693 2296 1761 satis

240 1784 583 1851 vehemens
620 1802 685 1852 et
718 1786 931 1873 gravis
967 1808 1088 1851 1160
1124 1786 1259 1851 sine
1297 1786 1598 1852 varietate
1615 1854 1620 1857 ,
1636 1786 1958 1852 doctrinae
1994 1787 2148 1853 satis
2182 1811 2298 1874 po-

239 1878 389 1943 litus
428 1888 491 1943 et
527 1879 781 1966 sapiens
810 1902 954 1945 esse
980 1889 1191 1945 orator
1214 1889 1448 1965 potest.
1519 1900 1646 1963 qua
1670 1902 1740 1945 re
1769 1877 2079 1945 Coracem
2103 1880 2298 1945 istum
2340 1908 2391 1949 81

240 1982 522 2039 veterem
554 1974 869 2059 patiamur
920 1996 1039 2039 nos
1084 1972 1341 2057 quidem
1392 1973 1602 2060 pullos
1658 1996 1808 2039 suos
1863 1974 2198 2040 excludere
2231 1974 2300 2038 in

239 2066 418 2145 nido,
474 2068 585 2152 qui
618 2068 871 2135 evolent
907 2067 1279 2133 clamatores
1316 2067 1524 2134 odiosi
1558 2090 1633 2133 ac
1667 2067 1946 2146 molesti,
1990 2068 2299 2155 Pamphi-

238 2160 495 2245 lumque
529 2163 747 2228 nescio
782 2183 975 2246 quem
1009 2162 1293 2227 sinamus
1328 2162 1396 2226 in
1429 2160 1647 2227 infulis
1693 2172 1935 2227 tantam
1968 2183 2106 2228 rem
2139 2174 2300 2229 tam-

240 2274 432 2338 quam
489 2256 749 2341 puerilis
812 2254 1070 2322 delicias
1124 2255 1367 2341 aliquas
1432 2255 1775 2343 depingere
1783 2282 1802 2336 3
1865 2278 2111 2342 nosque
2172 2256 2304 2344 ipsi

239 2346 363 2411 hac
413 2357 545 2411 tam
596 2349 829 2433 exigua
888 2349 1313 2436 disputatione
1375 2349 1657 2416 hesterni
1708 2361 1774 2415 et
1825 2350 2114 2415 hodierni
2173 2351 2299 2416 diei

239 2450 444 2506 totum
494 2441 759 2506 oratoris
811 2463 1041 2507 munus
1096 2443 1482 2529 explicemus
1495 2489 1514 2520 ,
1578 2444 1732 2508 dum
1792 2443 1982 2508 modo
2033 2443 2144 2508 illa
2191 2466 2296 2508 res

239 2543 417 2598 tanta
452 2531 563 2612 sit,
615 2543 689 2598 ut
722 2533 1013 2600 omnibus
1065 2535 1590 2621 philosophorum
1641 2535 1848 2614 libris,
1903 2558 2064 2620 quos
2109 2559 2296 2603 nemo

236 2626 562 2693 rhetorum
621 2625 887 2691 istorum
958 2649 1259 2711 umquam
1327 2626 1563 2714 attigit,
1634 2629 2092 2714 comprehensa
2153 2651 2295 2694 esse

240 2719 569 2786 videatur?

360 2813 531 2878 Tum
568 2810 837 2878 Catulus
877 2811 1397 2897 ‘haudquaquam
1429 2812 1727 2892 hercule,'
1763 2813 1969 2899 inquit
2005 2814 2292 2894 ‘‚Crasse
2331 2815 2401 2870 22

238 2907 597 2972 mirandum
630 2919 732 2972 est
764 2929 909 2972 esse
944 2906 1013 2972 in
1046 2917 1110 2972 te
1146 2916 1387 2974 tantam
1424 2906 1674 2974 dicendi
1709 2906 1812 2972 vel
1846 2907 1980 2973 vim
2013 2910 2115 2975 vel
2151 2932 2296 2976 sua-

238 3002 500 3068 vitatem
535 3001 640 3068 vel
673 3001 951 3089 copiam3
994 3023 1187 3087 quem
1220 3001 1478 3086 quidem
1513 3011 1702 3068 antea
1732 3013 1959 3070 natura
1989 3004 2176 3068 rebar
2209 3002 2300 3068 ita

240 3098 479 3177 dicere,
532 3107 604 3162 ut
652 3095 810 3162 mihi
860 3119 991 3162 non
1044 3097 1253 3164 solum
1305 3108 1517 3163 orator
1569 3119 1853 3162 summus
1864 3145 1884 3176 ,
1939 3098 2058 3163 sed
2107 3097 2298 3164 etiam

240 3191 747 3279 sapientissimus
782 3191 974 3257 homo
1002 3191 1314 3270 viderere3
1351 3212 1521 3256 nunc
1554 3191 1854 3278 intellego
1889 3191 1999 3258 illa
2032 3202 2096 3257 te
2132 3214 2300 3258 sem-

237 3309 353 3372 per
397 3285 590 3350 etiam
629 3285 879 3372 potiora
930 3285 1220 3364 duxisse,
1264 3307 1438 3370 quae
1488 3286 1572 3352 ad
1623 3285 1999 3372 sapientiam
2051 3297 2298 3374 specta-

238 3387 407 3455 rent,
462 3388 651 3461 atque
704 3402 787 3444 ex
837 3379 937 3445 his
990 3380 1157 3446 hanc
1210 3381 1462 3446 dicendi
1513 3381 1762 3468 copiam
1810 3381 2094 3446 fluxisse.
2183 3381 2299 3446 sed

238 3483 455 3536 tamen
498 3493 645 3538 cum
680 3473 884 3539 omnis
938 3476 1174 3560 gradus
1230 3475 1454 3540 aetatis
1507 3475 1805 3542 recordor
1849 3487 1992 3541 tuae
2029 3497 2296 3560 cumque

240 3565 436 3630 vitam
471 3575 644 3630 tuam
680 3587 756 3631 ac
790 3567 1003 3632 studia
1036 3568 1387 3648 considero,
1423 3590 1660 3653 neque,
1695 3591 1822 3654 quo
1859 3579 2140 3656 tempore
2173 3569 2303 3635 ista

238 3658 555 3739 didiceris,
593 3657 801 3737 video,
837 3682 957 3727 nec
981 3685 1215 3748 magno
1245 3685 1436 3750 opere
1473 3672 1536 3728 te
1569 3661 1710 3729 istis
1748 3663 1993 3742 studiis,
2030 3663 2297 3728 homini-

237 3755 390 3832 bus,
445 3753 624 3821 libris
661 3753 963 3842 intellego
999 3756 1282 3822 deditum
1290 3782 1309 3836 3
1362 3779 1571 3842 neque
1605 3767 1820 3822 tamen
1869 3779 2134 3844 possum
2170 3768 2300 3822 sta-

236 3859 444 3926 tuere,
497 3859 711 3915 utrum
754 3849 961 3936 magis
1013 3851 1202 3918 mirer
1238 3862 1311 3918 te·
1343 3851 1481 3931 illa,
1535 3873 1702 3936 quae
1743 3849 1898 3917 mihi
1949 3851 2294 3938 persuades

234 3942 517 4008 maxima
562 3967 706 4012 esse
753 3945 1143 4024 adiumenta,
1196 3943 1484 4032 potuisse
1518 3945 1585 4011 in
1620 3945 1811 4010 tantis
1857 3945 1980 4011 tuis
2025 3967 2298 4033 occupa-

234 4034 513 4105 tionibus
550 4038 937 4124 perdiscere,
976 4063 1077 4118 an,
1116 4039 1172 4105 si
1206 4064 1335 4106 non
1368 4039 1681 4128 potueris,
1716 4063 1910 4126 posse
1944 4041 2068 4109 isto
2104 4041 2294 4108 modo

346 4136 570 4183 ciceronis
588 4139 672 4183 vol.
692 4139 747 4183 11.
1879 4147 1940 4196 11
