2784 4575
498 247 631 314 246
1110 257 1191 314 Μ.
1231 256 1508 317 TULLII
1544 255 1950 319 CICERONIS

498 393 636 448 tum
652 379 876 468 flagitii
894 380 1380 448 commisisset?
1410 387 1432 420 ‘
1441 380 1594 466 quid
1612 391 1843 462 autem,
1863 378 2123 466 inquam
2135 383 2394 463 ‘Bi-ute,
2408 385 2567 454 stul-.-

498 477 647 554 tius,
678 497 890 560 quam,
928 475 984 540 si
1009 495 1088 541 ea
1113 475 1471 562 vituperare
1498 475 1771 554 volebat,
1798 489 1963 560 quae
1990 475 2397 566 vituperavit,
2432 503 2567 554 non

497 593 578 640 eo
611 575 897 658 tempore
929 569 1258 636 instituere
1295 579 1680 648 sermonem,
1726 592 1873 636 cum
1905 571 2157 638 illarum
2189 593 2404 638 rerum
2436 572 2569 638 iam

499 677 788 752 tempora
819 663 1308 752 praeterissent?
1361 664 1481 730 sed
1512 664 1603 730 ita
1644 675 1815 730 totus
1869 676 2064 745 errat,
2118 677 2191 732 ut
2233 666 2302 732 in
2336 668 2569 734 eodem

500 781 792 826 sermone
843 758 1014 824 dicat
1063 759 1132 823 in
1177 767 1470 824 senatum
1514 781 1587 824 se
1629 757 1911 826 Caesare
1962 762 2225 829 consule
2274 783 2407 831 non
2458 783 2573 828 ac-

498 854 753 932 cedere,
808 863 876 920 et
923 851 991 918 id
1042 853 1212 918 dicat
1254 853 1398 940 ipso
1442 853 1705 919 consule
1747 852 1967 920 exiens
2003 877 2041 920 e
2078 865 2323 925 senatu.
2408 856 2567 934 iam,

384 1013 386 1020 ,
499 948 609 1032 qui
643 948 766 1014 hac
806 957 986 1036 parte
1033 946 1253 1025 animi,
1308 969 1473 1032 quae
1516 957 1731 1014 custos
1778 957 1877 1014 est
1920 959 2273 1014 ceterarum
2320 948 2568 1037 ingenii

496 1041 801 1130 partium,
847 1052 979 1106 tam
1013 1041 1242 1106 debilis
1279 1051 1479 1119 esset,
1522 1053 1595 1107 ut
1636 1063 1719 1107 ne
1752 1040 1821 1106 in
1864 1041 2099 1128 scripto
2137 1042 2393 1127 quidem
2426 1067 2569 1110 me-

496 1137 788 1203 minisset
823 1136 975 1221 quid
1009 1135 1204 1223 paulo
1250 1146 1399 1201 ante
1440 1135 1790 1222 posuisset,
1843 1136 1995 1202 huic
2035 1136 2297 1206 minime.
2328 1137 2563 1204 mirum

383 1251 464 1292 220
498 1240 599 1296 est
648 1254 731 1297 ex
781 1241 1064 1317 tempore
1108 1229 1341 1295 dicenti
1385 1229 1639 1296 solitam
1682 1231 1942 1296 effluere
1983 1242 2291 1299 mentem:
2344 1232 2564 1317 itaque

499 1345 644 1389 cum
685 1323 746 1390 ei
787 1345 908 1390 nec
950 1323 1232 1390 officium
1275 1323 1529 1390 deesset
1574 1335 1639 1390 et
1681 1324 1981 1410 flagraret
2032 1325 2242 1390 studio
2287 1325 2565 1404 dicendi,

495 1439 852 1505 perpaucae
904 1418 988 1483 ad
1048 1440 1193 1484 eum
1253 1439 1486 1484 causae
1538 1417 2012 1497 deferebantur3
2082 1430 2295 1486 orator
2348 1431 2560 1486 autem

502 1509 694 1598 [vivis
749 1512 886 1578 eius
941 1509 1340 1599 aequalibus]
1404 1512 1731 1600 proximus
1793 1513 2049 1600 optimis
2108 1515 2559 1580 numerabatur

495 1609 757 1694 propter
790 1605 1126 1672 verborum
1159 1605 1511 1672 bonitatem
1518 1653 1539 1684 ,
1581 1616 1657 1670 ut
1690 1617 1836 1672 ante
1883 1605 2043 1684 dixi,
2090 1617 2155 1673 et
2197 1607 2560 1694 expeditam

496 1721 575 1765 ac
616 1699 1036 1786 profluentem
1088 1701 1365 1784 quodam
1416 1702 1609 1768 modo
1662 1701 2068 1767 celeritatem.
2154 1702 2368 1788 itaque
2420 1703 2560 1768 eius

497 1794 814 1861 orationes
869 1793 1267 1882 aspiciendas
1321 1806 1536 1862 tamen
1588 1816 1850 1862 censeo:
1906 1807 2057 1862 sunt
2104 1795 2251 1862 illae
2302 1796 2559 1881 quidem

495 1888 956 1975 languidiores,
991 1911 1214 1954 verum
1248 1899 1463 1955 tamen
1496 1901 1767 1976 possunt
1801 1912 2036 1976 augere
2072 1902 2137 1955 et
2169 1889 2349 1974 quasi
2384 1891 2561 1954 alere

494 1981 566 2048 id
614 1983 883 2061 bonum,
937 1981 1109 2067 quod
1149 1982 1217 2047 in
1258 1982 1369 2049 illo
1418 1984 1819 2052 mediocriter
1858 1983 2067 2049 'fuisse
2120 1981 2559 2060 concedimus;

495 2076 673 2159 quod
713 2077 907 2142 habet
949 2087 1190 2141 tantam
1233 2077 1392 2155 vim,
1446 2088 1518 2143 ut
1562 2077 1769 2144 solum
1810 2077 1945 2144 sine
1990 2075 2126 2142 aliis
2166 2075 2235 2140 in
2272 2073 2557 2142 Curione

497 2169 778 2254 speciem
823 2170 1089 2236 oratoris
1135 2170 1401 2238 alicuius
1446 2172 1748 2238 effecerit.
1836 2171 1951 2238 sed
2002 2171 2086 2236 ad
2112 2169 2413 2238 'instituta
2452 2189 2563 2236 re-

495 2260 783 2329 deamus.
2064 2294 2068 2299 ·
2534 2312 2541 2319 -
2593 2285 2594 2290 ¹

396 2350 467 2462 ὃξ
619 2358 702 2423 In
753 2358 979 2425 eodem
1028 2358 1222 2448 igitur
1270 2384 1535 2428 numero
1588 2361 1875 2429 eiusdem
1928 2360 2151 2428 aetatis
2207 2358 2287 2427 C.
2342 2358 2558 2429 Carbo

383 2423 436 2463 ²²
499 2450 633 2522 fuit,
654 2449 822 2518 illius
859 2453 1362 2539 eloquentissimi
1394 2455 1515 2521 viri
1546 2455 1745 2522 filius:
1798 2478 1929 2521 non
1964 2455 2121 2521 satis
2158 2466 2380 2521 acutus
2416 2475 2559 2521 ora·-

498 2555 624 2623 tor,
661 2546 780 2611 sed
809 2557 1027 2613 tamen
1060 2560 1272 2616 orator
1303 2559 1672 2615 numeratus
1709 2559 1837 2616 est:
1892 2558 2030 2615 erat
2060 2548 2129 2613 in
2164 2548 2376 2614 verbis
2410 2572 2562 2635 gra-

497 2638 661 2705 vitas
715 2650 780 2705 et
821 2640 1008 2707 facile
1055 2642 1305 2709 dicebat
1338 2653 1405 2709 et
1455 2641 1895 2709 auctoritatem
1945 2642 2301 2707 naturalem
2355 2663 2557 2726 quan-

497 2732 646 2798 dam
679 2734 959 2801 habebat
991 2736 1219 2815 oratio;
1265 2735 1507 2803 acutior
1542 2735 1626 2819 Q.
1660 2736 1898 2807 Varius
1933 2735 2125 2801 rebus
2159 2733 2559 2801 inveniendis

381 2831 386 2833 ’
493 2847 615 2891 nec
657 2827 868 2894 minus
911 2828 1126 2896 verbis
1178 2830 1543 2918 expeditus}
1596 2830 1781 2896 fortis
1834 2852 1986 2895 vero
2040 2841 2215 2895 actor
2256 2840 2323 2895 et
2364 2830 2560 2909 vehe-

493 2942 678 2987 mens
715 2932 781 2987 et
816 2923 1027 2989 verbis
1060 2944 1180 2989 nec
1213 2924 1399 3011 inops
1426 2946 1549 2991 nec
1575 2923 1858 2989 abiectus
1886 2933 1952 2987 et
1976 2938 2165 3004 quem
2188 2923 2378 3007 plane
2414 2944 2561 2987 ora?

495 3024 699 3079 torem
733 3015 942 3083 dicere
977 3017 1272 3097 auderes,
1311 3016 1435 3084 Cn.
1468 3016 1863 3103 Pomponius
1897 3014 2199 3078 lateribus
2233 3036 2562 3099 pugnans,

379 3122 462 3161 222
494 3105 763 3173 incitans
801 3109 1072 3187 animos,
1109 3130 1281 3188 acer,
1318 3111 1616 3186 acerbus,
1670 3107 2066 3173 criminosus.
2154 3104 2424 3169 multum
2460 3108 2547 3170 ab

493 3198 596 3265 his
641 3201 859 3268 aberat
890 3202 975 3269 L.
1007 3202 1262 3282 Fufius,
1315 3212 1531 3266 tamen
1572 3223 1655 3267 ex
1707 3198 2113 3265 accusatione
2142 3196 2263 3263 M.’
2298 3198 2555 3281 Aquili}

493 3292 857 3381 diligentiae
925 3294 1202 3360 fructum
1269 3304 1543 3381 ceperat.
1653 3316 1805 3358 nam
1862 3292 1963 3359 M.
2022 3290 2313 3358 Drusum
2372 3302 2558 3357 tuum

493 3410 797 3475 magnum
823 3387 1223 3467 avunculum,
1248 3393 1523 3477 'gravem
1548 3397 1883 3504 oratorem,
1917 3386 2009 3451 ita
2042 3385 2373 3451 dumtaxat
2406 3407 2555 3461 cum

497 3482 577 3547 de
611 3504 682 3549 re
714 3482 971 3569 publica
1005 3481 1270 3562 diceret3
1285 3482 1391 3550 L.
1420 3494 1635 3549 autem
1666 3481 2017 3549 Lucullum
2050 3480 2241 3547 etiam
2276 3490 2553 3559 acutum,

490 3586 866 3661 patremque
907 3583 1116 3656 tuum,
1158 3578 1391 3656 Brute,
1444 3578 1600 3645 iuris
1648 3599 1897 3663 quoque
1940 3586 2007 3643 et
2046 3574 2283 3663 publici
2325 3585 2391 3640 et
2422 3576 2558 3662 pri-

494 3670 628 3735 vati
671 3694 826 3739 sane
867 3672 1143 3759 peritum
1151 3699 1172 3754 ς
1215 3674 1315 3740 M.
1350 3674 1728 3751 Lucullum,
1770 3672 1871 3739 M.
1911 3670 2255 3738 Octavium
2292 3668 2414 3736 Cn.
2448 3670 2556 3747 F„

491 3763 604 3849 qui
637 3774 884 3835 tantum
918 3767 1288 3833 auctoritate
1319 3766 1715 3852 dicendoque
1750 3764 1975 3843 valuit,
2010 3773 2086 3829 ut
2118 3763 2328 3851 legem
2366 3761 2557 3828 Sem-

383 3854 390 3859 ’
491 3856 782 3942 proniam
824 3858 1302 3926 frumentariam
1343 3859 1565 3947 populi
1614 3859 1963 3944 frequentis
2008 3856 2330 3943 suffragiis
2365 3857 2557 3934 abro-

492 3949 766 4031 gaverit3
816 3949 938 4016 Cn.
977 3952 1324 4019 Octavium
1356 3952 1457 4019 M.
1488 3953 1568 4019 F.
1580 3999 1601 4031 ,
1642 3952 1743 4019 M.
1782 3951 2097 4019 Catonem
2137 3961 2414 4035 patrem,
2461 3946 2553 4030 Q.

489 4038 686 4102 etiam
723 4038 1026 4107 Catulum
1066 4044 1266 4111 filium
1310 4045 1698 4113 abducamus
1736 4068 1815 4109 ex
1859 4043 2023 4122 acie,
2075 4043 2145 4109 id
2178 4053 2278 4109 est
2310 4066 2351 4109 a
2383 4041 2548 4132 iudi,-
