2784 4575
751 299 858 353 DE
892 295 1380 356 INVENTIONE
1417 298 1493 353 11.
1528 298 1841 353 134-140,
2203 285 2330 354 195

275 448 418 490 sare
461 423 748 488 videatur
759 447 778 500 3
831 445 982 486 nam
1025 420 1312 507 superior
1355 419 1555 488 oratio
1609 419 1733 487 hoc
1774 420 1979 487 omnis
2032 422 2324 511 faciebat,

272 520 396 598 uti,
449 518 687 583 iudices
725 515 973 583 etiamsi
1006 516 1275 594 nollent,
1328 536 1595 581 necesse
1638 525 1837 583 esset:
1891 516 2051 581 haec
2094 529 2327 597 autem,

271 613 523 680 etiamsi
554 633 818 678 necesse
852 634 984 677 non
1018 621 1217 688 esset,
1253 619 1328 675 ut
1359 609 1597 675 vellent
1630 620 1852 676 contra
1885 610 2182 677 iudicare.
2261 612 2331 677 id
2365 636 2440 679 ιιι

277 718 488 773 autem
517 706 654 784 fiet,
694 705 776 783 si,
823 705 1052 789 quibus
1089 726 1172 769 ex
1203 703 1361 771 locis
1398 703 1587 814 culpa
1621 702 2153 773 demonstrabitur
2186 726 2331 771 esse

272 804 341 867 in
376 824 479 911 eo,
533 801 648 885 qui
679 799 1150 887 comparatione
1194 808 1306 865 aut
1335 798 1684 865 remotione
1722 808 1833 863 aut
1870 798 2175 867 relatione
2210 798 2331 865 cri-

271 897 460 964 minis
499 905 609 961 aut
651 893 1080 961 concessionis
1133 892 1421 979 partibus
1460 914 1529 959 se
1566 892 1893 983 defendet,
1944 928 2034 941 -—
2068 893 2151 959 de
2192 892 2332 977 qui-

271 992 394 1056 bus
449 1001 622 1067 ante,
678 998 756 1053 ut
795 986 1146 1075 potuimus,
1201 986 1537 1074 diligenter
1586 986 2075 1075 perscripsimus
2106 1023 2222 1065 ·-,
2276 986 2333 1053 si

275 1086 368 1151 eis
407 1107 480 1149 ex
511 1083 698 1160 locis,
755 1104 917 1168 quae
949 1104 1054 1147 res
1089 1081 1464 1167 postulabit,
1520 1082 1603 1147 ad
1636 1102 1897 1151 causam
1940 1080 2333 1149 adversario-

275 1199 417 1243 rum
459 1176 944 1264 improbandam
996 1174 1451 1241 transferemus
1462 1201 1481 1253 3
1538 1185 1648 1243 aut
1688 1194 1921 1244 causae
1957 1186 2023 1243 et
2052 1175 2331 1241 rationes

275 1272 670 1349 adferentur,
729 1293 854 1356 qua
893 1292 964 1336 re
1005 1282 1074 1336 et
1115 1290 1241 1353 quo
1287 1269 1554 1338 consilio
1592 1268 1685 1335 ita
1718 1270 1803 1334 sit
1832 1270 1901 1335 in
1942 1268 2087 1357 lege
2122 1278 2233 1333 aut
2264 1268 2334 1336 in

275 1377 656 1431 testamento
711 1365 1044 1451 scriptum,
1097 1373 1172 1427 ut
1223 1363 1537 1431 sententia
1588 1384 1843 1447 quoque
1894 1373 1959 1429 et
2008 1363 2331 1429 voluntate

275 1458 630 1545 scriptoris,
692 1480 824 1525 non
872 1458 1018 1544 ipsa
1070 1458 1278 1525 solum
1339 1458 1653 1545 scriptura
1710 1479 1905 1525 causa
1964 1458 2335 1525 confirmata

273 1574 422 1619 esse
475 1551 764 1617 videatur
817 1549 958 1637 [aut
999 1550 1138 1615 aliis
1193 1571 1446 1635 quoque
1489 1551 2040 1619 constitutionibus
2094 1552 2335 1617 factum

275 1642 706 1732 coarguetur}

397 1738 644 1807 Contra
695 1738 999 1825 scriptum
1059 1746 1272 1804 autem
1325 1738 1434 1821 qui
1493 1738 1725 1817 dicet,
1746 1738 2023 1824 primum
2078 1739 2336 1806 inducet
2366 1730 2447 1845 ’ᾗ

273 1856 423 1901 eum
456 1834 694 1911 locum,
723 1856 846 1921 per
881 1854 1070 1917 quem
1105 1832 1390 1917 aequitas
1428 1856 1659 1901 causae
1694 1834 2186 1913 demonstretur3
2225 1844 2336 1901 aut

272 1929 593 2006 ostendet,
631 1950 758 2012 quo
793 1927 1033 2005 animo,
1082 1948 1210 2012 quo
1245 1928 1539 2007 consilio,
1576 1951 1705 2013 qua
1738 1930 1818 1994 de
1855 1950 2049 1995 causa
2083 1929 2331 2007 fecerit3

271 2035 364 2101 et,
419 2044 884 2108 quamcumque
936 2042 1196 2087 causam
1249 2022 1570 2101 adsumet,
1626 2022 2087 2110 adsumptionis
2139 2023 2335 2109 parti-

271 2118 394 2183 bus
431 2141 501 2183 se
537 2117 854 2193 defendet,
893 2114 974 2181 de
1008 2116 1241 2200 quibus
1275 2127 1423 2183 ante
1451 2117 1689 2183 dictum
1722 2128 1851 2197 est3
1889 2128 2079 2201 atque
2110 2118 2179 2181 in
2213 2118 2335 2183 hoc

273 2210 414 2277 loco
451 2233 596 2277 cum
631 2212 866 2277 diutius
903 2220 1328 2279 commoratus
1365 2212 1465 2279 sui
1499 2210 1655 2277 facti
1676 2210 1987 2280 rationem
2021 2222 2085 2279 et
2120 2212 2335 2296 aequi-

274 2317 471 2370 tatem
513 2328 742 2372 causae
797 2305 1224 2383 exornaverit,
1278 2316 1416 2375 tum
1459 2329 1543 2372 ex
1583 2305 1689 2370 his
1736 2306 1895 2372 locis
1937 2307 2072 2372 fere
2116 2318 2337 2374 contra

272 2400 671 2465 adversarios
725 2400 894 2464 dicet
945 2411 1236 2486 oportere
1299 2421 1527 2466 causas
1584 2399 1812 2485 accipi:
1877 2400 2337 2466 demonstrabit

272 2493 514 2558 nullam
558 2516 702 2559 esse
742 2493 982 2579 legem,
1035 2516 1200 2577 quae
1244 2493 1525 2576 aliquam
1562 2515 1701 2560 rem
1742 2494 2031 2561 inutilem
2074 2504 2185 2558 aut
2215 2493 2335 2556 ini-

273 2609 466 2670 quam
517 2587 654 2652 fieri
706 2587 860 2652 velit
867 2612 886 2664 3
941 2587 1153 2653 omnia
1208 2587 1545 2672 supplicia,
1600 2609 1763 2670 quae
1816 2589 1897 2653 ab
1950 2587 2093 2672 lege
2143 2586 2336 2672 profi-

273 2682 622 2758 ciscantur,
675 2681 900 2765 eulpae
945 2701 1022 2744 ac
1063 2679 1342 2746 malitiae
1394 2680 1813 2744 vindicandae
1867 2701 2062 2746 causa
2102 2681 2336 2746 consti-

275 2785 414 2840 tuta
465 2795 636 2850 esse3
701 2772 1073 2858 scriptorem
1131 2773 1374 2858 ipsum,
1440 2773 1497 2838 si
1557 2772 1851 2851 exsistat,
1915 2772 2155 2841 factum
2214 2773 2338 2839 hoc
2371 2793 2447 2836 ιιι

272 2869 688 2955 probaturum
741 2875 807 2932 et
855 2866 1028 2932 idem
1084 2867 1328 2953 ipsum,
1392 2866 1449 2932 si
1507 2866 1567 2932 ei
1618 2865 1763 2932 talis
1813 2889 1918 2934 res
1982 2867 2334 2946 accidisset,

278 2963 594 3028 facturum
637 2961 872 3040 fuisse3
927 2983 1004 3028 ea
1036 2983 1108 3028 re
1140 2961 1304 3047 legis
1360 2961 1733 3047 scriptorem
1784 2972 1955 3028 certo
2000 2983 2083 3028 ex
2116 2961 2337 3030 ordine

273 3057 516 3124 iudices
553 3067 726 3123 certa
760 3067 966 3122 aetate
999 3056 1323 3143 praeditos
1359 3056 1795 3135 constituisse,
1830 3067 1904 3122 ut
1938 3069 2171 3137 essent,
2207 3079 2337 3124 non

273 3153 386 3238 qui
429 3151 736 3239 scriptum
779 3175 966 3218 suum
1015 3152 1382 3231 recitarent,
1440 3151 1615 3236 quod
1656 3151 1863 3236 quivis
1915 3175 2075 3240 puer
2125 3153 2336 3220 facere

273 3258 524 3336 posset,
581 3247 697 3312 sed
741 3247 850 3332 qui
895 3247 1278 3333 cogitatione
1323 3247 1589 3331 adsequi
1630 3258 1898 3334 possent
1939 3259 2005 3318 et
2046 3248 2337 3314 volunta-

277 3351 408 3406 tem
440 3341 837 3428 interpretari
844 3367 864 3421 3
917 3341 1146 3408 deinde
1179 3341 1360 3408 illum
1396 3341 1799 3427 scriptorem,
1856 3341 1913 3408 si
1949 3342 2184 3430 scripta
2220 3363 2339 3406 sua

280 3434 490 3499 stultis
525 3433 885 3500 hominibus
922 3445 987 3499 et
1018 3434 1305 3502 barbaris
1339 3435 1655 3502 iudicibus
1701 3435 2148 3513 committeret,
2201 3458 2338 3502 om-

276 3527 389 3594 nia
433 3549 681 3592 summa
729 3527 1060 3614 diligentia
1111 3529 1609 3615 perscripturum
1660 3529 1891 3606 fuisse3
1943 3549 2114 3596 nunc
2163 3549 2335 3607 vere,

275 3622 453 3708 quod
493 3619 918 3708 intellegeret,
973 3622 1194 3704 quales
1237 3621 1360 3688 viri
1399 3645 1505 3690 res
1558 3622 1896 3692 iudicaturi
1945 3630 2189 3697 essent,
2240 3618 2339 3686 id-

273 3715 446 3783 circo
481 3737 648 3793 eum,
687 3736 848 3799 quae
881 3716 1220 3802 perspicua
1250 3717 1496 3784 videret
1528 3739 1693 3794 esse,
1726 3739 1857 3790 non
1893 3712 2335 3799 adscripsisse,

275 3818 516 3896 ‘neque
569 3811 741 3876 enim
785 3832 900 3876 vos
957 3810 1173 3898 scripti
1225 3811 1325 3878 sui
1373 3811 1773 3888 recitatores,
1828 3809 1945 3876 sed
1995 3808 2336 3874 voluntatis
2381 3862 2388 3867 .

279 3905 656 3992 interpretes
691 3905 830 3972 fore
862 3904 1158 3992 putavit?
1211 3916 1439 3994 postea
1470 3925 1773 3990 quaerere
1810 3904 1895 3968 ab
1929 3899 2335 3968 adversariis·
2372 3929 2453 3969 140

277 3998 463 4084 quid,
501 4000 556 4065 si
590 4001 714 4067 hoc
747 3999 1044 4066 fecisset?
1089 3999 1268 4084 quid,
1307 3999 1363 4066 si
1397 4001 1521 4066 hoc
1556 3997 1927 4064 accidisset?
1972 4017 2190 4063 eorum
2222 3995 2337 4062 ali-

1884 4098 1985 4153 13·
