2784 4575
341 901 420 943 124

342 1559 418 1601 125

337 2186 416 2298 286

336 2962 415 3003 127

333 3526 413 3567 128

455 271 542 338 26
1071 285 1150 338 Μ.
1185 283 1458 340 TULLII
1496 283 1899 341 CICERONIS

452 407 728 473 maxime
761 405 818 472 is
869 406 1369 494 pertimesceret,
1423 407 1541 474 has
1588 429 1814 474 causas
1865 405 2267 474 inveniebam
2318 407 2516 473 duasz

452 525 674 580 unam,
728 501 900 586 quod
947 500 1387 588 intellegerent
1438 501 1498 566 ei
1508 549 1528 580 ,
1581 523 1739 587 quos
1791 523 1949 567 usus
1992 521 2069 567 ac
2117 514 2348 567 natura
2398 502 2517 568 do-

453 595 722 670 cuisset,
774 617 905 660 non
947 616 1296 680 numquam
1347 595 1614 660 summis
1660 591 2013 662 oratoribus
2056 618 2187 662 non
2228 595 2387 661 satis
2430 619 2517 661 ex

455 687 768 756 sententia
828 700 1128 754 eventum
1179 688 1433 754 dicendi
1492 690 1865 776 procedere3
1924 689 2017 755 ita
2073 711 2205 756 non
2262 689 2513 768 iniuria,

454 782 1016 868 quotienscumque
1052 782 1361 862 dicerent,
1414 783 1509 861 id,
1555 783 1727 868 quod
1780 782 2117 868 aliquando
2150 795 2375 870 posset
2406 805 2517 848 ac-

454 877 691 957 cidere,
744 899 828 943 ne
861 887 998 942 tum
1030 876 1242 963 ipsum
1277 876 1617 956 accideret,
1658 877 1911 957 timere3
1966 876 2167 943 altera
2198 887 2297 942 est
2326 877 2511 955 haec,

455 971 534 1036 de
569 993 696 1056 qua
738 970 918 1057 queri
972 993 1164 1058 saepe
1209 971 1415 1037 soleo:
1471 970 1642 1056 quod
1693 982 2042 1038 ceterarum
2085 970 2367 1037 homines
2404 993 2511 1034 ar-

452 1066 609 1131 tium
664 1064 930 1153 spectati
963 1076 1029 1130 et
1060 1063 1339 1151 probati,
1393 1064 1451 1130 si
1485 1065 1739 1150 quando
1795 1063 2033 1150 aliquid
2081 1064 2290 1130 minus
2339 1065 2509 1130 bene

451 1159 765 1236 fecerunt,
818 1180 1009 1243 quam
1063 1158 1294 1237 solent,
1347 1169 1459 1224 aut
1508 1158 1787 1225 noluisse
1835 1168 1944 1224 aut
1988 1157 2347 1224 valetudine
2390 1157 2513 1222 im-

451 1251 651 1339 pediti
682 1275 813 1318 non
843 1252 1128 1339 potuisse
1161 1253 1468 1337 consequi
1508 1252 1603 1331 id,
1656 1253 1829 1338 quod
1864 1253 2122 1331 scirent,
2176 1263 2508 1341 putantur:

455 1345 710 1411 ‘noluit’
747 1345 1038 1430 inquiunt
1072 1346 1290 1412 ‘hodie
1317 1369 1509 1434 agere
1533 1346 1851 1425 Roscius,’
1888 1359 1999 1412 aut
2033 1345 2309 1412 ‘crudior
2334 1345 2508 1424 fuit’3

452 1439 717 1506 oratoris
751 1449 1112 1526 peccatum,
1169 1439 1223 1506 si
1260 1441 1433 1525 quod
1466 1452 1567 1506 est
1608 1441 2149 1518 animadversum,
2205 1439 2509 1505 stultitiae

450 1545 784 1621 peccatum
818 1533 1095 1612 videtur3
1149 1534 1418 1600 stultitia
1470 1544 1682 1600 autem
1724 1534 2197 1601 excusationem
2229 1557 2363 1600 non
2395 1533 2508 1598 ha—

451 1631 586 1708 bet,
625 1629 776 1714 quia
808 1650 998 1695 nemo
1031 1628 1309 1708 videtur,
1365 1641 1476 1695 aut
1508 1627 1658 1714 quia
1698 1629 1932 1695 crudus
1967 1628 2157 1694 fuerit
2192 1640 2303 1692 aut
2336 1629 2509 1712 quod

449 1724 540 1789 ita
572 1723 891 1802 maluerit,
948 1721 1178 1788 stultus
1213 1723 1445 1802 fuisse3
1500 1745 1625 1808 quo
1661 1723 1851 1788 etiam
1903 1722 2159 1809 gravius
2203 1721 2508 1787 iudicium

448 1818 516 1883 in
558 1817 828 1883 dicendo
881 1816 1198 1883 subimus:
1254 1818 1547 1902 quotiens
1592 1817 1763 1884 enim
1806 1816 2103 1895 dicimus,
2156 1816 2390 1883 totiens
2427 1817 2507 1881 de

448 1913 632 1978 nobis
667 1911 997 1988 iudicatur,
1035 1921 1118 1988 et,
1154 1911 1263 1994 qui
1299 1911 1496 1978 semel
1530 1911 1596 1976 in
1628 1921 1818 1998 gestu
1851 1911 2156 1998 peccavit,
2191 1933 2324 1976 non
2356 1933 2507 1976 con·

449 2007 625 2071 tinuo
661 2003 1059 2070 existimatur
1083 2003 1332 2068 nescire
1358 2014 1641 2088 gestum3
1678 2005 1859 2070 cuius
1888 2015 2101 2071 autem
2134 2004 2203 2069 in
2237 2003 2503 2070 dicendo

451 2099 605 2182 quid
654 2096 1108 2182 reprehensum
1160 2107 1286 2175 est,
1341 2109 1453 2163 aut
1486 2110 1743 2164 aeterna
1784 2099 1851 2164 in
1886 2120 1962 2165 eo
2010 2107 2121 2164 aut
2161 2109 2330 2164 certe
2367 2098 2505 2162 diu-

451 2204 636 2256 turna
668 2190 840 2255 valet
872 2189 1084 2278 opinio
1120 2191 1454 2258 tarditatis
1508 2191 1665 2257 illud
1698 2215 1872 2271 vero,
1908 2193 2079 2278 quod
2102 2215 2143 2258 a
2166 2202 2230 2257 te
2266 2191 2503 2258 dictum

391 2258 576 2363 6est,
631 2306 774 2350 esse
828 2284 1170 2371 permulta,
1225 2307 1387 2370 quae
1440 2297 1652 2353 orator
1692 2286 1819 2352 nisi
1869 2285 2134 2353 haberet
2177 2309 2218 2352 a
2256 2296 2503 2364 natura,

448 2401 578 2443 non
611 2377 879 2443 multum
917 2400 956 2443 a
985 2379 1292 2466 magistro
1329 2379 1759 2459 adiuvaretur,
1814 2378 2001 2445 valde
2035 2380 2150 2445 tibi
2186 2378 2506 2445 adsentior

447 2472 639 2557 inque
674 2494 752 2537 eo
787 2471 888 2537 vel
923 2472 1197 2539 maxime
1238 2473 1507 2561 probavi
1560 2488 1879 2539 summum
1928 2473 2109 2538 illum
2160 2472 2503 2550 doctorem,

447 2565 968 2631 Alabandensem
1016 2566 1462 2654 Apollonium,
1525 2567 1633 2651 qui
1686 2589 1834 2633 cum
1884 2567 2177 2633 mercede
2228 2566 2504 2645 doceret,

448 2672 660 2727 tamen
694 2682 826 2727 non
855 2659 1216 2747 patiebatur
1251 2684 1381 2739 eos,
1418 2682 1580 2745 quos
1614 2659 1938 2727 iudicabat
1968 2684 2099 2727 non
2132 2682 2325 2747 posse
2361 2683 2504 2726 ora-

448 2768 618 2819 tores
653 2753 924 2820 evadere
937 2802 956 2832 ,
1010 2776 1271 2842 operam
1307 2754 1481 2841 apud
1516 2776 1660 2821 sese
1692 2753 1989 2841 perdere,
2027 2754 2508 2837 dimittebatque

448 2858 512 2913 et
547 2847 630 2912 ad
664 2869 855 2932 quam
890 2869 1208 2932 quemque
1243 2860 1445 2914 artem
1476 2850 1747 2936 putabat
1779 2872 1924 2915 esse
1960 2859 2206 2935 aptum,
2245 2848 2328 2913 ad
2361 2871 2505 2913 eam

449 2939 772 3026 impellere
808 2951 996 3024 atque
1031 2941 1270 3006 hortari
1305 2942 1581 3007 solebatz
1636 2942 1791 3009 satis
1828 2953 1930 3008 est
1972 2942 2139 3008 enim
2173 2942 2243 3007 in
2276 2942 2505 3007 ceteris

447 3032 724 3097 artificiis
754 3028 1233 3123 [percipiendis]
1261 3046 1507 3101 tantum
1532 3036 1723 3102 modo
1761 3035 2031 3101 similem
2057 3058 2201 3102 esse
2227 3035 2503 3100 hominis

449 3137 512 3190 et
545 3125 640 3204 id,
677 3127 851 3210 quod
881 3129 1164 3194 tradatur
1197 3130 1301 3195 vel
1337 3130 1530 3196 etiam
1563 3131 1939 3211 inculcetur,
1986 3133 2041 3197 si
2076 3132 2185 3217 qui
2216 3132 2379 3197 forte
2416 3130 2505 3195 sit

447 3219 710 3298 tardior,
770 3244 962 3308 posse
1019 3223 1344 3311 percipere
1406 3224 1615 3291 animo
1668 3236 1735 3291 et
1790 3226 2097 3293 memoria
2155 3225 2503 3306 custodire3

445 3336 575 3378 non
610 3315 930 3398 quaeritur
962 3316 1279 3384 mobilitas
1314 3316 1601 3405 linguae,
1652 3342 1784 3385 non
1818 3319 2106 3386 celeritas
2142 3320 2501 3399 verborum,

445 3430 574 3472 non
610 3407 882 3493 denique
917 3431 1013 3490 ea,
1049 3432 1213 3495 quae
1237 3411 1423 3479 nobis
1456 3435 1588 3478 non
1611 3434 1956 3499 possumus
1982 3414 2244 3500 fingere,
2281 3412 2501 3492 facies,

446 3500 686 3580 voltus,
741 3524 965 3569 sonus:
1016 3504 1084 3569 in
1129 3516 1380 3571 oratore
1432 3516 1645 3572 autem
1696 3529 1963 3573 acumen
2009 3506 2501 3585 dialecticorum,

447 3594 795 3662 sententiae
827 3597 1369 3685 philosophorum,
1406 3601 1603 3666 verba
1632 3623 1833 3688 prope
1865 3606 2225 3688 poe‘tarum,
2260 3623 2503 3666 memo-

443 3688 540 3754 ria
591 3688 744 3755 iuris
799 3692 1257 3772 consultorum,
1311 3716 1443 3759 vox
1492 3694 1968 3782 tragoedorum,
2021 3704 2244 3782 gestus
2294 3716 2501 3781 paene

445 3804 836 3849 summorum
869 3794 1153 3851 actorum
1187 3796 1288 3851 est
1313 3786 1776 3896 requirendus,
1758 3812 1773 3829 ·
1828 3810 2021 3873 quam
2055 3788 2139 3855 ob
2172 3810 2309 3853 rem
2342 3786 2501 3852 nihil

443 3874 511 3938 in
543 3875 870 3943 hominum
921 3899 1156 3965 genere
1206 3878 1413 3945 rarius
1463 3882 1747 3968 perfecto
1782 3893 2030 3949 oratore
2080 3881 2350 3948 inveniri
2381 3902 2501 3968 po-

446 3977 597 4045 test3
657 3989 821 4052 quae
873 3972 1042 4037 enim
1095 3972 1489 4061 singularum
1538 3998 1749 4041 rerum
1802 3976 2074 4043 artifices
2136 3974 2391 4063 singula
2442 3974 2498 4039 εἰ

444 4058 845 4129 mediocriter
880 4064 1093 4151 adepti
1147 4077 1322 4146 sunt,
1373 4069 1751 4155 probantur,
1804 4091 1883 4137 ea
1930 4070 2058 4137 nisi
2100 4068 2314 4137 omnia
2348 4077 2500 4135 sunt
