2784 4575
260 409 440 476 nari?
530 407 714 472 item:
769 407 1016 485 ‘credo,
1067 407 1394 473 inimicum
1440 407 1496 474 si
1529 409 1863 475 nocentem
1905 409 2205 495 putabas,
2258 409 2325 474 in

261 503 568 573 iudicium
621 501 980 566 adduxisti?
1040 525 1198 568 non:
1259 503 1698 568 indemnatum
1757 503 2019 568 necasti.
2124 503 2322 590 leges,

264 619 426 683 quae
461 596 530 660 id
566 596 777 661 facere
811 594 1176 682 prohibent,
1231 595 1471 662 veritus
1506 598 1617 662 es?
1668 607 1735 661 at
1766 619 1848 662 ne
1886 597 2151 684 scriptas
2188 598 2327 682 qui-

27 679 37 970 }
211 694 410 757 fidem
453 689 770 756 iudicasti.
859 711 1006 754 cum
1047 690 1188 777 ipse
1235 701 1298 755 te
1341 691 1575 756 veteris
1620 690 1931 756 amicitiae
1968 713 2327 757 commone-

27 285 40 672 !
510 294 512 296 ’
712 282 821 339 AD
861 283 921 340 C.
956 284 1427 343 HERENNIUM
1460 285 1595 340 1111.
1630 284 1869 340 33-35.
2240 272 2323 338 77

265 787 532 862 faceret,
571 792 924 848 commotus
963 785 1074 849 es?
1109 795 1178 848 at
1207 784 1407 851 nihilo
1442 785 1672 863 minus,
1712 785 1829 850 sed
1860 785 2053 850 etiam
2088 785 2327 850 studio-

269 881 398 945 sius
429 877 735 944 occidisti.
799 877 990 962 quid?
1025 899 1170 944 cum
1197 878 1310 943 tibi
1332 879 1515 965 pueri
1542 879 1627 943 ad
1648 879 1845 964 pedes
1874 880 2325 957 volutarentur,

265 971 699 1038 misericordia
747 981 960 1037 motus
1014 972 1124 1036 es?
1185 982 1252 1036 at
1309 995 1530 1038 eorum
1588 983 1848 1058 patrem·
1895 971 2327 1038 crudelissime

269 1066 598 1154 sepultura
631 1086 883 1150 quoque
925 1065 1345 1152 prohibuisti?
1433 1067 1703 1132 multum
1744 1065 1915 1132 inest
1948 1066 2325 1133 acrimoniae
2368 1095 2421 1136 34

269 1171 336 1226 et
387 1159 712 1246 gravitatis
764 1159 834 1224 in
885 1159 1006 1224 hac
1067 1159 1504 1238 exornatione,
1566 1170 1903 1248 propterea
1952 1161 2125 1244 quod
2182 1181 2329 1224 cum

160 1285 170 1294 ·
268 1253 624 1339 quaesitum
653 1264 779 1331 est,
798 1253 952 1338 quid
978 1263 1283 1340 oporteat,
1323 1254 1629 1320 subicitur
1650 1254 1720 1318 id
1742 1277 1873 1322 non
1898 1277 2043 1320 esse
2068 1255 2326 1333 factum,

265 1371 395 1434 qua
427 1371 498 1414 re
533 1348 830 1414 facillime
860 1349 964 1425 fit,
1001 1359 1074 1413 ut
1107 1359 1497 1435 exaugeatur
1530 1348 1873 1435 indignitas
1909 1347 2167 1435 negotii.
2248 1371 2329 1413 ex

267 1443 496 1508 eodem
529 1463 790 1528 genere,
841 1451 917 1506 ut
950 1443 1033 1508 ad
1074 1452 1359 1507 nostram
1412 1463 1662 1526 quoque
1712 1465 2051 1528 personam
2093 1443 2329 1508 refera-

264 1559 408 1602 mus
465 1535 950 1614 subiectionem,
1007 1535 1128 1601 sic:
1184 1542 1362 1600 ‘nam
1406 1535 1561 1620 quid
1601 1557 1705 1600 me
1748 1536 1959 1602 facere
2012 1537 2326 1614 convenit,

263 1650 415 1696 cum
459 1653 500 1694 a
543 1640 721 1696 tanta
767 1629 1100 1696 Gallorum
1143 1629 1545 1695 multitudine
1600 1629 2129 1696 circumsederer?
2184 1628 2325 1717 [an]

266 1723 674 1790 dimicarem?
743 1734 811 1788 at
868 1734 941 1789 ut
1001 1747 1146 1790 cum
1203 1746 1407 1811 parva
1460 1747 1655 1789 manu
1716 1734 1930 1788 tamen
1989 1724 2327 1811 prodirem,

265 1818 482 1884 locum
533 1839 786 1901 quoque
835 1817 1343 1884 inimicissimum
1404 1819 1817 1885 habebamus.
1924 1817 2212 1882 sederem
2262 1818 2329 1882 in

268 1912 533 1978 castris?
567 1921 634 1976 at
660 1933 867 1995 neque
895 1911 1267 1991 subsidium,
1305 1913 1478 1998 quod
1502 1923 1956 2000 exspectarem,
1993 1911 2327 1989 habebam,
2367 1965 2369 1967 .

265 2029 476 2090 neque
529 2016 693 2083 erat,
747 2006 857 2090 qui
908 2006 1106 2071 vitam
1155 2006 1670 2093 produceremus.
1756 2015 1967 2072 castra
2012 2005 2329 2088 relinque·-

267 2101 444 2166 rem?
505 2111 574 2164 at
624 2099 1091 2165 obsidebamur.
1197 2100 1397 2165 vitam
1445 2101 1717 2166 militum
1766 2100 2211 2187 neglegerem?
2266 2109 2331 2164 at

270 2216 384 2259 eos
419 2192 681 2258 videbar
715 2215 794 2258 ea
827 2195 1150 2281 accepisse
1186 2195 1574 2273 conditione,
1618 2204 1691 2258 ut
1727 2191 1897 2281 [eos]
1936 2194 2148 2278 quoad
2178 2215 2332 2280 pos-

274 2310 440 2365 sem,
491 2286 821 2353 incolumis
865 2289 1110 2375 patriae
1145 2299 1212 2354 et
1251 2289 1621 2377 parentibus
1666 2310 2126 2354 conservarem.
2214 2287 2331 2352 ho-

273 2382 469 2447 stium
494 2382 915 2449 conditionem
947 2383 1386 2470 repudiarem?
1422 2392 1488 2449 at
1522 2383 1695 2447 salus
1732 2382 2046 2465 antiquior
2080 2391 2179 2446 est
2210 2381 2331 2444 mi-

269 2476 454 2541 litum
507 2496 696 2560 quam
729 2476 1362 2563 impedimentorum!
1454 2476 1591 2541 eius
1641 2476 1817 2541 modi
1860 2484 2331 2557 consequuntur

269 2570 615 2635 identidem
669 2568 1121 2649 subiectiones,
1181 2582 1256 2657 ut
1306 2594 1389 2635 ex
1450 2570 1741 2635 omnibus
1805 2568 2055 2657 ostendi
2114 2566 2331 2631 videa-

272 2675 402 2741 tur,
462 2664 621 2730 nihil
681 2665 924 2751 potius,
995 2688 1188 2749 quam
1248 2664 1421 2749 (111οᾶ
1479 2664 1721 2728 factum
1784 2663 1891 2739 sit,
1964 2659 2332 2727 faciundum

271 2759 493 2824 fuisse.

393 2851 700 2918 Gradatio
737 2861 863 2931 est,
907 2853 975 2918 in
1012 2876 1138 2939 qua
1169 2876 1301 2919 non
1335 2862 1483 2919 ante
1518 2851 1603 2916 ad
1637 2869 2031 2933 consequens
2067 2849 2332 2913 verbum
2366 2860 2435 2917 25

271 2946 695 3025 descenditur,
725 2969 915 3032 quam
943 2949 1027 3013 ad
1055 2948 1346 3035 superius
1373 2965 1795 3013 conscensum
1820 2955 1939 3022 est,
1965 2944 2087 3010 hoc
2111 2943 2333 3009 modo:

273 3046 452 3105 ‘nam
485 3062 648 3125 quae
683 3040 928 3125 reliqua
963 3064 1114 3128 spes
1159 3049 1378 3106 manet
1418 3038 1757 3115 libertatis,
1814 3038 1869 3103 si
1902 3037 2027 3103 illis
2064 3048 2129 3103 et
2162 3038 2335 3121 quod

271 3133 454 3212 libet,
515 3134 690 3213 licet,
754 3145 820 3200 et
870 3135 1042 3219 quod
1089 3136 1278 3213 licet,
1330 3143 1631 3221 possunt,
1693 3142 1759 3198 et
1809 3132 1982 3215 quod
2041 3142 2332 3219 possunt,

273 3228 538 3306 audent,
585 3238 650 3293 et
683 3229 855 3311 quod
891 3230 1128 3295 audent
1134 3278 1170 3311 ,,
1209 3229 1478 3307 faciunt,
1525 3238 1589 3294 et
1624 3227 1795 3311 quod
1829 3227 2096 3305 faciunt,
2148 3224 2331 3291 vobis

271 3320 614 3387 molestum
665 3345 794 3387 non
838 3323 998 3387 est?’
1052 3324 1232 3389 itemz
1289 3329 1447 3389 ‘non
1492 3321 1665 3388 sensi
1709 3322 1833 3387 hoc
1867 3330 1932 3387 et
1963 3343 2091 3386 non
2140 3318 2331 3397 suasi,

272 3436 480 3499 neque
525 3415 698 3481 suasi
742 3424 806 3481 et
838 3438 968 3481 non
1011 3417 1150 3504 ipse
1205 3416 1421 3482 statim
1462 3418 1674 3481 facere
1726 3414 1934 3501 coepi,
1988 3436 2195 3498 neque
2238 3414 2335 3477 fa·-

273 3528 418 3575 cere
451 3509 634 3595 coepi
669 3519 734 3575 et
766 3532 897 3577 non
929 3510 1198 3598 perfeci,
1241 3530 1449 3594 neque
1492 3508 1733 3597 perfeci
1768 3518 1832 3573 et
1864 3530 1995 3573 non
2027 3505 2331 3594 probavi!

271 3603 456 3669 item:
513 3603 850 3671 ‘Afficano
886 3606 1184 3671 virtutem
1225 3604 1564 3683 industria,
1610 3604 1811 3668 virtus
1858 3602 2150 3689 gloriam,
2197 3599 2337 3685 glo-

273 3697 370 3762 ria
429 3697 714 3763 aemulos
776 3698 1216 3784 comparavit.'
1325 3699 1535 3765 ‘itemt
1602 3698 1963 3784 ‘imperium
2026 3692 2333 3760 Graeciae

275 3790 397 3855 fuit
437 3814 638 3878 penes
682 3792 1128 3871 Atheniensis,
1181 3792 1678 3859 Atheniensium
1719 3790 1903 3878 potiti
1948 3798 2097 3854 sunt
2138 3784 2335 3873 Spar-

28 3946 30 3965 ,
279 3884 496 3963 tiatae,
548 3882 905 3971 Spartiatas
943 3908 1321 3974 superavere
1357 3885 1679 3963 Thebani,
1734 3884 2077 3948 Thebanos
2110 3880 2335 3945 Mace-

28 3982 31 4007 ¹
277 3978 476 4043 dones
512 3979 828 4058 vicerunt,
866 3980 976 4064 qui
1009 3981 1093 4045 ad
1124 3980 1459 4067 imperium
1496 3978 1804 4045 Graeciae
1840 3974 2019 4041 brevi
2052 3985 2333 4062 tempore

28 4014 38 4157 l
267 4071 704 4139 adiunxerant
735 4074 966 4140 Asiam
1006 4074 1174 4140 bello
1219 4072 1585 4139 subactam.'
1676 4070 1870 4136 habet
1910 4069 1977 4136 in
2022 4092 2091 4136 se
2136 4090 2333 4154 quen·
2374 4092 2428 4134 ³5

27 4380 34 4529 1
