2784 4575
518 215 650 283 282
1131 225 1212 282 Μ.
1253 225 1531 283 TULLII
1568 222 1975 280 CICERONIS

521 375 595 420 se
634 373 826 440 posse
881 359 1094 438 sperat
1135 347 1386 414 imitari.
1477 347 1593 421 sed
1636 358 1849 414 tamen
1902 370 2013 414 eos
2068 349 2281 414 studio
2332 350 2624 437 optimc,
2705 363 2706 424 j

519 446 751 513 iudicio
785 446 998 510 minus
1022 443 1204 509 firmo
1229 441 1553 530 praeditos
1590 443 1817 509 docere
1846 464 2008 527 quae
2045 443 2129 508 sit
2159 444 2443 530 propria
2470 446 2623 512 laus
2705 443 2706 446 ’

519 541 886 608 Atticorum
915 560 1048 604 non
1083 537 1360 605 alienum
1391 546 1569 624 puto·
2705 543 2706 626 ᾗ

449 658 490 713 8
643 631 915 720 Semper
949 641 1271 698 oratorum
1318 630 1716 716 eloquentiae
1750 629 2137 697 moderatrix
2182 630 2306 696 fuit
2345 633 2621 700 audito·

521 753 666 796 rum
696 727 1063 816 prudentia3
1121 748 1342 792 omnes
1379 725 1577 804 enim,
1636 724 1745 810 qui
1777 721 2034 812 probari
2070 725 2321 804 volunt,
2374 727 2622 794 volun·
2705 749 2706 772 ³

521 835 720 890 tatem
772 845 993 889 eorum
1044 821 1156 906 qui
1195 820 1463 886 audiunt
1512 820 1836 886 intuentur
1894 815 2010 906 [ad
2050 818 2357 908 eamque]
2410 832 2489 888 et
2538 824 2621 888 ad

524 941 746 985 eorum
779 916 1107 983 arbitrium
1142 926 1206 981 st
1247 925 1475 980 nutum
1519 925 1688 982 totos
1736 935 1807 980 se
1840 915 2090 1000 fingunt
2124 924 2188 980 et
2222 915 2621 983 adcommo-

443 1037 498 1080 25
525 1013 697 1079 dant.
785 1011 998 1096 itaque
1038 1008 1231 1076 Caria
1275 1019 1341 1076 et
1373 1008 1663 1097 Phrygia
1706 1019 1771 1074 et
1802 1008 2047 1094 Mysia,
2100 1011 2277 1094 quod
2330 1011 2619 1078 minime

521 1107 758 1194 politae
792 1104 1176 1189 minimeque
1213 1103 1541 1190 elegantes
1578 1114 1755 1181 sunt,
1803 1103 2163 1170 asciverunt
2195 1115 2436 1191 aptum
2479 1108 2617 1172 suis

523 1200 780 1266 auribus
817 1199 1102 1287 opimum
1136 1197 1461 1282 quoddam
1495 1208 1560 1265 et
1593 1209 1919 1308 tamquam
1964 1197 2257 1284 adipatae
2295 1199 2615 1266 dictionis

523 1315 758 1380 genus,
812 1293 986 1376 quod
1035 1314 1256 1358 eorum
1306 1291 1500 1356 vicini
1550 1314 1681 1358 non
1731 1291 1823 1357 ita
1872 1292 2002 1358 lato
2043 1292 2387 1359 interiecto
2445 1294 2617 1360 mari
2701 1317 2703 1322 ·

477 1386 760 1453 Rhodii
793 1407 1141 1470 numquam
1175 1386 1635 1472 probaverunt,
1686 1383 1952 1472 [Graeci
1986 1397 2199 1453 autem
2234 1387 2451 1454 multo
2493 1391 2615 1454 mi-

520 1502 642 1546 nus
654 1478 702 1568 ,]
759 1479 1191 1546 Athenienses
1227 1502 1380 1546 vero
1415 1480 1704 1546 funditus
1738 1481 2263 1567 repudiaverunt3
2320 1505 2613 1566 quorum

524 1597 774 1661 semper
809 1573 931 1640 fuit
963 1573 1242 1660 prudens
1281 1573 1721 1658 sincerumque
1765 1573 2094 1652 iudicium,
2138 1575 2301 1639 nihil
2333 1587 2416 1640 ut
2449 1602 2613 1664 pos-

526 1681 668 1736 sent
699 1668 824 1734 nisi
857 1667 1292 1754 incorruptum
1327 1668 1545 1734 audire
1582 1679 1649 1734 et
1682 1668 1963 1754 elegans.
2034 1690 2259 1734 eorum
2291 1671 2607 1758 religioni
2705 1677 2706 1730 ἒ

525 1786 670 1830 cum
724 1763 992 1829 serviret
1042 1774 1282 1839 orator,
1344 1763 1591 1828 nullum
1642 1764 1907 1828 verbum
1958 1763 2279 1842 insolens,
2342 1766 2607 1831 nullum

446 1884 501 1924 26
529 1858 823 1924 odiosum
857 1880 1093 1946 ponere
1139 1857 1434 1922 audebat.
1520 1857 1733 1948 itaque
1779 1857 1910 1935 hic,
1966 1879 2156 1941 quem
2190 1859 2605 1967 praestitisse

525 1953 799 2019 diximus
853 1951 1108 2029 ceteris,
1161 1950 1230 2016 in
1271 1951 1382 2016 illa
1423 1974 1541 2038 pro
1588 1949 2005 2037 Ctesiphonte
2059 1952 2335 2017 oratione
2383 1952 2606 2038 longe
2705 1949 2706 1980 ἦ

525 2046 766 2132 optima
828 2044 1228 2114 summissius
1283 2069 1322 2110 a
1373 2046 1606 2133 primo,
1662 2045 1918 2122 deinde,
1984 2045 2139 2110 dum
2187 2047 2259 2110 de
2312 2044 2595 2130 legibus

523 2140 822 2225 disputat,
859 2139 1163 2224 pressius,
1199 2150 1350 2226 post
1363 2139 1621 2213 sensim
1646 2139 1993 2204 incendens
2028 2140 2279 2216 iudices,
2310 2149 2387 2203 ut
2414 2138 2605 2207 vidit

525 2231 832 2309 ardentis,
893 2231 960 2296 in
1011 2232 1270 2318 reliquis
1325 2233 1669 2300 exsultavit
1728 2232 2059 2312 audacius3
2126 2255 2200 2299 ac
2249 2243 2475 2301 tamen
2528 2237 2601 2303 in

522 2324 644 2391 hoc
686 2324 828 2413 ipso
874 2325 1208 2413 diligenter
1259 2327 1659 2393 examinante
1711 2329 2049 2394 verborum
2103 2328 2389 2394 omnium
2430 2353 2605 2417 pon-

523 2420 678 2485 dera
699 2420 1106 2507 reprehendit
1132 2422 1493 2487 Aeschines
1523 2422 1835 2506 quaedam
1864 2433 1929 2487 et
1955 2421 2237 2509 exagitat
2260 2422 2603 2490 inludens-

523 2534 646 2599 que
699 2514 885 2593 dura,
948 2515 1198 2594 odiosa,
1261 2515 1683 2583 intolerabilia
1739 2539 1883 2582 esse
1936 2516 2114 2595 dicit3
2178 2517 2338 2601 quin
2401 2520 2601 2584 etiam

523 2607 768 2693 quaerit
802 2609 883 2675 ab
916 2608 1079 2695 ipsc,
1119 2631 1264 2675 cum
1291 2610 1548 2695 quidem
1577 2634 1723 2677 eum
1750 2611 2005 2676 beluam
2040 2611 2343 2697 appellat,
2377 2623 2603 2679 utrum

521 2701 632 2767 illa
665 2702 862 2768 verba
895 2725 978 2767 an
1011 2714 1306 2789 portenta
1341 2704 1495 2783 sint;
1542 2715 1616 2769 ut
1648 2704 1961 2769 Aeschini
1994 2726 2075 2769 ne
2109 2704 2601 2773 Demosthenes

443 2816 496 2857 ιτ
525 2794 779 2879 quidem
803 2795 1091 2872 videatur
1107 2798 1324 2862 Attice
1352 2796 1591 2876 dicere3
1636 2798 1823 2864 facile
1851 2808 1951 2864 est
1982 2797 2151 2864 enim
2177 2800 2461 2865 verbum
2490 2801 2605 2865 ali-

482 2884 489 2894 ’
525 2888 696 2973 quod
747 2889 1006 2969 ardens,
1059 2902 1132 2956 ut
1173 2892 1263 2957 ita
1307 2891 1545 2969 dicam,
1600 2903 1821 2959 notare
1862 2892 2053 2977 idque
2096 2893 2429 2961 restinctis
2474 2896 2605 2961 iam

525 2980 876 3049 animorum
921 2984 1230 3050 incendiis
1285 2984 1589 3052 inridere.
1643 2986 1867 3071 itaque
1900 3010 1971 3053 se
2014 3009 2302 3074 purgans
2347 2988 2605 3055 iocatur

525 3074 1032 3144 Demosthenes.
1067 3090 1262 3164 negat
1294 3079 1360 3143 in
1387 3101 1466 3145 eo
1500 3079 1743 3167 positas
1772 3102 1915 3147 esse
1942 3081 2231 3146 fortunas
2255 3079 2605 3160 Graeciae,

523 3168 750 3237 hocine
786 3194 868 3237 an
902 3172 1012 3237 illo
1048 3172 1244 3237 verbo
1285 3196 1444 3239 usus
1492 3174 1601 3252 sit,
1656 3174 1782 3239 huc
1827 3198 1910 3239 an
1951 3174 2101 3239 illuc
2144 3198 2416 3241 manum
2451 3201 2606 3265 por-

522 3264 775 3331 rexerit.
847 3287 1124 3349 quonam
1157 3266 1350 3354 igitur
1382 3268 1573 3335 modo
1610 3268 1930 3336 audiretur
1955 3268 2189 3354 Mysus
2228 3281 2343 3335 aut
2365 3270 2607 3357 Phryx

522 3356 831 3437 Athenis,
877 3360 1250 3426 cum'etiam
1283 3362 1759 3429 Demosthenes
1796 3362 2152 3449 exagitetur
2183 3372 2261 3427 ut
2290 3364 2606 3451 putidus?

525 3472 671 3517 cum
704 3475 857 3519 vero
891 3454 1193 3521 inclinata
1225 3456 1619 3542 ululantique
1642 3476 1801 3524 voce
1827 3480 2003 3523 more
2030 3456 2324 3523 Asiatico
2362 3479 2613 3526 canere

525 3547 868 3633 coepisset,
923 3548 1066 3637 quis
1119 3572 1266 3615 eum
1316 3551 1518 3617 ferret
1556 3563 1665 3617 aut
1716 3552 1929 3639 potius
1966 3551 2107 3636 quis
2158 3574 2289 3617 non
2344 3552 2613 3620 iuberet
2701 3546 2703 3613 ἓ

453 3653 490 3707 9
528 3640 798 3707 auferri?
885 3644 968 3709 ad
1007 3643 1371 3711 Atticorum
1406 3646 1600 3733 igitur
1643 3646 1814 3713 auris
1866 3657 2099 3713 teretes
2144 3655 2209 3711 et
2248 3646 2607 3733 religiosas

527 3735 634 3819 qui
677 3756 758 3803 se
793 3736 1304 3817 adcommodant,
1357 3740 1417 3805 ei
1453 3751 1602 3806 sunt
1645 3739 2049 3807 existimandi
2081 3738 2301 3805 Attice
2348 3742 2611 3808 diceret

445 3852 500 3893 ιε
528 3852 796 3914 quorum
853 3852 1092 3917 genera
1147 3834 1333 3919 plura
1396 3845 1571 3913 sunt;
1607 3835 1699 3908 ,hi
1760 3857 1958 3899 unum
2008 3832 2198 3900 modo
2260 3834 2463 3917 quale
2524 3837 2613 3901 sit

528 3922 928 4009 suspicantur
935 3950 954 4001 ;
1007 3934 1236 4012 putant
1287 3926 1457 3992 enim
1512 3928 1621 4012 qui
1672 3928 1928 3995 horride
1978 3926 2343 4011 inculteque
2400 3928 2611 4007 dicat,
2701 3952 2703 3955 ’

524 4015 717 4080 modo
750 4015 820 4080 id
855 4016 1178 4103 eleganter
1213 4019 1663 4107 enucleateque
1699 4021 1910 4103 faciat,
1947 4043 2095 4088 eum
2130 4021 2341 4087 solum
2358 4023 2613 4090 ·Attice
