2784 4575
35 1287 38 1290 ·
30 1171 40 1206 *ν’

69 1241 80 1248 Δ
65 1187 78 1192 “.

403 217 420 275 7
491 246 620 314 278
1105 253 1183 311 M.
1219 251 1497 311 'runnu
1531 250 1936 310 CICERONIS

491 379 718 468 sophia
752 377 1056 444 deterruit
1091 400 1130 442 a
1166 375 1501 444 scribendo
1538 375 1885 462 amplitudo
1913 354 2239 454 Platonis,
2260 399 2382 444 nec
2416 376 2571 466 ipse

332 436 334 438 V
406 515 408 518 >
489 472 874 540 Aristoteles
929 470 1285 537 admirabili
1337 470 1614 554 quadam
1658 469 1922 535 scientia
1964 480 2031 536 et
2082 471 2267 557 copia
2316 483 2573 539 cetero-

421 585 458 640 2
489 591 635 636 rum
679 567 889 633 studia
936 565 1261 642 restinxit3
1313 585 1434 630 nec
1481 564 1685 630 solum
1732 564 1812 629 ab
1857 563 2113 651 optimis
2169 565 2395 632 studiis
2448 591 2571 634 ex-

493 661 793 729 cellentes
829 659 949 725 viri
997 657 1278 725 deterriti
1321 681 1453 724 non
1496 669 1673 736 sunt,
1730 657 1847 724 sed
1878 680 1961 723 ne
1996 657 2257 744 opifices
2303 659 2566 745 quidem

493 779 564 823 se
591 757 674 822 ab
703 755 942 822 artibus
983 753 1115 819 suis
1143 762 1569 829 removerunt,
1606 752 1716 837 qui
1744 763 1855 817 aut·
1876 752 2095 838 Ialysi,
2126 775 2318 838 quem
2341 754 2566 821 Rhodi
2618 811 2621 814 ,

491 849 794 928 vidimus,
847 870 977 915 non
1011 857 1355 934 potuerunt
1389 857 1500 911 aut
1536 844 1714 912 Coae
1748 847 2024 913 Veneris
2068 847 2567 934 pulcritudinem

491 943 752 1022 imitari3
788 963 909 1008 nec
945 941 1283 1008 simulacro
1309 939 1487 1006 Iovis
1517 938 1806 1026 Olympii
1843 952 1953 1005 aut
1977 939 2321 1027 doryphori
2348 953 2572 1009 statua

494 1037 775 1104 deterriti
807 1036 1035 1122 reliqui
1067 1036 1276 1102 minus
1323 1034 1569 1122 experti
1606 1046 1754 1100 sunt
1799 1034 1950 1119 quid
1994 1035 2249 1119 efficere
2284 1047 2396 1102 aut
2429 1059 2567 1122 quo

491 1131 790 1243 progredi
824 1140 1117 1218 possent;
1173 1152 1443 1214 quorum
1486 1138 1664 1194 tanta
1696 1128 2033 1194 multitudo
2077 1129 2226 1208 fuit,
2278 1140 2458 1196 tanta
2489 1131 2563 1195 in

498 1249 616 1292 suo
653 1226 959 1309 cuiusque
995 1246 1231 1312 genere
1265 1222 1437 1302 laus,
1478 1235 1587 1302 ut,
1625 1244 1771 1288 cum
1807 1245 2057 1290 summa
2089 1223 2416 1304 miremur,
2461 1225 2560 1289 in·

339 1375 342 1378 ,
433 1347 461 1388 s
479 1319 727 1402 *seriora
779 1329 992 1384 tamen
1042 1316 1410 1405 probemus.
1514 1316 1584 1382 in
1634 1316 1991 1383 oratoribus
2042 1339 2225 1396 vero,
2290 1316 2567 1384 Graecis

495 1412 780 1497 quidem,
839 1411 1208 1478 admirabile
1262 1421 1360 1478 est
1414 1420 1720 1495 quantum
1760 1408 1926 1474 inter
1978 1409 2183 1476 omnis
2236 1433 2403 1476 unus
2448 1433 2561 1476 ex-

406 1533 436 1578 p
495 1505 712 1571 cellat=
767 1527 843 1572 ac
878 1516 1120 1584 tamen,
1176 1526 1320 1569 cum
1363 1512 1539 1570 esset
1568 1503 2073 1582 Demosthenen,
2125 1503 2309 1569 multi
2352 1515 2567 1570 orato·

400 1625 402 1628 ’
493 1621 597 1664 res
641 1599 858 1686 magni
904 1609 969 1666 et
1013 1598 1167 1664 clari
1217 1597 1476 1664 fuerunt
1520 1607 1585 1662 et
1627 1605 1815 1662 antea
1864 1597 2116 1662 fuerant
2164 1619 2285 1663 nec
2334 1608 2562 1683 postea

495 1693 881 1760 defecerunt.
971 1716 1098 1778 qua
1147 1715 1218 1758 re
1269 1714 1399 1759 non
1444 1703 1543 1758 est
1594 1713 1706 1776 cur
1758 1713 2005 1769 eorum,
2060 1691 2171 1774 qui
2226 1714 2296 1757 se
2346 1691 2569 1757 studio

497 1787 894 1871 eloquentiae
947 1786 1352 1864 dediderunt,
1412 1808 1559 1873 spes
1612 1784 1993 1872 infringatur
2036 1796 2146 1851 aut
2187 1785 2565 1872 languescat

493 1880 838 1959 industria3
890 1903 1040 1944 nam
1091 1901 1299 1963 neque
1349 1878 1509 1943 illud
1560 1879 1801 1966 ipsum,
1856 1878 2027 1963 quod
2078 1888 2179 1944 est
2227 1878 2559 1964 optimum,

501 1974 966 2062 desperandum
1010 1982 1111 2038 est
1143 1983 1208 2038 et
1241 1972 1309 2037 in
1355 1973 1825 2059 praestantibus
1877 1973 2069 2039 rebus
2121 1993 2352 2058 magna
2402 1983 2557 2034 sunt

341 2127 346 2132 .
437 2093 462 2134 ι
502 2091 608 2145 ea,
664 2088 828 2150 quae
881 2068 1030 2130 sun't
1081 2064 1338 2151 optimis
1391 2065 1701 2150 proxima.
1792 2078 1981 2152 atque
2022 2088 2142 2152 ego
2182 2064 2249 2128 in
2301 2085 2561 2130 summo

497 2171 746 2226 oratore
779 2159 1082 2244 fingendo
1129 2158 1320 2226 talem
1361 2158 1746 2237 informabo,
1784 2159 2005 2244 qualis
2049 2161 2320 2225 fortasse
2362 2181 2563 2224 nemo

495 2253 643 2331 fuit3
679 2273 808 2317 non
843 2251 1012 2317 enim
1047 2273 1282 2362 quaero
1319 2252 1461 2337 quis
1499 2252 1717 2331 fuerit,
1756 2255 1871 2319 sed
1906 2253 2059 2339 quid
2094 2253 2179 2319 sit
2208 2252 2393 2333 illud,
2428 2275 2563 2339 quo

493 2346 651 2411 nihil
705 2370 848 2413 esse
901 2347 1106 2436 possit
1156 2348 1613 2434 praestantius,
1668 2348 1902 2459 quod
1884 2370 1951 2412 m
1992 2349 2411 2436 perpetuitate
2462 2348 2565 2413 di-

497 2443 681 2509 cendi
725 2466 855 2511 non
909 2466 1101 2531 saepe
1156 2455 1344 2529 atque
1388 2444 1563 2510 haud
1606 2444 1739 2509 scio
1786 2466 1867 2508 an
1910 2466 2285 2528 numquam,
2336 2446 2405 2509 in
2446 2445 2564 2509 ali-

497 2561 624 2623 qua
657 2549 868 2605 autem
903 2549 1084 2626 parte
1120 2538 1367 2605 eluceat
1402 2538 1761 2649 aliquandO,
1797 2538 1969 2603 idem
2005 2539 2176 2625 apud
2210 2540 2368 2606 alios
2405 2540 2565 2605 den-

434 2654 462 2695 ⁸
497 2633 658 2711 sius,
697 2632 867 2720 apud
903 2634 1059 2701 alios
1095 2634 1371 2701 fortasse
1404 2656 1637 2713 rar1us3
1676 2633 1793 2699 sed
1825 2655 1949 2720 ego
1986 2634 2079 2699 sic
2116 2644 2357 2713 statuo,
2400 2634 2559 2699 nihil

496 2750 639 2793 esse
681 2728 749 2792 in
790 2728 920 2795 ullo
973 2750 1205 2815 genere
1257 2739 1388 2793 tam
1432 2728 1751 2813 pulcrum,
1806 2749 1932 2811 quo
1985 2751 2116 2794 non
2165 2728 2449 2815 pulcrius
2490 2728 2561 2792 id

497 2821 606 2898 sit,
660 2820 828 2888 unde
863 2822 1022 2887 illud
1054 2832 1128 2887 ut
1161 2845 1244 2887 ex
1277 2844 1386 2887 ore
1422 2822 1634 2906 aliquo
1670 2821 1855 2906 quasi
1887 2820 2103 2907 imago
2148 2824 2565 2908 exprimatur,

495 2915 668 2998 quod
709 2938 916 3001 neque
961 2916 1158 2983 oculis
1201 2937 1410 2999 neque
1455 2916 1711 2981 auribus
1762 2936 1971 2997 neque
2018 2914 2149 2979 ullo
2186 2936 2381 2983 sensu
2414 2938 2569 3001 per-

495 3009 622 3096 cipi
673 3021 914 3097 potest,
971 3009 1352 3095 cogitatione
1407 3019 1651 3074 tantum
1697 3018 1762 3072 ct
1804 3017 2015 3071 mente
2060 3008 2568 3090 complectimur

491 3104 708 3187 itaque
744 3116 808 3169 et
839 3103 1108 3169 Phidiae
1155 3101 1536 3178 simulacris,
1592 3100 1823 3183 quibus
1866 3097 2084 3162 nihil
2064 3121 2131 3161 ιιι
2166 3098 2275 3161 illo
2294 3119 2569 3206 genere

496 3197 836 3282 perfectius
873 3196 1194 3271 videmus,
1233 3206 1298 3260 et
1332 3194 1425 3259 cis
1459 3192 1749 3280 picturis,
1797 3213 1957 3276 quas
1991 3190 2569 3277 nominav1,cog1-

432 3317 460 3357 9
499 3301 632 3355 tare
669 3301 879 3353 tamen
911 3308 1254 3372 possumus
1281 3286 1624 3373 pulcriora3
1660 3306 1779 3351 nec
1813 3307 1965 3351 vero
2000 3285 2107 3351 ille
2136 3284 2374 3350 artifex
2408 3306 2561 3351 cum

477 3384 734 3447 faceret
763 3380 940 3443 Iovis
985 3378 1256 3445 formam
1300 3391 1411 3446 aut
1442 3379 1807 3460 Minervae,
1860 3376 2405 3467 contemplabatur
2442 3380 2560 3443 ali-

495 3492 710 3555 quem,
758 3492 794 3535 e
813 3472 956 3555 'quo
993 3471 1469 3541 similitudinem
1513 3475 1799 3553 duceret,
1848 3474 1965 3540 sed
2005 3474 2208 3561 ipsius
2242 3474 2311 3539 in
2344 3484 2565 3539 mente

489 3562 808 3630 insidebat
861 3566 1106 3653 species
1159 3570 1600 3656 pulcritudinis
1662 3568 1896 3635 eximia
1958 3568 2298 3654 quaedam,
2364 3588 2559 3651 quam

491 3658 746 3725 intuens
781 3660 849 3725 in
884 3683 1086 3747 eaque
1123 3662 1369 3729 defixus
1408 3664 1491 3728 ad
1524 3663 1695 3729 illius
1742 3662 2214 3729 similitudinem
2258 3672 2457 3738 artem
2491 3672 2559 3725 et

421 3767 461 3823 3
493 3775 754 3819 manum
806 3755 1138 3843 dirigebat.
1225 3768 1298 3822 ut
1330 3757 1525 3843 igitur
1567 3757 1633 3821 in
1678 3756 1899 3823 formis
1937 3767 2001 3823 et
2034 3756 2254 3843 figuris
2300 3764 2400 3820 est
2440 3752 2563 3817 ali-

495 3847 650 3934 quid
682 3850 1033 3936 perfectum
1067 3862 1131 3915 et
1167 3850 1516 3929 excellens,
1563 3850 1740 3917 cuius
1778 3850 1861 3916 ad
1896 3851 2239 3937 cogitatam
2277 3847 2559 3935 speciem

499 3940 860 4029 [imitando]
917 3945 1276 4009 referuntur
1331 3965 1436 4021 ea,
1502 3964 1665 4027 quac
1718 3944 1837 4009 sub
1890 3944 2105 4009 oculos
2166 3943 2309 4029 ipsa
2364 3938 2553 4027 [non]

495 4034 752 4114 cadunt,
789 4036 880 4101 sic
913 4038 1232 4122 perfectae
1269 4038 1664 4123 eloquentiae
1693 4037 1970 4125 speciem
2006 4037 2217 4103 animo
2242 4033 2557 4111 videmus-3

2734 4332 2759 4529 Qa-„
2757 4212 2758 4267 „a
2757 4138 2758 4145 ι
2757 4088 2758 4097 ι
2757 4016 2758 4033 n
