2784 4575
642 320 647 325 ·
742 304 849 362 ΒΕ
883 304 1370 363 INVENTIONE
1406 304 1481 359 11.
1518 304 1755 359 63—69.
2156 290 2279 355 173

221 452 415 515 quam
450 438 656 495 aetate
691 438 802 494 aut
829 427 1140 515 sapientia
1175 438 1284 493 aut
1317 426 1558 495 honore
1595 436 1705 491 aut
1738 424 1949 511 'aliqua
1974 426 2281 514 dignitate

222 524 650 590 antecedentis
685 545 1048 589 reveremur
1083 534 1147 588 et
1179 523 1446 588 colimus
1457 548 1477 601 3
1530 522 1887 599 veritatem,
1942 542 2057 607 per
2090 542 2285 605 quam

221 620 448 683 damus
493 640 781 705 operam,
834 640 917 693 ne
969 617 1126 701 quid
1178 618 1383 694 aliter,
1439 638 1632 701 quam
1682 614 2281 693 confirmaverimus,

220 714 333 779 fiat
365 723 475 779 aut
509 713 748 778 factum
783 722 893 777 aut
927 712 1211 777 futurum
1247 711 1348 777 sit.
1439 732 1515 777 ac
1547 722 1811 777 naturae
1855 709 2113 795 quidem
2143 708 2283 775 iura

221 807 430 874 minus
464 807 608 894 ipsa
641 817 1032 890 quaeruntur
1067 806 1150 871 ad
1184 805 1348 871 hanc
1385 804 1910 882 controversiam,
1966 804 2139 887 quod
2170 826 2281 869 ne-

221 923 343 986 que
375 901 445 965 in
479 901 600 967 hoc
635 900 806 965 civili
838 900 976 965 iure
1021 910 1354 965 versantur
1389 910 1455 965 et
1490 922 1531 965 a
1562 899 1809 987 volgari
1850 897 2283 985 intellegentia

218 1006 462 1063 remota
495 1018 626 1061 non
662 1005 812 1061 sunt
819 1020 838 1073 3
893 994 975 1059 ad
1013 993 1489 1061 similitudinem
1539 1016 1691 1059 vero
1746 992 2023 1077 aliquam
2056 1003 2167 1057 aut
2200 992 2285 1057 ad

219 1112 356 1154 rem
403 1088 912 1175 amplificandam
967 1110 1159 1175 saepe
1213 1099 1363 1154 sunt
1412 1088 1775 1167 inferenda3
1829 1086 2283 1153 consuetudine

221 1194 434 1249 autem
468 1183 568 1249 ius
607 1206 750 1249 esse
793 1194 1052 1270 putatur
1085 1183 1182 1263 id,
1239 1183 1411 1269 quod
1452 1184 1777 1251 voluntate
1821 1182 2103 1248 omnium
2148 1182 2284 1249 sine

219 1280 366 1365 lege
409 1289 696 1345 vetustas
749 1279 1194 1366 comprobarit.
1279 1278 1348 1344 in
1396 1302 1474 1345 ea
1516 1290 1731 1345 autem
1772 1278 2085 1364 quaedam
2136 1290 2287 1345 sunt

221 1372 362 1437 iura
393 1372 536 1458 ipsa
567 1373 698 1438 iam
732 1376 906 1438 certa
939 1383 1198 1459 propter
1231 1382 1643 1453 vetustatem,
1690 1396 1817 1458 quo
1850 1373 1921 1437 in
1952 1396 2185 1461 genere
2221 1382 2287 1439 et

225 1464 350 1530 alia
385 1475 536 1531 sunt
567 1466 768 1532 multa
801 1476 868 1531 et
901 1488 1123 1532 eorum
1156 1467 1356 1533 multo
1391 1468 1671 1533 maxima
1696 1490 1868 1553 pars,
1904 1490 2067 1552 quae
2100 1488 2286 1554 prae-

225 1572 396 1627 tores
451 1558 701 1627 edicere
753 1570 1168 1650 consuerunt3
1221 1560 1535 1646 quaedam
1580 1573 1792 1627 autem
1844 1584 2081 1648 genera
2128 1562 2284 1626 iuris

223 1655 354 1721 iam
397 1664 572 1719 certa
613 1654 1068 1720 consuetudine
1111 1655 1284 1720 facta
1325 1666 1476 1721 sunt
1483 1681 1503 1735 3
1556 1656 1727 1740 quod
1761 1678 1965 1743 genus
2006 1665 2284 1742 pactum,

220 1772 366 1837 par,
420 1749 786 1815 iudicatum.
873 1760 1132 1835 pactum
1167 1760 1292 1829 est,
1349 1750 1521 1835 quod
1552 1750 1717 1816 inter
1759 1772 1919 1834 quos
1973 1750 2285 1829 convenit,

225 1846 398 1931 quod
430 1844 522 1911 ita
553 1844 794 1911 iustum
836 1856 1122 1931 putatur,
1175 1856 1248 1912 ut
1281 1847 1419 1911 iure
1451 1856 1779 1933 praestare
1822 1845 2067 1911 dicatur
2073 1869 2094 1921 3
2146 1868 2281 1932 par,

223 1939 398 2024 quod
429 1939 496 2004 in
531 1938 736 2004 omnis
763 1939 1093 2023 aequabile
1110 1936 1230 2005 'est
1237 1966 1256 2019 3
1291 1940 1659 2018 iudicatum,
1696 1940 1778 2005 de
1814 1961 1941 2024 quo
1974 1938 2105 2005 iam
2138 1950 2285 2004 ante

225 2034 537 2101 sententia
589 2034 852 2118 alicuius
907 2046 1016 2101 aut
1067 2034 1424 2119 aliquorum
1475 2035 1887 2103 constitutum
1938 2045 2055 2100 est.
2160 2033 2288 2099 iam

221 2129 364 2195 iura
392 2129 679 2217 legitima
713 2153 794 2197 ex
827 2129 1080 2218 legibus
1119 2130 1421 2217 cognosci
1456 2130 1789 2217 oportebit.
1878 2128 1979 2195 his
2016 2150 2169 2215 ergo
2206 2152 2288 2193 ex

221 2224 507 2310 partibus
542 2224 728 2304 iuris,
783 2224 1082 2310 quicquid
1117 2236 1226 2290 aut
1267 2248 1350 2292 ex
1390 2224 1535 2312 ipsa
1566 2246 1637 2290 re
1684 2235 1793 2290 aut
1826 2246 1908 2290 ex
1952 2222 2143 2292 simili
2178 2232 2288 2287 aut

221 2317 462 2383 maiore
495 2318 820 2384 minoreve
853 2319 1034 2385 nasci
1068 2319 1415 2398 videbitur,
1458 2320 1783 2386 attendere
1828 2331 2017 2402 atque
2062 2316 2287 2387 elicere

221 2412 704 2500 pertemptando
762 2435 960 2478 unam
1029 2435 1342 2498 quamque
1411 2413 1567 2478 iuris
1635 2423 1883 2498 partem
1952 2411 2285 2497 oportebit.

223 2505 508 2572 locorum
543 2515 757 2572 autem
789 2506 1217 2572 communium
1251 2506 1569 2590 quoni-am,
1604 2516 1679 2569 ut
1714 2515 1859 2570 ante
1896 2505 2135 2570 dictum
2169 2515 2287 2582 est,

227 2601 354 2666 duo
406 2621 644 2686 genera
695 2609 872 2676 sunt,
925 2621 1194 2684 quorum
1247 2599 1515 2664 alterum
1565 2598 1795 2664 dubiae
1846 2599 1967 2676 rei,
2022 2598 2290 2662 alterum

227 2701 438 2758 certae
475 2691 756 2757 continet
798 2691 1348 2778 amplificationem
1362 2740 1381 2768 ,
1436 2691 1589 2775 quid
1621 2691 1765 2777 ipsa
1808 2711 2003 2756 causa
2036 2690 2173 2766 det,
2228 2701 2293 2755 et

225 2786 380 2872 quid
433 2785 652 2872 augeri
699 2807 816 2873 per
881 2806 1280 2852 communem
1337 2785 1551 2852 locum
1606 2784 1815 2871 possit
1867 2794 1933 2850 et
1982 2793 2291 2870 oporteat,

227 2880 753 2960 considerabitur3
816 2903 968 2946 nam
1020 2880 1202 2959 certi,
1267 2881 1377 2965 qui
1428 2880 1495 2944 in
1548 2879 1752 2946 omnis
1776 2881 1782 2885 ’
1805 2879 2115 2958 incidant,
2166 2879 2291 2945 loci

224 2975 574 3065 praescribi
605 2998 735 3042 non
767 2987 1040 3062 possunt
1047 3002 1067 3056 3
1119 2976 1188 3042 in
1229 2976 1551 3063 plerisque
1594 2975 1867 3042 fortasse
1904 2977 1986 3042 ab
2022 2975 2291 3042 auctori-

223 3081 352 3137 tate
397 3071 551 3136 iuris
605 3070 1038 3138 consultorum
1082 3081 1148 3136 et
1183 3081 1403 3138 contra
1448 3069 1891 3136 auctoritatem
1936 3070 2061 3136 dici
2102 3093 2290 3157 opor-

225 3164 408 3245 tebit;
465 3164 922 3232 attendendum
967 3174 1068 3232 est
1111 3177 1326 3232 autem
1369 3175 1436 3231 et
1478 3166 1547 3230 in
1588 3165 1711 3230 hac
1755 3176 1821 3232 et
1860 3165 1929 3231 in
1970 3165 2287 3244 omnibus,

223 3283 377 3326 num
411 3281 572 3344 quos
607 3260 784 3328 locos
820 3261 1172 3327 communis
1205 3271 1459 3350 praeter
1494 3267 1647 3338 eos,
1675 3282 1833 3346 quos
1869 3283 1989 3328 nos
2024 3260 2290 3348 exponi-

225 3375 398 3430 mus,
443 3353 586 3438 ipsa
615 3377 720 3419 res
756 3355 1075 3420 ostendat.
1153 3377 1330 3427 ,nunc
1361 3354 1712 3421 iuridiciale
1748 3377 1951 3442 genus
1989 3366 2055 3420 et
2085 3354 2285 3441 partis

227 3446 362 3512 eius
401 3445 893 3513 consideremus.

344 3537 722 3604 Iuridicialis
753 3551 870 3618 est,
903 3541 974 3606 in
1001 3563 1128 3626 qua
1153 3542 1339 3627 aequi
1365 3553 1433 3608 et
1454 3543 1655 3626 iniqui
1679 3555 1907 3609 natura
1934 3554 1999 3607 et
2021 3541 2285 3628 praemii
2320 3537 2391 3649 ἒξ

225 3643 335 3698 aut
367 3653 614 3719 poenae
646 3633 807 3699 ratio
843 3635 1183 3719 quaeritur.
1253 3636 1441 3703 huius
1477 3649 1691 3724 partes
1730 3646 1879 3702 sunt
1909 3636 2095 3712 duae,
2132 3655 2287 3718 qua?

223 3747 366 3792 rum
419 3727 684 3794 alteram
737 3727 1120 3807 absolutam,
1177 3729 1647 3818 adsumptivam
1692 3731 1955 3796 alteram
1998 3729 2287 3794 nominee

225 3843 390 3888 mus.
481 3822 774 3888 absoluta
813 3832 942 3900 est,
997 3843 1160 3906 quae
1211 3823 1356 3911 ipsa
1396 3825 1465 3890 in
1510 3847 1609 3903 se,
1663 3847 1795 3890 non
1833 3833 1909 3888 ut
1948 3821 2303 3908 negotialis⁴

224 3914 526 4000 implicite
561 3927 628 3981 et
661 3916 1060 3994 abscondite,
1107 3919 1222 3984 sed
1263 3919 1585 4005 patentius
1632 3929 1698 3984 et
1729 3914 2085 4004 expeditius
2127 3915 2287 3982 recti

225 4019 291 4074 et
323 4031 454 4074 non
486 4009 642 4075 recti
677 4010 1113 4094 quaestionem
1147 4012 1444 4078 continet.
1535 4035 1613 4078 ea
1652 4022 1753 4077 est
1785 4010 2049 4076 huiusce
2082 4010 2285 4076 modi:

224 4125 372 4167 cum
409 4102 700 4170 Thebani
733 4104 1282 4175 Lacedaemonios
1326 4105 1496 4173 bello
1542 4105 2018 4194 superavissent
2050 4117 2115 4171 et
2148 4105 2283 4172 fere
