2784 4575
472 217 560 284 54
964 229 1384 288 CORNIFICII
1419 232 2039 292 RHETORICORUM

472 355 528 422 si
560 354 683 421 hoc
708 353 1017 442 primum,
1062 365 1134 418 ut
1168 354 1252 420 ad
1284 354 1753 420 defendendum
1795 357 1980 422 nobis
2024 357 2388 444 expeditum
2425 360 2528 437 sit,
2606 361 2731 451 J?

470 450 835 516 meminisse
887 449 1202 526 volemus,
1256 450 1324 514 in
1357 451 1562 537 primo
1613 450 1753 516 loco
1797 452 1891 516 rei
1942 451 2133 516 totius
2183 452 2529 538 imaginem

471 544 1037 610 conformabimusz
1099 554 1429 630 aegrotum
1480 545 1548 608 in
1597 544 1764 609 lecto
1825 545 2161 610 cubantem
2218 545 2527 612 faciemus

470 640 680 748 ipsum
712 638 910 715 illum,
949 637 1028 702 de
1064 660 1189 721 quo
1226 649 1469 745 agetur,
1509 638 1561 703 si
1596 638 1867 704 formam
1901 639 2037 704 eius
2074 639 2526 720 detinebimus;

471 733 527 799 si
578 756 723 796 eum
782 755 910 796 non
973 731 1484 816 cognoverimus,
1548 730 1820 816 aliquem
1877 743 2204 842 aegrotum
2263 754 2393 798 non
2445 735 2528 799 de

468 827 727 893 minimo
761 827 903 891 loco
950 847 1300 902 sumemus,
1353 836 1426 890 ut
1464 825 1587 891 cito
1620 825 1687 889 in
1720 837 1998 893 mentem
2042 828 2257 892 venire
2299 828 2529 913 possit,

470 930 532 988 et
564 944 744 984 reum
781 921 863 985 ad
896 919 1130 984 lectum
1165 920 1301 986 eius
1339 920 1711 985 astituemus
1748 920 2009 985 dextera
2040 921 2338 1006 poculum
2374 922 2527 986 sini-

475 1032 596 1080 sti-:1
659 1015 903 1080 tabulas
956 1014 1203 1079 medico
1256 1013 1581 1080 testiculos
1640 1015 1935 1081 arietinos
1990 1025 2336 1094 tenentem3
2404 1016 2529 1081 hoc

471 1112 659 1172 modo
703 1119 767 1172 et
811 1108 1066 1173 testium
1111 1118 1175 1173 et
1215 1107 1583 1174 hereditatis
1626 1118 1692 1173 et
1731 1130 1977 1175 veneno
2029 1109 2235 1174 necati
2285 1131 2527 1175 memo-

374 1232 423 1268 ιιι
471 1204 627 1268 :rium
671 1203 898 1267 habere
932 1202 1309 1288 poterimus3
1361 1202 1517 1267 item
1558 1202 1857 1288 deinceps
1896 1213 2105 1267 cetera
2149 1202 2411 1267 crimina
2444 1225 2526 1268 ex

471 1300 687 1360 ordine
723 1298 789 1360 in
829 1295 984 1360 locis
1030 1318 1339 1382 ponemus
1351 1321 1369 1374 3
1425 1307 1489 1362 et
1538 1294 2097 1380 quotienscumque
2132 1316 2269 1361 rem
2304 1297 2526 1361 memi-

471 1396 639 1456 nis-2221
707 1390 1018 1467 volemus,
1081 1391 1138 1455 si
1188 1390 1535 1456 formarum
1596 1390 2008 1477 dispositione
2060 1401 2125 1456 et
2174 1391 2524 1478 imaginum

471 1484 756 1568 diligenti
789 1485 1111 1550 notatione
1146 1495 1425 1563 utemur,
1470 1484 1656 1551 facile
1692 1507 1795 1563 ea,
1842 1506 2003 1569 quae
2039 1485 2354 1563 volemus,
2390 1508 2525 1551 me-

366 1596 427 1644 '21
471 1582 667 1641 mnf-in.
723 1589 1196 1663 consequemur.
1287 1601 1433 1644 cum
1484 1580 1820 1645 verborum
1874 1578 2313 1644 similitudines
2366 1580 2528 1644 ima-

471 1676 719 1760 ginibus
764 1674 1117 1761 exprimere
1162 1672 1479 1751 volemus,
1532 1672 1677 1759 plus
1722 1671 1963 1758 negotii
2008 1673 2422 1759 suscipiemus
2460 1685 2525 1739 et

471 1772 667 1852 nmgis
709 1768 1032 1852 ingenium
1066 1778 1353 1832 nostrum
1389 1765 1842 1832 exercebimus.
1920 1765 1989 1830 id
2022 1788 2139 1832 nos
2175 1767 2299 1832 hoc
2330 1768 2525 1832 modo

471 1864 675 1924 fua-[2122—
715 1861 1058 1947 oportebit:

763 1954 891 2016 iam
927 1952 1380 2018 domuitionem
1412 1974 1598 2038 reges
1634 1951 1903 2018 Atridae
1938 1964 2166 2038 parant

471 2052 531 2108 in
579 2072 693 2108 mm
735 2047 874 2111 loco
919 2046 1300 2111 constituere
1344 2069 1571 2112 manus
1609 2048 1691 2111 ad
1734 2047 1979 2112 caelum
2024 2047 2347 2112 tollentem
2380 2047 2521 2113 Do-

471 2144 739 2216 ιιιὶτίιιιέι,
787 2161 930 2203 cum
967 2163 1005 2205 a
1036 2140 1326 2226 Regibus
1362 2141 1627 2206 Marciis
1672 2141 1823 2206 loris
1870 2142 2195 2207 caedatur:
2248 2141 2371 2206 hoc
2406 2142 2523 2207 erit

471 2236 619 2296 ‘inm
687 2234 1134 2301 domuitionem
1193 2257 1378 2321 reges
1391 2235 1440 2313 ς’
1503 2235 1571 2301 in
1623 2237 1820 2303 altero
1880 2236 2020 2301 loco
2072 2237 2407 2324 Aesopum
2458 2249 2522 2302 et

471 2328 797 2393 Cimbrum
834 2330 1162 2395 subornari
1196 2336 1230 2413 †
1263 2341 1333 2394 ut
1368 2331 1451 2394 ad
1483 2329 1885 2417 Iphigeniam
1942 2328 2036 2415 [in
2087 2331 2521 2416 Agamemno-

471 2448 607 2484 ηις-ιιι
663 2436 727 2488 et
775 2421 1201 2509 Menelaum].
1307 2424 1429 2489 hoc
1492 2425 1612 2489 erit
1663 2423 1959 2488 ‘Atridae
2019 2424 2285 2508 parant!
2398 2424 2519 2489 hoc

467 2520 651 2580 mmlo
723 2515 934 2582 omnia
1011 2519 1206 2582 verba
1277 2518 1439 2583 erint
1506 2537 1828 2603 expressa.
1954 2517 2069 2581 sed
2137 2516 2295 2581 haec
2362 2517 2521 2581 ima—

467 2612 683 2694 ginum
735 2610 1148 2677 conformatio
1203 2622 1337 2675 tum
1389 2611 1588 2688 valet,
1644 2610 1700 2676 si
1748 2610 2101 2675 naturalem
2150 2611 2519 2677 memoriam

467 2706 1058 2771 [ffluefflitaverimus
1104 2705 1225 2769 hac
1268 2706 1621 2782 notatione,
1675 2715 1749 2769 ut
1782 2726 1973 2769 versu
2004 2703 2213 2789 posito
2247 2704 2372 2790 ipsi
2406 2726 2524 2769 no-

467 2801 711 2861 Mamm
768 2799 1042 2885 primum
1104 2810 1502 2864 transeamus
1565 2798 1666 2863 bis
1730 2808 1840 2863 aut
1890 2808 1985 2863 ter
2047 2820 2191 2862 eum
2242 2819 2518 2873 versum,

467 2893 691 2953 deinde
731 2889 930 2978 [cum]
969 2893 1350 2977 imaginibus
1396 2893 1595 2958 verba
1638 2891 2084 2979 exprimamus.
2173 2890 2294 2956 hoc
2328 2892 2524 2956 modo

463 2998 723 3049 naturae
771 2984 1273 3070 suppeditabimr
1316 2986 1605 3052 doctrina
1614 3012 1631 3064 3
1684 3008 1833 3049 nam
1877 2995 2141 3069 utraque
2188 2986 2385 3050 altera
2420 3007 2520 3049 se-

467 3095 683 3161 parata.
735 3077 941 3142 minus
997 3078 1114 3143 erit
1162 3079 1370 3157 firma,
1434 3080 1525 3144 ita
1577 3090 1821 3155 tamen,
1883 3090 1955 3142 ut
2006 3078 2204 3143 multo
2254 3078 2399 3164 plus
2452 3077 2519 3141 in

463 3173 746 3235 *los-trina
789 3182 976 3255 atque
1021 3183 1152 3237 arte
1206 3173 1506 3259 praesidii
1560 3171 1669 3237 sit:
1724 3172 1895 3255 quod
1939 3172 2165 3237 docere
2200 3193 2330 3237 non
2374 3187 2519 3257 gra-

463 3289 779 3343 varemur,
835 3266 902 3330 ni
953 3277 1408 3345 metueremus,
1463 3290 1573 3343 ne,
1630 3286 1776 3329 cum
1828 3266 1909 3330 ab
1960 3263 2247 3331 instituto
2298 3276 2517 3330 nostro

463 3361 974 3439 reseseissemus,
1029 3362 1239 3426 minus
1277 3361 1606 3427 commode
1656 3368 2013 3423 servaretur
2048 3359 2206 3424 haec
2242 3359 2519 3423 dilucida

463 3457 735 3517 brevitas
770 3456 1256 3542 praeceptionis.

366 3566 419 3605 5⁵*
588 3553 764 3613 Nunc
827 3550 1124 3632 quoniam
1185 3548 1347 3612 solet
1410 3544 1721 3621 accidere,
1783 3555 1854 3607 ut
1914 3544 2225 3631 imagines
2286 3545 2518 3631 partim

459 3645 675 3705 firmam
723 3652 786 3706 et
821 3642 905 3706 ad
945 3641 1332 3707 monendum
1371 3638 1639 3703 idoneae
1685 3637 1838 3716 sint,
1890 3639 2122 3726 partim
2163 3638 2518 3704 imbecillae

463 3749 519 3797 st
559 3737 868 3812 infirmae,
905 3758 1067 3819 quae
1102 3733 1212 3797 vix
1245 3730 1614 3797 memoriam
1646 3732 1898 3817 possint
1930 3732 2236 3811 excitare,
2275 3753 2403 3817 qua
2438 3732 2518 3798 de

463 3853 651 3893 maffia
687 3840 1020 3912 utrumque
1054 3828 1184 3903 fiat,
1222 3824 1755 3891 considerandum
1781 3837 1900 3905 est,
1936 3837 2009 3891 ut
2042 3827 2298 3913 cognita
2324 3847 2520 3891 causa

463 3934 523 3985 [ει
559 3945 715 4002 mum
751 3921 1022 3986 vitemus
1060 3930 1125 3984 et
1159 3939 1314 4001 quas
1353 3940 1691 4003 sequamur
1724 3918 2065 4006 imagines,
2112 3919 2274 3984 scire
2308 3920 2518 4005 possi-

354 4029 423 4081 22
459 4041 615 4077 [uus.
711 4016 894 4079 docet
933 4013 1128 4099 igitur
1168 4034 1286 4077 nos
1330 4011 1475 4098 ipsa
1517 4024 1773 4092 natura,
1829 4014 1981 4097 quid
2024 4023 2316 4098 oporteat
2348 4014 2520 4093 fieri3
