2784 4575
520 207 651 276 310
1136 215 1215 271 Μ.
1250 212 1525 274 TULLII
1559 211 1960 273 CICERONIS

519 342 581 412 si
612 340 1021 419 cohortando,
1057 337 1115 405 si
1147 337 1600 426 percontando,
1635 336 1693 404 si
1725 337 2270 419 communicando,
2307 339 2367 418 si
2390 341 2613 408 inter·

520 437 675 504 dum
728 435 918 501 etiam
970 455 1101 500 una
1150 432 1456 520 legendo,
1509 431 1852 511 audiendo,
1903 429 2152 511 nescio,
2207 431 2382 522 [cur]
2447 459 2609 503 eum

521 530 811 597 docendo
844 528 1035 595 etiam
1078 526 1317 612 aliquid
1358 526 1697 611 aliquando
1746 526 1960 614 possis
2010 527 2304 594 meliores
2347 529 2604 611 facere,

524 645 636 692 cur
668 622 873 690 nolis?
925 645 1037 700 an,
1084 621 1317 707 quibus
1351 620 1564 686 verbis
1602 641 1934 688 sacrorum·
1961 621 2255 688 alienatio
2287 623 2443 704 fiat,
2485 626 2606 692 do-

526 741 667 786 cere
702 719 1039 786 honestum
1074 727 1203 797 est,
1237 727 1311 782 ut
1344 725 1471 782 est:
1520 715 1756 800 quibus
1789 714 1934 802 ipsa
1965 737 2149 783 sacra
2179 718 2450 785 retineri
2488 722 2604 788 de-

412 837 492 880 us
525 813 829 898 ‚fendique
877 811 1158 901 possint,
1210 834 1342 879 non
1384 810 1726 879 honestum
1767 812 1904 877 est?
1957 829 2034 876 ac
2063 811 2166 878 ius
2209 813 2603 902 profitentur

524 907 717 976 etiam
760 907 869 992 qui
910 905 1229 985 nesciunt3
1282 905 1644 990 eloquentia
1687 916 1899 972 autem
1937 904 2032 971 illi
2071 907 2224 994 ipsi,
2279 909 2396 992 qui
2441 931 2598 977 con-

526 1001 728 1073 secuti
762 1013 939 1081 sunt,
974 1012 1189 1068 tamen
1222 1022 1296 1066 se
1328 1000 1542 1066 valere
1577 999 2006 1080 dissimulant,
2039 1013 2382 1088 propterea
2419 1007 2591 1090 quod

522 1094 858 1184 prudentia
916 1094 1279 1162 hominibus
1340 1105 1524 1182 grata
1574 1105 1701 1173 est,
1761 1095 1984 1180 lingua
2043 1107 2373 1182 suspectat
2435 1122 2590 1164 num

522 1189 717 1276 igitur
752 1199 863 1254 aut
894 1189 1092 1256 latere
1125 1187 1486 1273 eloquentia
1526 1197 1742 1275 potest
1773 1199 1885 1254 aut
1916 1188 2013 1267 id,
2067 1189 2241 1273 quod
2284 1190 2591 1258 dissimu-

522 1284 641 1361 lat,
694 1283 919 1370 effugit
970 1294 1081 1348 aut
1128 1294 1230 1350 est
1277 1281 1631 1370 periculum
1671 1305 1755 1348 ne
1809 1282 1952 1367 quis
2002 1293 2186 1370 putet
2221 1283 2325 1349 in.
2349 1308 2588 1374 magna

522 1387 659 1444 arte
710 1387 775 1444 et
826 1376 1105 1464 gloriosa
1153 1387 1338 1464 turpe
1390 1399 1536 1443 esse
1588 1377 1814 1444 docere
1869 1377 2026 1444 alios
2075 1378 2174 1456 id,
2237 1381 2414 1464 quod
2465 1381 2588 1469 ipsi

412 1491 493 1534 ue
524 1467 716 1538 fuerit
748 1469 1269 1537 honestissimum
1302 1470 1586 1538 discere?
1619 1491 1696 1536 ac
1728 1470 2002 1538 fortasse
2037 1471 2233 1538 ceteri
2266 1475 2588 1552 tectiores&

526 1587 648 1653 ego
682 1587 935 1652 semper
966 1588 1073 1634 me
1105 1563 1406 1634 didicisse
1436 1587 1592 1653 prae
1623 1587 1729 1630 me
1765 1564 1908 1631 tuli:
1953 1564 2064 1651 qui
2099 1565 2270 1632 enim
2303 1591 2588 1654 possem,

524 1681 669 1726 cum
714 1670 781 1726 et
823 1660 1131 1727 afuissem
1173 1660 1363 1726 domo
1417 1659 1790 1726 adulescens
1837 1671 1904 1725 et
1951 1658 2182 1726 horum
2231 1663 2586 1729 studiorum

523 1775 719 1823 causa
750 1752 951 1820 maria
991 1753 1365 1820 transissem
1407 1763 1474 1820 et
1505 1752 1892 1820 doctissimis
1944 1753 2305 1821 hominibus
2349 1755 2582 1822 referta

524 1848 751 1914 domus
786 1857 959 1915 esset
992 1858 1057 1913 et
1097 1847 1345 1932 aliquae
1388 1847 1662 1914 fortasse
1704 1847 1991 1914 inessent
2037 1847 2109 1912 in
2143 1870 2432 1914 sermone
2463 1872 2584 1914 no-

526 1952 658 2008 stro
719 1941 1145 2008 doctrinarum
1202 1951 1425 2021 notae,
1489 1963 1778 2028 cumque.
1820 1940 2012 2028 volgo
2073 1942 2297 2028 scripta
2347 1952 2580 2006 nostra

523 2035 909 2120 legerentur,
956 2033 1356 2100 dissimulare
1390 2057 1494 2101 me
1530 2035 1867 2102 didicisse?
1917 2035 2072 2120 quid
2103 2044 2228 2100 erat
2257 2054 2384 2118 quo
2416 2055 2576 2120 pro-

418 2135 491 2191 43
525 2129 771 2207 barem,
806 2126 931 2193 nisi
965 2131 1139 2213 quod
1169 2152 1399 2217 parum
1431 2130 1706 2198 fortasse
1739 2131 2168 2217 profeceram?
2217 2129 2393 2214 quod
2427 2149 2578 2194 cum

520 2222 613 2289 ita
665 2222 776 2302 sit,
830 2235 1042 2292 tamen
1096 2247 1201 2305 ea,
1254 2246 1420 2310 quae
1473 2249 1668 2313 supra
1720 2226 1890 2293 dicta
1923 2237 2101 2307 sunt,
2153 2224 2296 2315 plus
2338 2223 2408 2289 in
2453 2224 2580 2290 dis-

521 2318 805 2404 putando
841 2340 1033 2403 quam
1066 2340 1163 2399 ea,
1201 2319 1282 2386 de
1317 2321 1546 2405 quibus
1581 2320 1920 2387 dicendum
1954 2331 2074 2400 est,
2111 2319 2438 2407 dignitatis
2471 2318 2578 2383 ha-

418 2434 497 2476 m
523 2412 797 2479 buerunt
803 2436 822 2491 ς
885 2413 965 2479 de
1034 2414 1246 2480 verbis
1307 2415 1478 2481 enim
1541 2414 1992 2503 componendis
2053 2424 2120 2480 et
2177 2414 2260 2479 de
2323 2413 2580 2499 syllabis

522 2506 981 2595 propemodum
1006 2508 1480 2575 dinumerandis
1507 2518 1574 2575 et
1599 2508 1998 2576 dimetiendis
2023 2506 2358 2593 loquemur
2365 2532 2391 2587 ;.⁴
2425 2529 2585 2591 quae

524 2600 715 2667 etiam
750 2600 808 2667 si
859 2614 1034 2681 sunt,
1098 2602 1284 2669 sicuti
1326 2601 1484 2667 mihi
1527 2602 1852 2681 videntur,
1913 2600 2276 2669 necessaria
2283 2649 2304 2680 ,
2373 2610 2583 2667 tamen

522 2694 684 2759 fiunt
748 2696 1254 2783 magnificentius
1324 2718 1518 2779 quam
1589 2696 1914 2763 docentum
2031 2706 2133 2763 est
2189 2695 2259 2761 id
2329 2696 2589 2763 omnino

525 2809 774 2866 verum,
823 2790 938 2855 sed
970 2790 1239 2878 proprie·
1260 2788 1328 2856 in
1361 2789 1485 2855 hoc
1521 2789 1774 2869 dieitur;
1819 2814 1971 2857 nam
2006 2790 2289 2857 omnium
2322 2813 2591 2879 magna·

421 2890 423 2892 ’
522 2902 667 2947 rum
718 2883 947 2950 artium
1000 2884 1161 2950 sicut
1214 2884 1512 2955 arborum
1563 2884 1830 2952 altitudo
1879 2909 2000 2952 nos
2055 2885 2356 2963 delectat,
2419 2884 2592 2949 radi-

527 2996 633 3041 ces
696 2977 1052 3065 stirpesque
1112 3001 1244 3045 non
1303 2978 1486 3058 item3
1550 2980 1668 3058 sed
1727 3002 1872 3047 esse
1930 2980 2042 3045 illa
2103 2978 2243 3045 sine
2301 2978 2404 3046 his
2457 3002 2595 3044 non

524 3080 759 3171 potest.
880 3095 985 3139 me
1049 3082 1263 3139 autem
1324 3072 1463 3141 sive
1525 3072 2094 3162 pervagatissimus
2161 3074 2269 3139 ille
2339 3096 2596 3152 versus,

525 3164 635 3247 qui
669 3176 845 3232 vetat

790 3270 989 3327 artem
1022 3260 1261 3347 pudere
1295 3260 1615 3349 proloqui,
1651 3282 1846 3346 quam
1882 3262 2154 3340 factites,

526 3353 924 3422 dissimulare
958 3376 1088 3421 non
1124 3356 1291 3435 sinit,
1331 3354 1513 3443 [quin
1547 3357 1820 3423 delecter
1828 3354 1878 3445 ,]
1919 3358 2056 3423 sive
2091 3367 2270 3423 tuum
2303 3357 2597 3427 studium

526 3450 649 3517 hoc
702 3474 741 3515 a
791 3474 895 3517 me
946 3450 1243 3519 volumen
1296 3452 1638 3539 expressit,
1691 3453 1906 3519 tamen
1957 3452 2079 3532 eis,
2134 3474 2294 3537 quos
2344 3452 2597 3538 aliquid

394 3564 493 3614 ‚148
524 3544 1019 3631 reprehensuros
1083 3543 1483 3633 suspicabar,
1546 3545 2060 3632 respondendum
2111 3546 2251 3611 fuit.
2357 3546 2597 3630 quodsi

526 3660 633 3716 ea,
676 3659 841 3722 quae
878 3638 1037 3717 dixi,
1082 3663 1212 3707 non
1246 3640 1337 3707 ita
1370 3650 1616 3719 essent,
1652 3639 1795 3724 quis
1831 3650 2047 3707 tamen
2081 3663 2154 3706 se
2187 3652 2320 3705 tam
2353 3639 2596 3705 durum

526 3740 969 3819 agrestemque
1000 3734 1359 3819 praeberet,
1405 3734 1512 3818 qui
1547 3734 1711 3799 hanc
1743 3733 1901 3799 mihi
1932 3754 2064 3799 non
2097 3734 2278 3799 daret
2310 3734 2594 3811 veniam,

524 3837 599 3891 ut
647 3847 795 3891 cum
844 3848 1025 3891 meae
1076 3828 1365 3895 forenses
1420 3839 1588 3894 artes
1638 3838 1704 3895 et
1757 3828 2035 3895 actiones
2086 3827 2380 3915 publicae
2433 3850 2596 3893 con-
2690 3824 2692 3827 ’

527 3919 857 3997 emissent,
909 3942 1039 3985 non
1088 3944 1191 3986 me
1246 3932 1357 3986 aut
1400 3921 1710 4000 desidiae,
1765 3922 1937 4006 quod
1988 3921 2200 3989 facere
2251 3944 2383 3988 non
2434 3944 2599 4007 pos·
2694 3966 2695 3969 κ

524 4030 698 4084 sum,
762 4021 872 4074 aut
921 4014 1306 4092 maestitiae,
1371 4016 1477 4079 cui
1525 4016 1785 4093 resisto,
1846 4016 2058 4103 potius
2113 4037 2304 4100 quam
2355 4014 2594 4101 litteris
