2784 4575
775 276 884 332 AD
923 274 983 332 C.
1019 276 1487 333 HERENNIUM
1523 276 1627 331 111.
1664 276 1833 331 1-3,
2248 266 2331 331 39

276 394 681 490 potissimum
731 398 1102 465 faciundum
1153 398 1263 476 sit,
1317 398 1768 465 consideretur.
1856 401 2067 465 ut'rum
2117 402 2329 488 potius

279 496 404 561 hoc
446 494 664 559 modo:
716 494 1055 579 Karthago
1109 493 1388 557 tollenda
1441 516 1524 558 an
1566 494 1981 577 relinquenda
2012 494 2328 575 videatur3

277 589 433 674 quid
489 588 892 675 potissimum
943 587 1065 653 hoc
1123 597 1341 674 pacto:
1404 598 1477 651 ut
1528 586 1585 651 si
1633 588 1959 652 Hannibal
2022 590 2327 667 consulat,

276 707 424 750 cum
459 706 540 749 ex
573 683 762 749 Italia
794 682 1264 769 Karthaginem
1300 682 1657 760 arcessitur,
1693 682 1761 747 in
1789 682 1977 748 Italia
1992 726 1995 728 Δ
2008 696 2331 749 remaneat

276 803 361 844 an
414 778 674 843 domum
721 778 942 844 redeat
1001 799 1084 841 an
1134 776 1202 841 in
1253 777 1629 863 Aegyptum
1686 777 2010 863 profectus
2064 790 2331 864 occupet

273 870 753 938 Alexandriam.
842 869 996 935 item
1041 868 1525 936 deliberationes
1562 870 1793 957 partim
1841 870 2019 957 ipsae
2070 883 2330 959 propter

276 986 348 1031 se
394 964 848 1031 consultandae
893 973 1069 1041 sunt,
1121 974 1194 1028 ut
1247 962 1302 1027 si
1346 964 1653 1030 deliberet
1704 975 1989 1044 senatus,
2045 966 2328 1053 captivos
2422 1028 2427 1033 .

276 1059 360 1121 ab
395 1057 684 1123 hostibus
718 1056 989 1122 redimat
1024 1080 1106 1121 an
1139 1080 1296 1135 non3
1341 1058 1572 1143 partim
1616 1066 1875 1146 propter
1910 1058 2185 1144 aliquam
2220 1082 2331 1125 ex-

275 1162 562 1216 traneam
598 1174 858 1217 causam
884 1151 1148 1217 veniunt
1177 1150 1248 1215 in
1273 1151 1789 1219 deliberationem
1824 1164 1890 1219 et
1924 1154 2331 1220 consultatio-

271 1268 442 1325 nem,
476 1258 550 1311 ut
585 1246 639 1311 si
675 1245 981 1313 deliberet
1017 1256 1273 1311 senatus
1313 1242 1509 1331 [bello
1536 1246 1813 1335 Italico],
1852 1249 2137 1315 solvatne
2172 1249 2331 1336 legi-

136 1358 154 1369 ·
271 1342 396 1405 bus
453 1338 848 1427 Scipionem,
912 1350 984 1403 ut
1035 1362 1182 1406 eum
1241 1340 1431 1405 liceat
1494 1351 1639 1407 ante
1691 1354 1941 1428 tempus
2004 1345 2329 1410 consulem

272 1433 438 1512 fieri3
491 1432 724 1517 partim
775 1442 839 1497 et
889 1443 1146 1518 propter
1199 1455 1268 1497 se
1314 1443 1463 1497 sunt
1514 1433 1955 1500 deliberandae
2009 1448 2073 1501 et
2122 1438 2327 1524 magis

273 1535 534 1613 propter
569 1536 933 1589 extraneam
969 1545 1228 1590 causam
1262 1526 1526 1589 veniunt
1558 1526 1625 1589 in
1662 1528 2216 1609 consultationem,
2258 1542 2331 1596 ut

277 1620 334 1685 si
369 1617 674 1683 deliberet
711 1629 968 1682 senatus
1004 1615 1172 1682 bello
1207 1617 1461 1695 Italico,
1518 1619 1705 1683 sociis
1743 1620 2061 1687 civitatem
2104 1625 2213 1689 det
2248 1648 2329 1689 an

274 1736 421 1780 non.
509 1712 578 1777 in
612 1711 842 1795 quibus
889 1710 1096 1793 causis
1141 1711 1234 1776 rei
1286 1720 1515 1775 natura
1556 1712 1748 1777 faciet
1792 1713 2326 1793 deliberationem,

274 1806 479 1873 omnis
526 1804 725 1871 oratio
771 1806 855 1869 ad
893 1805 1102 1891 ipsam
1143 1828 1280 1869 rem
1323 1805 1934 1885 adcommodabitur3
1986 1808 2055 1873 in
2098 1808 2325 1892 quibus

271 1912 576 1966 extranea
635 1921 830 1964 causa
888 1896 1178 1964 conficiet
1237 1897 1783 1977 deliberationem,
1842 1900 1911 1965 in
1971 1902 2063 1967 eis
2124 1924 2205 1967 ex
2256 1924 2327 1967 ea

271 1994 414 2081 ipsa
474 2015 668 2058 causa
730 1992 892 2058 erint
953 1992 1366 2079 adaugendae
1427 2004 1535 2058 aut
1596 1994 2045 2081 deprimendas
2106 2019 2326 2061 omnes

271 2089 567 2155 rationes.
1806 2141 1811 2145 .

391 2184 583 2259 Eum,
621 2181 731 2265 qui
767 2182 1144 2247 sententiam
1178 2180 1373 2259 dicet,
1409 2181 1601 2247 finem
1638 2182 1760 2248 sibi
1796 2184 2128 2249 conveniet
2159 2184 2329 2249 utili-

275 2276 422 2342 tatis
474 2299 856 2363 proponere,
909 2286 982 2341 ut
1033 2276 1237 2342 omnis
1293 2277 1518 2344 eodem
1570 2276 1763 2344 totius
1817 2278 2115 2345 orationis
2169 2278 2329 2346 ratio

277 2372 654 2438 conferatur.

391 2464 654 2532 Utilitas
699 2464 766 2528 in
811 2465 970 2528 duas
1013 2465 1213 2551 partis
1257 2465 1324 2528 in
1369 2464 1539 2529 civili
1594 2465 2051 2532 consultatione
2105 2465 2331 2530 dividi-

275 2571 404 2623 tur:
459 2569 690 2634 tutam,
737 2558 1089 2622 honestam.
1181 2568 1317 2623 tuta
1359 2570 1487 2637 est,
1543 2580 1705 2642 quae
1753 2559 2004 2624 conficit
2036 2559 2329 2626 instantis

277 2662 385 2715 aut
445 2650 890 2738 consequentis
958 2651 1222 2736 periculi
1289 2650 1659 2716 vitationem
1731 2652 2008 2736 qualibet
2066 2652 2329 2718 ratione.

275 2745 434 2809 haec
469 2741 762 2808 tribuitur
795 2742 864 2806 in
897 2743 1028 2808 vim
1063 2753 1127 2808 et
1162 2744 1407 2822 dolum,
1452 2765 1721 2828 quorum
1766 2746 2031 2809 alterum
2078 2768 2331 2830 separa-

276 2838 390 2902 tim
419 2848 528 2903 aut
552 2847 889 2921 utrumque
920 2859 1242 2902 sumemus
1273 2837 1625 2902 coniuncte.
1690 2836 1787 2902 vis
1818 2837 2192 2903 discernitur
2218 2861 2333 2924 per

276 2932 617 3009 exercitus,
656 2931 910 3009 classis,
949 2954 1150 3009 arma,
1191 2942 1531 3010 tormenta,
1570 2931 1969 2998 evocationes
2006 2932 2333 2998 hominum

277 3037 340 3094 et
391 3027 548 3092 alias
603 3026 791 3091 huius
843 3025 1018 3092 modi
1069 3049 1174 3091 res
1183 3051 1202 3104 ;
1258 3026 1442 3092 dolus
1500 3026 1890 3092 consumitur
1918 3027 2001 3092 in
2042 3028 2330 3114 pecunia,

274 3121 752 3209 pollicitatione,
808 3119 1338 3198 dissimulatione,
1396 3121 1846 3200 maturatione,
1899 3121 2216 3188 mentione
2270 3133 2332 3187 et

278 3215 500 3281 ceteris
534 3217 747 3293 rebus,
787 3216 866 3282 de
902 3216 1130 3299 quibus
1157 3216 1365 3302 magis
1403 3215 1631 3282 idoneo
1669 3227 1952 3302 tempore
1977 3217 2329 3300 loquemur,

281 3309 332 3372 si
379 3310 630 3394 quando
676 3309 755 3374 de
798 3332 868 3374 re
920 3308 1177 3374 militari
1223 3320 1333 3374 aut
1367 3309 1448 3374 de
1494 3309 2036 3375 administratione
2087 3311 2181 3375 rei
2214 3333 2333 3396 pu-

278 3401 479 3466 blicae
517 3401 790 3468 scribere
825 3402 1114 3469 velimus.
1204 3402 1474 3468 honesta
1505 3426 1609 3468 res
1655 3403 1957 3468 dividitur
1988 3403 2057 3468 in
2090 3415 2333 3468 rectum

282 3506 345 3560 et
378 3494 715 3560 laudabile.
1257 3505 1272 3521 ⁸

395 3589 671 3656 Rectum
707 3600 832 3667 est,
879 3591 1050 3678 quod
1083 3613 1228 3656 cum
1262 3592 1493 3657 virtute
1529 3602 1596 3656 et
1639 3591 1849 3656 officio
1891 3591 1983 3655 fit.
2069 3588 2138 3652 id
2174 3589 2332 3654 divi-

280 3685 446 3749 ditur
479 3683 547 3748 in
578 3682 1008 3770 prudentiam,
1043 3686 1376 3764 iustitiam,
1415 3685 1878 3762 fortitudinem,
1923 3682 2329 3748 modestiam:

276 3777 614 3865 prudentia
647 3788 746 3844 est
790 3777 1127 3857 calliditas,
1176 3802 1338 3865 quae
1379 3779 1623 3844 ratione
1668 3778 1942 3862 quadam
1982 3786 2195 3863 potest
2238 3775 2332 3838 di-

279 3871 513 3936 lectum
566 3873 802 3938 habere
851 3872 1164 3938 bonorum
1207 3883 1272 3938 et
1312 3873 1654 3950 malorum3
1713 3871 1937 3935 dicitur
1981 3870 2133 3934 item
2182 3892 2334 3956 pru-

283 3965 496 4030 dentia
529 3966 793 4032 scientia
819 3965 1148 4031 cuiusdam
1175 3966 1423 4032 artificii
1458 3977 1522 4032 et
1558 3964 1907 4052 appellatur
1938 3959 2328 4050 [prudentia]

280 4081 493 4127 rerum
531 4062 874 4128 multarum
913 4062 1218 4144 memoria
1261 4072 1326 4127 et
1367 4084 1524 4128 usus
1580 4059 1996 4148 complurium
2044 4056 2351 4146 negotio--
