2784 4575
441 225 586 302 264,
1054 233 1132 290 Μ.
1171 231 1447 292 TULLII
1482 229 1889 320 CICERONIS

447 360 703 444 cydides
757 358 927 426 enim
973 371 1185 424 rerum
1235 367 1562 444 gestarum
1609 355 2047 445 pronuntiator
2102 352 2386 422 sincerus
2446 368 2517 422 et

359 446 363 450 ’
443 454 706 542 grandis
759 453 952 519 etiam
1001 451 1152 530 fuit3
1214 451 1336 518 hoc
1387 451 1671 529 forense,
1732 448 2287 528 concertatorium,
2339 448 2519 515 iudi-

447 548 606 616 ciale
639 570 771 615 non
813 546 1108 614 tractavit
1156 569 1394 635 genus3
1449 547 1765 615 orationes
1819 557 2059 625 autem,
2114 567 2273 630 quas
2308 545 2521 613 inter-

441 642 684 731 posuit,
780 641 1018 708 multae
1087 641 1257 707 enim
1325 650 1503 719 sunt,
1580 663 1691 706 eas
1769 663 1891 728 ego
1967 639 2227 706 laudare
2298 640 2517 720 sole03

443 735 678 802 imitari
725 755 932 820 neque
979 735 1254 823 possim,
1309 735 1367 800 si
1408 733 1631 814 velim,
1682 755 1803 800 nec
1846 733 2041 800 velim
2090 735 2394 813 fortasse,
2452 735 2521 800 si

442 829 718 918 possimz
766 839 842 895 ut
883 828 940 895 si
981 828 1123 914 quis
1165 828 1440 896 Falerno
1482 827 1635 895 vino
1677 828 2050 906 delectetur,
2104 827 2220 896 sed
2262 850 2339 894 eo
2383 849 2517 894 nec

443 924 536 989 ita
567 945 764 1003 novo,
807 935 882 990 ut
911 921 1216 1011 proximis
1251 922 1618 989 consulibus
1652 932 1875 988 natum
1908 921 2092 1002 velit,
2127 943 2248 988 nec
2279 945 2513 990 rursus

444 1017 537 1084 ita
568 1029 812 1097 vetere,
863 1029 938 1083 ut
972 1016 1306 1105 Opimium
1349 1027 1459 1108 aut
1490 1015 1797 1082 Anicium
1829 1015 2159 1084 consulem
2210 1028 2509 1101 quaerat3

443 1147 535 1160 —-
575 1110 779 1197 ‘atqui
831 1109 954 1176 hae
1004 1121 1193 1177 notae
1246 1121 1396 1176 sunt
1448 1111 1721 1198 optimae
1731 1110 1780 1189 ς’
1836 1116 1857 1147 ‘
1866 1111 2085 1178 credo:
2140 1110 2257 1177 sed
2306 1109 2513 1178 nimia

360 1252 368 1260 -
444 1215 730 1272 vetustas
782 1225 904 1270 nec
938 1203 1132 1271 habet
1185 1227 1356 1283 eam,
1412 1227 1604 1290 quam
1655 1205 2046 1290 quaerimus,
2100 1204 2507 1283 suavitatem,

331 1322 409 1364 288
441 1319 562 1364 nec
595 1309 695 1365 est
725 1297 856 1378 iam
890 1321 1044 1365 sane
1078 1299 1452 1379 tolerabilis3
1506 1322 1659 1365 num
1690 1299 1913 1386 igitur,
1950 1298 2057 1384 qui
2090 1299 2215 1366 hoc
2248 1299 2506 1376 sentiat,

443 1392 501 1458 si
541 1391 600 1457 is
642 1402 863 1479 potare
907 1392 1086 1471 velit,
1142 1392 1222 1459 de
1267 1393 1437 1460 dolio
1481 1393 1603 1458 sibi
1654 1392 2073 1459 hauriendum
2112 1393 2333 1480 putet?
2382 1393 2508 1458 mi·—

441 1485 642 1566 nime3
663 1528 671 1534 ·
696 1485 812 1552 sed
861 1487 1181 1572 quendam
1233 1497 1532 1572 sequatur
1585 1498 1858 1553 aetatem
1890 1511 2006 1553 -ε
2044 1486 2139 1552 sic
2193 1509 2315 1574 ego
2357 1486 2502 1551 istis

442 1578 800 1646 censuerim
833 1591 901 1648 et
931 1603 1166 1648 novam
1199 1580 1388 1647 istam
1432 1582 1614 1666 quasi
1658 1582 1738 1660 de
1778 1577 2016 1667 [musto
2053 1577 2157 1668 ac]
2186 1579 2341 1647 'lacu
2372 1580 2505 1646 fer-

441 1673 656 1740 vidam
684 1675 1033 1742 orationem
1067 1675 1438 1762 fugiendam
1468 1697 1589 1742 nec
1621 1674 1796 1740 illam
1818 1674 2208 1761 praeclaram
2241 1674 2501 1760 Thucy-

441 1768 574 1833 didi
623 1768 816 1837 nimis
870 1782 1149 1837 veterem
1200 1782 1525 1854 tamquam
1575 1769 1956 1835 Anicianam
2015 1779 2235 1835 notam
2280 1791 2497 1857 perse—

443 1863 783 1956 quendam.
887 1865 1027 1951 ipse
1079 1859 1250 1928 enim
1299 1862 1711 1950 Thucydides
1766 1863 1821 1929 si
1871 1864 2187 1950 posterius
2247 1861 2494 1941 fuisset,

333 1963 408 2019 84
439 1956 642 2041 multo
674 1957 980 2025 maturior
1032 1957 1261 2022 fuisset
1295 1968 1360 2023 et
1392 1957 1642 2024 mitior!
1732 1956 2259 2024 ‘Demosthenem
2298 1955 2491 2042 igitur

439 2048 800 2115 imitemur!
888 2055 956 2114 ‘o
992 2049 1059 2114 di
1092 2050 1274 2115 boni:
1327 2051 1508 2135 quid,
1556 2073 1825 2134 quaeso,
1877 2075 1997 2119 nos
2042 2051 2208 2118 aliud
2242 2051 2493 2138 agimus

443 2152 554 2206 aut
589 2142 742 2224 quid
776 2141 949 2207 aliud
993 2145 1327 2228 optamus?
1379 2156 1446 2210 at
1478 2169 1610 2212 non
1654 2147 2081 2232 adsequimur.
2184 2145 2292 2212 isti
2326 2145 2498 2210 enim

327 2258 407 2300 289
442 2233 740 2302 videlicet
770 2237 974 2302 Attici
1007 2237 1208 2304 nostri
1243 2239 1416 2323 quod
1448 2239 1672 2307 volunt
1714 2241 2174 2327 adsequuntur:
2226 2263 2308 2307 ne
2340 2239 2503 2305 illud

439 2327 698 2413 quidem
747 2329 1152 2417 intellegunt,
1214 2355 1344 2397 non
1394 2334 1585 2400 modo
1636 2334 1728 2401 ita
1776 2336 2119 2402 memoriae
2178 2333 2497 2422 proditum

439 2444 614 2501 esse,
667 2423 784 2489 sed
834 2422 926 2489 ita
973 2445 1238 2491 necesse
1289 2426 1520 2505 fuisse,
1574 2450 1721 2494 cum
1769 2429 2243 2496 Demosthenes
2297 2428 2499 2493 dictu-

439 2538 549 2583 rus
594 2527 796 2597 esset,
849 2527 923 2582 ut
965 2538 1311 2585 concursus
1365 2520 1661 2586 audiendi
1704 2544 1898 2589 causa
1940 2546 2023 2589 ex
2056 2532 2191 2589 tota
2226 2520 2501 2589 Graecia

435 2609 692 2689 fierent3
746 2620 814 2676 at
853 2630 1001 2676 cum
1041 2611 1149 2677 isti
1189 2613 1412 2679 Attici
1446 2614 1692 2694 dicunt,
1744 2638 1875 2681 non
1924 2615 2116 2683 modo
2160 2639 2201 2681 a
2244 2637 2495 2692 corona,
2570 2609 2578 2620 “

437 2704 615 2789 quod
651 2715 752 2771 est
783 2705 994 2793 ipsum
1028 2705 1417 2786 miserabile,
1456 2709 1572 2774 sed
1606 2709 1913 2787 etiamab
1950 2709 2275 2776 advocatis
2308 2708 2500 2774 relin-

437 2809 740 2881 quuntur.
830 2822 959 2885 qua
996 2821 1067 2866 re
1112 2800 1178 2867 si
1213 2814 1482 2888 anguste
1524 2813 1593 2868 et
1634 2802 1878 2867 exiliter
1929 2804 2139 2869 dicere
2184 2814 2283 2869 est
2324 2801 2501 2867 Atti-

441 2911 688 2969 corum,
745 2892 873 2957 sint
925 2917 1080 2960 sane
1130 2894 1362 2973 Attici3
1418 2896 1534 2962 sed
1584 2896 1653 2959 in
1702 2894 2026 2960 comitium
2074 2895 2359 2973 veniant,
2414 2895 2501 2959 ad

444 2995 719 3052 stantem
750 2985 1027 3055 iudicem
1063 2988 1303 3055 dicant:
1359 2988 1663 3055 subsellia
1702 2986 2105 3073 grandiorem
2148 2997 2213 3050 et
2250 2986 2499 3072 plenio-

331 3102 410 3145 290
441 3102 579 3145 rem
621 3087 847 3146 vocem
892 3082 1272 3148 desiderant.
1360 3082 1507 3147 volo
1560 3081 1682 3145 hoc
1732 3078 1965 3145 oratori
2017 3078 2365 3163 contingat,
2420 3090 2495 3142 ut

444 3192 590 3238 cum
625 3175 910 3241 auditum
945 3176 1028 3240 sit
1050 3197 1215 3245 ,eum
1260 3196 1404 3239 esse
1457 3173 1800 3248 dicturum,
1852 3171 2033 3255 locus
2069 3170 2137 3235 in
2173 3169 2492 3239 subselliis

443 3278 812 3354 occupetur,
865 3268 1253 3353 compleatur
1303 3264 1605 3345 tribunal,
1658 3263 1922 3352 gratiosi
1973 3264 2217 3331 scribae
2262 3263 2391 3331 sint
2425 3264 2497 3330 in

442 3358 657 3428 dando
691 3372 756 3427 et
787 3360 1069 3427 cedendo
1103 3359 1274 3438 loco,
1319 3380 1555 3425 corona
1586 3358 1947 3446 multiplex,
1982 3358 2179 3425 iudex
2196 3356 2459 3425 ‘erectus
2471 3385 2491 3438 3

375 3490 382 3522 ·,
441 3474 590 3519 cum
641 3465 864 3542 surgat
911 3454 997 3534 is,
1063 3453 1173 3538 qui
1224 3453 1506 3520 dicturus
1560 3454 1671 3533 sit,
1734 3452 2121 3540 significetur
2172 3476 2213 3518 a
2262 3452 2495 3519 corona

444 3545 791 3630 silentium,
825 3547 1054 3616 deinde
1089 3550 1346 3617 crebrae
1383 3548 1825 3628 adsensiones,
1858 3549 2097 3614 multae
2134 3546 2492 3613 admiratio-

441 3662 588 3721 nes;
621 3640 818 3723 risus,
855 3666 1001 3709 cum
1033 3644 1204 3724 velit,
1242 3666 1387 3710 cum
1421 3644 1602 3722 velit,
1636 3644 1853 3709 fletus:
1888 3653 1978 3722 ut,
2014 3642 2123 3729 qui
2156 3641 2315 3708 haec
2346 3664 2496 3729 pro·
2763 3684 2764 3719 χ

444 3734 548 3801 cul
573 3733 806 3815 videat,
827 3737 1076 3803 etiamsi
1103 3738 1255 3823 quid
1281 3748 1505 3825 agatur
1532 3737 1793 3817 nesciat,
1822 3747 1886 3802 at
1910 3737 2161 3824 placere
2188 3733 2402 3801 tamen
2429 3745 2495 3801 et
2762 3766 2765 3861 ⁹

441 3826 510 3891 in
545 3836 740 3893 scena
781 3852 925 3895 esse
967 3830 1274 3898 Roscium
1321 3829 1668 3917 intellegat.
1757 3830 1915 3896 haec
1956 3828 2061 3893 cui
2102 3828 2492 3916 contingant,

443 3941 592 3983 eum
635 3920 792 3987 scito
834 3923 1051 3988 Attice
1105 3924 1340 4002 dicere,
1393 3934 1467 3987 ut
1507 3925 1587 3989 de
1630 3923 1877 3990 Pericle
1922 3922 2243 4000 audimus,
2295 3934 2369 3988 ut
2411 3922 2493 3987 de

445 4008 803 4093 Hyperide,
847 4025 921 4079 ut
954 4015 1033 4081 de
1062 4016 1423 4095 Aeschine,
1463 4017 1548 4083 de
1583 4017 1725 4104 ipso
1761 4016 2017 4100 quidem
2048 4016 2491 4085 Demosthene
2763 4026 2764 4081 ἰ
