2784 4575
507 251 635 318 210
955 261 960 265 ·
1120 257 1197 314 M.
1235 254 1509 314 ‘runnu
1544 201 1945 308 nicanorus

505 388 574 453 in
609 387 884 454 alienum
917 381 1205 448 eiusdem
1237 376 1513 446 nominis
1555 374 2039 461 infunderentur
2072 392 2310 460 genus3
2362 379 2467 448 ut,
2512 369 2565 435 si

507 501 630 568 ego
680 501 788 545 me
837 501 877 542 a
924 475 1044 543 M.’
1089 473 1304 540 Tullio
1355 494 1500 538 esse
1552 469 1856 546 dicerem,
1908 463 2018 550 qui
2063 463 2370 552 'patricius
2426 483 2566 528 cum

509 573 736 640 Servio
774 569 1062 657 Sulpicio
1113 565 1337 633 consul
1379 585 1547 630 anno
1592 561 1837 628 decimo
1878 569 2029 648 post
2078 568 2338 637 exactos
2380 579 2565 644 reges

411 696 464 736 es
507 665 648 733 fuit.
737 662 1006 732 Catonis
1061 671 1276 728 autem
1327 657 1644 726 orationes
1696 678 1829 722 non
1879 653 2091 720 minus
2143 650 2384 718 multae
2434 651 2567 717 fere

509 771 685 839 sunt,
736 781 930 844 quam
971 754 1174 822 Attici
1216 753 1490 840 Lysiae,
1542 750 1720 816 cuius
1767 747 2034 816 arbitror
2074 745 2381 833 plurimas
2426 767 2571 811 esse

507 889 594 904 -—
629 863 730 920 est
763 851 934 919 enim
965 849 1256 927 Atticus,
1293 845 1593 932 quoniam
1628 853 1799 910 certe
1830 839 2111 910 Athenis
2148 850 2248 909 est
2280 850 2348 906 et
2380 849 2569 905 natus

508 960 574 1015 et
606 959 893 1016 mortuus
939 958 1006 1014 et
1047 946 1305 1012 functus
1349 939 1525 1009 omni
1568 940 1801 1007 civium
1841 958 2132 1015 munere3
2186 956 2574 1020 quamquam

508 1043 814 1110 Timaeus
858 1064 1007 1108 eum
1052 1038 1236 1125 quasi
1268 1036 1527 1108 Licinia
1559 1045 1626 1102 et
1656 1032 1879 1100 Mucia
1918 1032 2066 1117 lege
2106 1028 2335 1118 repetit
2374 1026 2575 1114 Syra-

511 1159 698 1204 cusas
741 1172 832 1187 —-
873 1147 936 1202 et
980 1135 1260 1220 quodam
1307 1131 1501 1198 modo
1554 1140 1656 1197 est
1696 1151 1827 1194 non
1877 1125 2054 1191 nulla
2103 1123 2172 1190 in
2224 1121 2325 1188 his
2379 1122 2575 1188 etiam

510 1232 673 1298 inter
705 1231 883 1317 ipsos
921 1229 1297 1295 similitudoz
1344 1224 1515 1292 acuti
1550 1233 1726 1301 sunt,
1770 1221 2125 1307 elegantes,
2170 1215 2391 1296 faceti,
2425 1215 2576 1282 bre-

415 1351 468 1392 64
511 1346 653 1403 ves3
689 1324 806 1390 sed
839 1323 946 1389 ille
973 1321 1262 1390 Graecus
1299 1321 1381 1388 ab
1416 1318 1589 1386 omni
1621 1317 1811 1383 laude
1836 1314 2099 1381 felicior.
2170 1312 2365 1378 habet
2396 1309 2575 1377 enim

509 1428 716 1485 certos
753 1417 854 1484 sui
898 1417 1253 1495 studiosos,
1306 1415 1417 1500 qui
1458 1437 1588 1481 non
1622 1423 1753 1478 tam
1794 1409 2051 1476 habitus
2106 1405 2389 1493 corporis
2432 1405 2575 1492 opi-

507 1535 650 1579 mos
685 1533 876 1596 quam
909 1510 1296 1600 gracilitates
1325 1517 1785 1584 consectentur,
1824 1526 2008 1589 quos,
2042 1500 2343 1568 valetudo
2376 1499 2571 1566 modo

507 1606 679 1672 bona
713 1605 816 1684 sit,
854 1605 1129 1673 tenuitas
1165 1605 1308 1692 ipsa
1341 1602 1639 1680 delectat3
1675 1621 2060 1685 quamquam
2092 1596 2161 1661 in
2185 1593 2396 1680 Lysia
2422 1605 2573 1660 sunt
2698 1677 2702 1680 μ

509 1721 702 1789 saepe
755 1700 948 1768 etiam
999 1699 1251 1778 lacerti,
1306 1698 1399 1766 sic
1449 1707 1521 1762 ut
1569 1696 1707 1762 fieri
1757 1693 1916 1760 nihil
1966 1691 2173 1780 possit
2222 1688 2538 1756 valentius
2550 1714 2570 1766 3

507 1815 730 1858 verum
765 1805 865 1862 est
899 1806 1068 1862 certe
1101 1815 1336 1882 genere
1370 1803 1505 1859 toto
1552 1789 1911 1876 strigosior:
1964 1785 2081 1852 sed
2114 1784 2309 1850 habet
2355 1793 2572 1850 tamen

511 1907 662 1952 suos
703 1887 1095 1966 laudatores,
1149 1889 1260 1972 qui
1301 1887 1424 1952 hac
1464 1886 1609 1972 ipsa
1650 1884 1787 1950 eius
1834 1880 2179 1948 subtilitate
2224 1877 2571 1944 admodum

407 1976 475 2087 {g
511 1980 858 2066 gaudeant3
913 1978 1228 2046 Catonem
1270 2002 1422 2046 vero
1468 1979 1609 2064 quis
1662 1988 2023 2044 nostrorum
2057 1984 2402 2050 omtom,
2456 1971 2571 2054 qui

513 2073 771 2155 quidem
827 2093 1000 2137 nunc
1051 2083 1228 2150 sunt,
1287 2074 1485 2161 legit?
1546 2084 1658 2139 aut
1707 2073 1849 2158 quis
1908 2069 2088 2137 novit
2145 2067 2437 2136 omnino?
2498 2077 2571 2131 at

511 2185 705 2246 quem
754 2163 989 2244 virum,
1042 2165 1109 2228 di
1157 2167 1336 2232 bonil
1400 2168 1581 2233 mitto
1636 2167 1840 2234 civem
1892 2175 2001 2233 aut
2054 2161 2407 2232 senatorem
2458 2171 2573 2226 aut

509 2257 982 2345 imperatorem3
1036 2269 1348 2327 oratorem
1404 2261 1573 2327 enim
1623 2262 1747 2329 hoc
1794 2262 1939 2329 loco
1982 2257 2371 2346 quaerimu83
2424 2255 2570 2339 qUifl

401 2402 414 2412 t
511 2351 620 2417 illo
671 2350 928 2438 gravior
985 2351 1054 2417 in
1104 2351 1461 2419 laudando?
1523 2356 1805 2422 acerbior
1859 2355 1927 2420 in
1986 2350 2441 2440 vituperando?
2501 2349 2573 2415 in

515 2444 844 2512 sententiis
882 2444 1200 2532 argutior?
1250 2444 1318 2510 in
1353 2445 1639 2515 docendo
1674 2448 2207 2532 edisserendoque
2244 2443 2572 2511 subtilior?

511 2540 783 2606 refertae
850 2550 1000 2604 sunt
1063 2539 1380 2606 orationes
1446 2541 1715 2626 amplius
1776 2552 2031 2607 centum
2090 2536 2569 2625 quinquaginta,

513 2656 672 2717 quas
729 2631 984 2717 quidem
1035 2632 1243 2699 adhuc
1293 2632 1643 2698 invenerim
1694 2644 1758 2700 et
1796 2634 2091 2719 legerim,
2143 2644 2209 2699 et
2248 2631 2460 2699 verbis
2510 2642 2573 2697 et

511 2727 704 2791 rebus
739 2725 1142 2793 inlustribus:
1194 2726 1344 2792 licet
1377 2748 1459 2792 ex
1492 2726 1592 2791 his
1629 2725 1869 2813 eligant
1904 2748 2009 2802 ea,
2052 2748 2217 2808 quae
2249 2726 2572 2793 notatione

515 2830 581 2885 et
621 2819 812 2887 laude
853 2819 1050 2907 digna
1095 2819 1254 2885 sint:
1304 2842 1525 2886 omnes
1572 2818 1881 2886 oratoriae
1924 2818 2191 2884 virtutes
2234 2819 2305 2885 in
2346 2818 2437 2884 eis
2472 2841 2575 2884 re-

423 2934 477 2975 ss
515 2910 856 2997 perientur.
925 2913 1056 2979 iam
1089 2935 1241 2979 vero
1269 2910 1573 2999 Origines
1610 2912 1745 2979 eius
1781 2934 1971 2996 quem
2004 2910 2225 2978 florem
2260 2920 2369 2976 aut
2401 2910 2575 2994 quod

391 3042 394 3045 ·
516 3006 732 3071 lumen
785 3006 1182 3091 eloquentiae
1232 3029 1363 3073 non
1424 3006 1697 3073 habent?
1759 3016 2073 3072 amatores
2125 3004 2275 3070 huic
2324 3004 2573 3081 desunt,

517 3100 704 3165 sicuti
748 3102 963 3166 multis
1008 3101 1137 3165 iam
1189 3095 1360 3167 ante
1391 3102 1661 3168 saeculis
1708 3112 1772 3167 et
1812 3099 2086 3167 Philisto
2124 3096 2464 3185 Syracusio
2509 3108 2577 3163 et

513 3193 640 3279 ipsi
678 3194 1072 3280 Thucydidi3
1117 3218 1268 3259 nam
1301 3205 1373 3260 ut
1408 3195 1635 3262 horum
1670 3194 1939 3261 concisis
1979 3193 2334 3271 sententiis,
2377 3190 2576 3255 inter-

517 3286 670 3353 dum
721 3288 914 3354 etiam
956 3310 1087 3355 non
1139 3289 1294 3355 satis
1349 3289 1584 3378 apertis
1636 3310 1783 3355 cum
1832 3287 2142 3355 brevitate
2194 3298 2330 3353 tum
2376 3283 2572 3351 nimio

517 3381 806 3448 acumine
831 3382 1029 3448 officit
1054 3381 1511 3471 Theopompus
1548 3383 1818 3450 elatione
1845 3393 2035 3467 atque
2072 3380 2398 3447 altitudine
2432 3402 2574 3447 ora-

515 3474 706 3541 tionis
763 3498 966 3553 suae,
1000 3472 1202 3561 [quod
1241 3476 1415 3543 idem
1448 3477 1691 3563 Lysiae
1723 3475 2195 3544 Demosthenes
2208 3472 2259 3562 ,]
2316 3474 2409 3539 sic
2444 3469 2574 3538 Ca-

489 3568 684 3634 tonis
719 3568 1061 3636 luminibus
1097 3571 1415 3637 obstruxit
1447 3572 1605 3638 haec
1629 3570 2051 3658 posteriorum
2084 3562 2269 3653 quasi
2294 3588 2573 3654 exagge-

423 3680 476 3721 ετ
516 3671 658 3726 rata
707 3662 896 3729 altius
941 3664 1184 3747 oratio„
1251 3664 1367 3729 sed
1410 3687 1487 3731 ea
1528 3665 1595 3729 in
1637 3663 1870 3731 nostris
1922 3662 2173 3729 inscitia
2222 3671 2350 3740 est,
2403 3658 2574 3745 quod

517 3753 586 3819 hi
641 3754 800 3841 ipsi,
855 3756 966 3841 qui
1021 3759 1114 3823 in.
1151 3756 1417 3825 Graecis
1488 3757 1859 3841 antiquitate
1920 3756 2312 3823 delectantur
2370 3774 2572 3837 eaque

489 3848 893 3928 subtilitate,
946 3872 1139 3934 quam
1171 3850 1458 3916 Atticam
1492 3852 1842 3938 appellant,
1895 3850 2061 3916 hanc
2102 3849 2171 3915 in
2206 3847 2455 3916 Catone
2488 3868 2571 3911 ne

518 3951 830 4005 noverunt
881 3944 1157 4025 quidem.
1254 3946 1653 4030 ‘Hyperidae
1704 3946 1933 4012 volunt.
1974 3967 2118 4011 esse
2170 3954 2235 4011 et
2284 3940 2569 4027 Lysiae!

426 4047 479 4087 es
523 4028 770 4094 ‘laudoz
809 4036 924 4097 sed
958 4057 1070 4101 cur
1102 4037 1327 4102 nolunt
1363 4037 1711 4107 Catones?
1766 4045 1786 4077 ‘
1793 4039 2013 4105 Attico
2048 4059 2283 4125 genere
2316 4032 2573 4104 ‘dicendi
