2784 4575
911 211 1228 270 ORATOR
1264 211 1570 272 153-157.
2115 247 2118 249 Δ
2138 198 2268 266 313

294 342 555 408 texitur.
593 337 855 405 exitium
890 359 1159 402 examen
1192 335 1442 422 rapit..

208 461 325 524 pro
379 433 788 510 ‘exitiorumss
843 454 973 499 non
1018 429 1173 496 dicit
1223 427 1569 507 ‘liberstmss
1603 434 1698 494 ut
1737 427 2022 514 plerique
2063 425 2268 513 loqui-

207 553 381 609 mur,
428 550 574 594 eum
618 526 911 614 ‘cupidos
954 521 1251 592 liberum’
1299 532 1410 588 aut
1456 521 1551 586 ‘in
1592 523 1863 587 liberum
1899 521 2069 588 looo’
2116 521 2269 586 dici-

208 647 384 701 muS,
423 623 539 688 sed
572 632 647 686 ut
676 620 787 687 isti
820 619 1070 686 volunt.

214 749 223 760 .
294 738 506 802 neque
536 732 609 780 tu
641 733 943 799 umquam
974 712 1043 778 in
1071 711 1384 799 gremium
1419 709 1688 776 extollas
1711 707 2053 776 liberorum
2089 731 2170 776 ex
2203 721 2289 790 tet

1562 803 1798 892 genus!

207 918 279 972 et
308 906 508 970 idem:

138 1072 141 1076 A
296 1020 571 1082 namque
606 995 958 1082 Aesculapi
990 995 1333 1060 liberorum
1369 1043 1385 1060 .
1402 1044 1418 1060 .
1431 1043 1448 1060 .
1461 1043 1478 1061 .

210 1103 281 1158 at
312 1093 419 1156 ille
456 1091 615 1156 alter
646 1091 715 1154 in
752 1089 1003 1176 Chryse
1037 1112 1169 1154 non
1204 1089 1440 1154 solum:

210 1204 220 1236 1
299 1184 501 1262 eives,
538 1182 782 1268 antiqui
818 1183 1003 1248 amici
1036 1181 1347 1247 maiorum
1382 1185 1720 1247 mmmm.

208 1279 385 1364 quod
418 1287 555 1342 erat
586 1277 920 1354 usitatum,
958 1277 1075 1342 sed
1108 1274 1327 1340 durius
1364 1275 1584 1340 etiam:

303 1371 638 1437 consilium
674 1370 859 1449 socii,
898 1369 1233 1456 augurium
1268 1379 1460 1454 atque
1497 1373 1714 1434 extum
1745 1368 2206 1458 interpretes„

210 1466 515 1548 idemque
546 1463 784 1552 pergit:

210 1593 217 1598 ·
300 1569 638 1645 postquam
670 1556 1035 1644 prodigium
1068 1555 1478 1634 horriferum,
1519 1560 1884 1642 portentum
1925 1520 2178 1646 pavor.

210 1651 377 1736 quae
402 1675 532 1718 non
559 1673 715 1716 sane
750 1662 899 1716 sunt
930 1650 999 1714 in
1032 1649 1325 1715 omnibus
1360 1649 1602 1715 neutris
1629 1649 1894 1715 usitata.
1951 1673 2072 1716 nee
2105 1651 2274 1717 enim

213 1745 503 1811 dixerim
536 1756 669 1810 tam
724 1744 995 1810 libenter
1048 1748 1325 1810 ‘armum
1376 1742 1726 1821 iudicium‚'
1781 1742 1904 1809 etsi
1954 1755 2054 1811 est
2101 1745 2276 1832 apud

212 1837 521 1906 eundemz
786 1865 791 1870 ·

211 1968 217 1977 .
302 1933 477 2000 nilne
512 1934 596 1998 ad
628 1943 693 1998 te
730 1933 811 1998 de
844 1931 1076 1998 iudicio
1114 1933 1361 1996 armum
1397 1930 1660 1996 accidit?

210 2027 411 2112 'quam
458 2029 835 2104 centuriam,
896 2039 972 2092 ut
1022 2026 1348 2092 censoriae
1410 2026 1662 2091 tabulae
1714 2025 2086 2111 loquuntur,
2149 2027 2273 2092 ‘fae-
2309 2051 2386 2092 156

214 2121 429 2186 brnm'
466 2133 533 2187 et
568 2121 889 2208 ‘procum'
928 2121 1133 2186 audeo
1160 2119 1391 2196 dicere,
1420 2141 1552 2186 non
1587 2119 1964 2185 ‘fabrorum'
1999 2130 2066 2186 et
2101 2127 2273 2208 ‘pro-

216 2215 476 2280 corum'
538 2215 855 2302 planeque
892 2215 1193 2279 ‘duorum
1225 2213 1506 2279 virorum
1524 2212 1855 2279 iudicium’
1895 2224 2006 2280 aut
2057 2215 2275 2279 ‘trium

214 2308 495 2375 -virorum
548 2309 939 2395 capitalium'
995 2320 1106 2375 aut
1160 2310 1410 2375 ‘decem
1453 2308 1732 2375 virorum
1785 2309 2059 2376 stlitibus
2110 2310 2276 2375 iudi-

215 2402 465 2467 candis’
505 2402 647 2467 dico
682 2425 1048 2487 numquam.
1137 2402 1313 2487 atqui
1346 2402 1508 2468 dixit
1539 2403 1809 2471 Aesius:

210 2540 217 2547 -
304 2495 491 2562 video
526 2496 817 2583 sepulcra
852 2498 978 2563 duo
1014 2498 1286 2563 duorum
1320 2518 1676 2585 corporum.

216 2592 513 2676 idemque

218 2692 225 2701 '
302 2686 530 2751 mulier
562 2708 693 2751 una
726 2685 923 2751 duum
958 2685 1187 2753 virum„

212 2782 375 2865 quid
416 2804 639 2847 verum
683 2780 767 2847 sit
806 2780 1139 2868 intelleg03
1195 2780 1313 2847 sed
1364 2782 1522 2847 alias
1563 2780 1658 2845 ita
1707 2780 1964 2864 loquor,
2012 2790 2086 2847 ut
2129 2801 2280 2847 eon-

212 2898 474 2941 cessum
509 2886 634 2953 est,
676 2886 751 2940 ut
783 2875 907 2941 hoo
940 2876 1045 2941 vel
1088 2876 1279 2963 ‘proh
1314 2874 1532 2943 defim'
1579 2875 1720 2941 dieo
1757 2875 1861 2940 vel
1905 2875 2094 2962 ‘proh
2128 2875 2280 2943 deo-

218 2992 381 3048 rum,
383 2968 401 2999 '
440 2970 597 3035 alias
630 2980 705 3035 ut
736 2991 1001 3035 neeesse
1037 2982 1164 3048 est,
1203 2992 1349 3035 eum
1385 2969 1604 3035 ‘trium
1637 2969 1863 3047 virum,
1866 2968 1884 2997 ’
1919 2992 2050 3035 non
2085 2970 2283 3035 ‘'viro-

210 3064 401 3142 ·,’rum
441 3084 587 3129 eum
624 3063 1015 3131 ‘sestertium
1040 3064 1411 3143 nummum?
1441 3086 1570 3131 non
1607 3063 2075 3143 ‘nummorumss
2111 3065 2284 3150 quod

219 3156 289 3221 in
322 3158 423 3223 his
462 3158 853 3223 consuetudo
898 3158 1077 3225 varia
1126 3182 1259 3225 non
1293 3169 1412 3224 est.
1503 3158 1681 3243 quid,
1735 3158 1908 3243 quod
1942 3158 2036 3224 sie
2083 3158 2278 3243 loqui,
2313 3157 2384 3211 47

221 3256 465 3328 ‘noe-sse,
493 3251 837 3318 iudicasse'
868 3260 1153 3331 vetant‚‘
1161 3252 1420 3318 novisse
1437 3251 1688 3317 ’iubent
1713 3262 1780 3318 et
1805 3250 2276 3318 ‘iudicavisseP
2315 3230 2390 3271 ¹⁵⁷

221 3342 407 3427 quasi
449 3366 601 3409 vero
643 3344 1003 3410 nesciamus
1046 3345 1115 3409 in
1157 3345 1279 3411 hoe
1322 3367 1557 3431 genere
1601 3356 1667 3411 et
1704 3344 1967 3433 plenum
2018 3346 2284 3411 verbum

214 3446 395 3501 reete
446 3435 573 3500 dici
615 3446 681 3501 et
720 3437 1123 3504 imminutum
1172 3438 1425 3505 usitate.
1511 3439 1726 3525 itaque
1777 3451 2111 3525 utrumque
2155 3439 2286 3506 Te·-

222 3530 485 3610 tentius,

310 3626 463 3704 eho,
501 3636 573 3690 tu
604 3637 948 3713 cognatum
980 3639 1165 3695 tuum
1196 3650 1329 3695 non
1360 3629 1593 3694 noras?

224 3731 373 3807 post
405 3720 581 3787 idem

1060 3813 1446 3903 Stilponem,
1481 3814 1770 3900 inquam,
1805 3817 2116 3881 noveras?

226 3905 405 3972 ‘siet’
448 3907 709 3994 plenum
752 3919 879 3989 est,
911 3909 1041 3993 '‘sit
1054 3910 1071 3937 ’
1107 3909 1537 3983 imminutumz
1589 3908 1740 3975 licet
1780 3920 1960 3975 utare
1993 3921 2281 3995 utroque.

213 4022 381 4086 -ergo
414 3999 681 4069 ibidem:
