2784 4575
491 253 597 310 DE
631 251 947 308 ΡΑΒΤιΤ.
987 249 1385 308 ORATomA
1421 247 1628 309 DIAL.
1665 249 1974 308 104-111.
2121 237 2248 306 367

196 381 255 446 si
308 400 471 464 quae
526 400 608 442 ex
670 374 903 462 scripto
957 372 1119 459 legis
1174 383 1283 440 aut
1333 373 1695 440 testamenti
1749 381 1858 440 aut
1916 375 2254 442 verborum

193 473 399 560 ipsius
452 469 668 538 iudicii
704 479 813 534 aut
848 466 1113 532 alicuius
1166 466 1589 553 stipulationis
1636 477 1746 532 aut
1797 467 2103 534 cautionis
2139 490 2253 558 op-

122 637 129 642 ,
196 577 518 656 ponuntur
562 561 919 630 defensioni
972 562 1303 628 contraria.
1409 583 1485 630 ac
1536 585 1616 628 ne
1667 562 1792 630 hoc
1843 562 2099 648 quidem
2142 586 2255 651 ge-

194 685 319 726 nus
354 661 423 726 in
458 681 567 726 eas
604 680 831 723 causas
873 655 1161 734 incurrit,
1218 678 1381 740 quae
1427 657 1787 722 coniectura
1827 657 2252 737 continentur3

194 755 372 840 quod
404 753 575 818 enim
617 752 859 816 factum
908 761 1206 838 negatur,
1260 749 1331 815 id
1363 750 1623 838 coargui
1667 750 1902 838 scripto
1952 773 2084 817 non
2113 763 2258 860 pot-

198 858 299 914 est
306 872 327 925 3
362 869 445 912 ne
478 845 549 910 in
581 844 1011 910 definitionem
1038 843 1296 926 quidem
1320 843 1498 909 venit
1520 865 1754 930 genere
1783 845 2000 932 scripti
2021 844 2254 933 ipsius3

196 963 349 1006 nam
384 939 635 1005 etiamsi
680 937 946 1004 verbum
1000 937 1258 1022 aliquod
1292 961 1373 1007 ex
1411 937 1644 1024 scripto
1699 937 2124 1004 definiendum
2155 950 2258 1006 est

196 1055 391 1118 quam
424 1031 555 1096 vim
589 1030 850 1109 habeat,
886 1041 986 1108 ut,
1025 1052 1169 1095 cum
1204 1054 1285 1096 ex
1320 1030 1714 1096 testamentis
1751 1030 1904 1116 quid
1941 1030 2022 1098 sit
2053 1053 2256 1118 penus

199 1137 313 1191 aut
347 1147 492 1190 cum
526 1147 610 1189 ex
642 1123 786 1210 lege
819 1124 1065 1210 praedii
1098 1125 1451 1210 quaeritur,
1505 1147 1666 1208 quae
1713 1125 1842 1191 sint
1873 1133 2016 1190 ruta
2049 1146 2256 1205 caesa,

198 1242 331 1285 non
364 1217 582 1303 scripti
614 1238 847 1304 genus,
904 1218 1021 1282 sed
1055 1217 1234 1283 verbi
1282 1217 1714 1304 interpretatio
1767 1219 2259 1286 controversiam

198 1311 385 1399 parit.
472 1332 618 1376 cum
652 1320 864 1376 autem
899 1321 1009 1376 aut
1042 1311 1228 1397 plura
1264 1311 1697 1398 significantur
1730 1311 1964 1422 scripto
1997 1324 2256 1401 propter
2281 1338 2360 1379 108

200 1405 378 1470 verbi
414 1413 525 1468 aut
557 1404 896 1470 verborum
930 1403 1442 1490 ambiguitatem,
1494 1416 1566 1469 ut
1598 1405 1786 1471 liceat
1819 1406 1909 1485 ei,
1963 1406 2073 1490 qui
2107 1428 2258 1472 con-

200 1509 300 1562 tra
343 1496 542 1576 dicat,
594 1518 674 1563 eo
716 1497 966 1562 trahere
1020 1497 1238 1582 scripti
1291 1497 1844 1584 significationem,
1897 1520 2020 1583 quo
2065 1523 2258 1586 expe-

198 1589 337 1655 diat
368 1611 445 1654 ac
497 1589 677 1668 velit3
732 1600 868 1669 aut,
924 1590 981 1656 si
1008 1589 1329 1676 ambigue
1382 1591 1686 1679 scriptum
1734 1616 1862 1658 non
1918 1593 2028 1670 sit,
2081 1594 2186 1657 vel
2220 1617 2259 1658 a

202 1681 417 1748 verbis
457 1683 851 1749 voluntatem
894 1694 962 1749 et
1003 1685 1382 1750 sententiam
1435 1685 1756 1770 scriptoris
1809 1685 2120 1750 abducere
2155 1685 2259 1750 vel

201 1775 325 1842 alio
380 1798 452 1842 se
505 1777 731 1842 eadem
782 1778 863 1842 de
912 1800 985 1842 re
1037 1778 1348 1843 contrarie
1403 1778 1638 1864 scripto
1691 1777 2059 1856 defendere,
2121 1789 2253 1844 tum

202 1869 575 1956 disceptatio
611 1892 695 1936 ex
728 1870 948 1956 scripti
982 1871 1383 1936 contentione
1420 1871 1694 1948 exsistit,
1738 1880 1811 1937 ut
1842 1871 1911 1935 in
1943 1870 2258 1957 ambiguis

200 1962 589 2047 disceptetur
640 1962 795 2046 quid
843 1963 1121 2030 maxime
1174 1963 1590 2050 significetur,
1643 1963 1712 2028 in
1755 1963 1972 2050 scripti
2005 1974 2258 2029 senten-

202 2055 452 2139 tiaeque
488 2057 889 2124 contentione
921 2067 1135 2125 utrum
1168 2057 1379 2144 potius
1414 2057 1606 2122 iudex
1643 2068 1970 2142 sequatur,
2005 2055 2074 2122 in
2109 2077 2260 2122 con-

203 2148 411 2214 trariis
448 2149 700 2236 scriptis
726 2161 940 2216 utrum
964 2149 1183 2258 magis·
1208 2150 1293 2219 sit
1316 2151 1872 2236 comprobandum.
1945 2149 2258 2238 discepta-
2285 2174 2362 2216 109

204 2241 291 2306 tio
352 2253 565 2308 autem
626 2265 770 2311 cum
823 2255 925 2311 est
983 2243 1351 2325 constituta,
1411 2245 1806 2353 propositum
1867 2267 2008 2313 esse
2067 2245 2260 2313 debet

200 2335 462 2413 oratori,
534 2358 660 2419 quo
723 2360 944 2404 omnes
1008 2340 1586 2425 argumentationes
1655 2342 1958 2428 repetitae
2021 2364 2104 2407 ex
2161 2340 2258 2405 in-

203 2428 496 2493 veniendi
544 2430 704 2495 locis
757 2431 1129 2511 coiciantur3
1182 2432 1357 2516 quod
1409 2453 1790 2517 quamquam
1826 2434 1980 2500 satis
2035 2443 2134 2498 est
2177 2436 2257 2511 ei,

202 2522 313 2605 qui
369 2522 543 2587 videt
596 2523 748 2607 quid
806 2524 875 2589 in
926 2545 1179 2611 quoque
1238 2526 1381 2591 loco
1432 2525 1628 2593 lateat
1687 2526 1920 2610 quique
1969 2525 2111 2592 illos
2164 2526 2261 2591 lo-

203 2638 313 2681 cos
369 2626 693 2699 tamquam
747 2617 1083 2685 thesauros
1140 2619 1385 2703 aliquos
1441 2630 1956 2706 argumentorum
2005 2628 2260 2685 notatos

202 2709 425 2787 habet,
470 2721 685 2775 tamen
720 2732 825 2790 ea,
880 2732 1043 2796 quae
1088 2724 1239 2779 sunt
1271 2723 1584 2780 certarum
1618 2734 1950 2778 causarum
1983 2712 2257 2799 propria,

202 2814 559 2889 tangemus.

322 2895 406 2959 In
440 2896 805 2962 coniectura
836 2896 1050 2983 igitur,
1090 2919 1233 2965 cum
1268 2908 1369 2965 est
1401 2899 1470 2964 in
1502 2897 1829 2965 infitiando
1861 2920 2039 2977 reus,
2077 2919 2261 2965 accu-
2295 2892 2365 2947 32

202 2989 401 3055 satori
434 2990 595 3055 haec
628 2990 835 3077 prima
870 2991 997 3057 duo
1034 3002 1183 3055 sunt
1208 3028 1297 3043 --
1324 2994 1442 3057 sed
1476 3002 1906 3057 accusatorem
1937 3014 2054 3101 pro
2091 2965 2309 3057 omni1

204 3092 417 3149 actore
453 3094 517 3149 et
549 3084 819 3171 petitore
854 3085 1135 3172 appell03
1170 3096 1444 3173 possunt
1476 3084 1645 3154 enim
1679 3085 1872 3151 etiam
1905 3086 2042 3150 sine
2077 3105 2262 3150 accu-

204 3177 450 3242 satione
502 3177 571 3241 in
625 3177 837 3245 causis
898 3178 1061 3243 haec
1122 3179 1347 3245 eadem
1411 3178 1978 3246 controversiarum
2029 3199 2264 3263 genera

206 3270 447 3333 versari
478 3305 569 3319 --
604 3271 719 3337 sed
756 3272 915 3337 haec
950 3272 1077 3337 duo
1112 3283 1261 3337 sunt
1296 3272 1355 3336 ei
1386 3273 1612 3359 prima,
1648 3293 1843 3338 causa
1877 3282 1943 3337 et
1976 3282 2260 3337 eventus.

204 3386 467 3431 causam
520 3366 773 3452 appello
824 3368 1136 3433 rationem
1188 3367 1532 3446 efficiendi,
1595 3376 1893 3433 eventum
1942 3365 2038 3444 id,
2093 3366 2265 3450 quod

208 3470 309 3525 est
342 3459 673 3537 effectum3
726 3470 917 3544 atque
952 3461 1095 3547 ipsa
1129 3460 1383 3544 quidem
1419 3461 1674 3547 partitio
1707 3482 2042 3527 causarum
2072 3458 2263 3545 paulo

208 3563 357 3617 ante
416 3552 485 3617 in
544 3552 861 3619 suasionis
918 3553 1079 3620 locis
1140 3554 1476 3622 distributa
1537 3566 1653 3619 est.
1762 3575 1924 3638 quae
1977 3552 2146 3619 enim
2197 3552 2265 3617 in
2297 3573 2376 3615 ιιι

208 3644 472 3711 consilio
509 3645 815 3731 capiendo
871 3646 1067 3713 futuri
1101 3648 1402 3734 temporis
1447 3647 2018 3735 praecipiebantur,
2071 3667 2264 3729 quam

205 3740 292 3805 ob
336 3762 473 3805 rem
507 3750 619 3805 aut
665 3739 1003 3805 utilitatem
1037 3740 1403 3807 viderentur
1456 3741 1748 3807 habitura
1797 3750 1908 3807 aut
1949 3738 2267 3805 efficiendi

208 3832 603 3911 facultatem,
668 3832 923 3911 eadem,
978 3834 1088 3917 qui
1140 3835 1219 3900 de
1272 3833 1444 3901 facto
1495 3833 2061 3919 argumentabitur,
2115 3852 2265 3897 con-

207 3924 407 4009 ligere
459 3924 742 4005 debebit,
816 3947 1010 4009 quam
1048 3928 1157 4001 ,ob
1214 3948 1351 3993 rem
1402 3938 1468 3991 et
1516 3926 1695 3993 utilia
1741 3925 1862 4004 ini,
1925 3946 2114 4011 quem
2163 3946 2264 3989 ar-

206 4027 389 4103 guet,
442 4018 643 4085 fuisse
696 4031 761 4085 et
811 4020 893 4085 ab
943 4042 1023 4087 eo
1068 4020 1236 4085 effici
1294 4020 1578 4107 potuisse
1631 4020 2037 4085 demonstret.
2139 4017 2266 4083 uti-
