2784 4575
91 564 96 631 ”“·
93 536 96 547 ’
94 292 116 500 *Urs-r*—

544 254 669 319 112
1149 264 1225 319 Μ.
1267 264 1540 323 TULLII
1575 262 1978 321 CICERONIS

538 388 637 455 his
672 388 1027 476 praeceptis
1071 388 1237 454 hanc
1270 387 1404 454 vim
1437 398 1504 454 et
1534 388 1700 453 hane
1749 387 2084 453 utilitatem
2119 409 2264 453 esse
2307 388 2610 467 arbitror,

536 505 667 550 non
700 492 773 547 ιιι
806 483 891 547 ad
920 483 1365 569 reperiendum
1399 482 1571 566 quod
1605 483 1910 561 dicamuS,
1947 493 2081 547 arte
2117 481 2442 561 ducamur,
2481 485 2614 551 sed

534 589 609 644 ut
642 598 749 656 ea,
782 598 947 661 quae
978 588 1234 656 natura,
1270 598 1436 662 quae
1473 576 1711 655 studio,
1764 598 1928 661 quae
1963 576 2411 643 exercitatione
2445 598 2614 643 con-

538 672 887 757 sequimur,
940 682 1053 737 aut
1099 680 1275 737 recta
1324 692 1472 739 esse
1523 670 1914 737 confidamus
1951 680 2062 736 aut
2100 693 2302 757 prava
2350 672 2614 739 intelle-

424 794 502 837 233
536 789 793 854 gamus,
856 786 1003 831 cum
1056 787 1183 850 quo
1232 766 1569 833 referenda
1621 765 1750 833 sint
1798 765 2222 831 didicerimus.
2327 787 2458 851 qua
2509 790 2606 847 re,

538 860 811 939 Caesar,
865 882 987 948 ego
1038 881 1290 944 quoque
1336 860 1462 927 hoc
1495 884 1536 927 a
1570 871 1634 927 te
1677 872 1855 947 peto,
1907 870 2007 938 ut,
2061 859 2118 924 si
2159 859 2276 925 tibi
2325 860 2604 941 videtur,

536 957 823 1043 disputes
856 955 939 1021 de
972 955 1095 1021 hoc
1129 966 1261 1021 toto
1294 955 1547 1021 iocandi
1581 978 1815 1043 genere
1849 955 2004 1039 quid
2039 954 2307 1034 sentias,
2349 977 2435 1021 ne
2469 978 2608 1041 qua

534 1051 699 1117 forte
753 1050 1007 1116 dicendi
1064 1072 1243 1147 pars,
1306 1050 1606 1134 quoniam
1662 1049 1754 1115 ita
1813 1048 2129 1127 voluistis,
2191 1047 2260 1115 in
2309 1048 2436 1115 hoc
2483 1050 2604 1115 tali

534 1155 721 1211 coetu
756 1156 945 1229 atque
978 1144 1049 1210 in
1084 1142 1215 1209 tam
1249 1144 1550 1211 adcurato
1603 1165 1896 1211 sermone
1936 1144 2278 1229 praeterita
2321 1166 2466 1211 esse
2503 1145 2604 1210 vi-

535 1238 797 1306 deatur.’
905 1244 1057 1325 ‘ego
1092 1261 1272 1317 vero,
1284 1238 1560 1323 ’inquit
1609 1238 1717 1305 ille
1772 1238 2099 1323 ‘quoniam
2152 1238 2508 1305 conlectam
2562 1263 2605 1305 a

534 1332 823 1412 conviva,
853 1331 1111 1411 Crasse,
1148 1331 1373 1419 exigis,
1410 1354 1542 1399 non
1568 1333 1976 1412 committam,
2003 1344 2094 1410 ut,
2131 1332 2188 1397 si
2216 1332 2599 1421 defugerim,

532 1450 793 1494 causam
844 1428 1121 1512 aliquam
1176 1427 1513 1493 recusandi
1563 1426 1678 1492 tibi
1731 1427 1906 1506 dem,
1970 1447 2354 1511 quamquam
2417 1428 2600 1494 soleo

534 1544 728 1609 saepe
779 1521 996 1587 mirari
1048 1542 1268 1588 eorum
1317 1520 1804 1608 impudentiam,
1870 1520 1978 1605 qui
2029 1533 2230 1607 agunt
2277 1520 2348 1586 in
2401 1543 2604 1589 scena

532 1629 789 1705 gestum
848 1626 1173 1726 spectante
1220 1616 1491 1694 Rosci03
1556 1615 1700 1699 quis
1763 1614 1932 1680 enim
1986 1636 2129 1681 sese
2191 1635 2599 1683 commovere

531 1721 773 1800 potest,
818 1711 997 1778 cuius
1030 1708 1140 1775 ille
1174 1708 1331 1775 vitia
1362 1732 1494 1775 non
1527 1709 1777 1775 videat?
1831 1708 1924 1775 sic
1957 1731 2081 1795 ego
2114 1730 2311 1789 nunc,
2350 1708 2602 1778 Crasso

534 1808 857 1884 audiente,
908 1803 1185 1892 primum
1236 1805 1462 1888 loquar
1505 1804 1586 1871 de
1629 1803 1876 1869 facetiis
1921 1814 1987 1868 et
2028 1804 2270 1870 docebo
2323 1826 2466 1883 sus,
2521 1816 2606 1870 ut

534 1901 738 1978 aiunt,
791 1910 1105 1966 oratorem
1158 1920 1333 1976 eum,
1387 1920 1579 1982 quem
1629 1918 1776 1963 cum
1812 1894 2081 1965 Catulus
2131 1920 2330 1985 nuper
2371 1897 2604 1964 audis-

418 2011 501 2052 234
534 2005 660 2073 set,
712 1994 935 2059 fenum
987 1992 1144 2057 alios
1198 1992 1410 2057 aiebat
1461 2014 1607 2058 esse
1649 1990 1981 2079 oportere?
2071 2002 2207 2057 tum
2238 1990 2406 2056 ille‘
2415 1992 2602 2059 ioca-

531 2085 745 2153 batur’
797 2084 1004 2168 inquit
1061 2091 1081 2122 ‘
1094 2083 1396 2164 Catulus,
1455 2085 1826 2172 praesertim
1879 2106 2025 2151 cum
2075 2086 2168 2151 ita
2209 2085 2378 2151 dicat
2427 2085 2597 2171 ipse,

530 2191 605 2244 ut
665 2179 984 2245 ambrosia
1044 2179 1309 2245 alendus
1370 2202 1516 2245 esse
1574 2180 1882 2245 videatur.
1987 2201 2210 2245 verum
2268 2189 2360 2257 te,
2423 2178 2597 2247 Cae-

534 2295 665 2351 sar,
728 2272 1088 2350 audiamus,
1151 2283 1225 2338 ut
1286 2273 1370 2342 ad
1428 2271 1698 2342 Antonii
1756 2271 2001 2359 reliqua
2061 2272 2439 2341 redeamus!
2529 2287 2598 2342 et

530 2367 853 2435 Antonius
908 2374 1255 2456 ‘perpauca
1316 2369 1574 2454 quidem
1623 2368 1782 2434 mihi
1829 2368 2127 2446 restant,'
2188 2368 2395 2452 inquit
2447 2369 2597 2434 ‘sed

532 2472 747 2528 tamen
808 2462 1101 2530 defessus
1152 2463 1283 2530 iam
1340 2464 1561 2530 labore
1614 2473 1804 2546 atque
1862 2461 2087 2528 itinere
2148 2461 2592 2549 disputationis

530 2580 711 2624 meae
762 2557 1159 2642 requiescam
1208 2558 1277 2623 in
1330 2555 1631 2624 Caesaris
1685 2579 1976 2622 sermone
2029 2556 2212 2640 quasi
2260 2556 2331 2621 in
2378 2556 2592 2640 aliquo

424 2654 497 2709 58
530 2663 1000 2740 peropportuno
1036 2652 1419 2720 deversorio.
1432 2652 1448 2682 ’
1537 2652 1769 2736 ‘atqui'
1819 2651 2025 2736 inquit
2055 2652 2258 2718 Iulius
2304 2658 2463 2718 ‘non
2493 2654 2594 2718 ni·-

528 2747 651 2813 mis
687 2747 948 2814 liberale
982 2747 1329 2835 hospitium
1363 2769 1578 2814 meum
1621 2746 1824 2825 diees3
1875 2769 2026 2812 nam
2059 2757 2124 2814 te
2158 2746 2226 2812 in
2259 2746 2458 2825 viam,
2503 2748 2592 2813 si-

528 2841 740 2906 mulac
770 2843 1151 2929 perpaulum
1183 2841 1460 2929 gustatis
1470 2890 1491 2920 ,
1529 2842 1863 2907 extrudam
1895 2852 1962 2906 et
1994 2840 2238 2908 eiciam.

415 2947 496 2988 2³⁵
652 2936 758 3000 Ac
789 2959 871 3002 ne
908 2935 1143 3002 diutius
1178 2959 1295 3003 vos
1332 2935 1651 3014 demorer,
1687 2936 1770 3002 de
1803 2935 1977 3002 omni
2009 2934 2134 3002 isto
2169 2956 2403 3022 genere
2437 2933 2592 3020 quid

532 3030 803 3096 sentiam
862 3030 1256 3118 perbreviter
1316 3050 1654 3118 exponam.
1761 3031 1842 3096 de
1889 3030 2028 3096 risu
2089 3031 2366 3114 quinque
2417 3041 2590 3108 sunt,

531 3146 695 3207 quae
750 3135 1159 3208 quaerantur:
1220 3147 1450 3204 unum,
1515 3125 1670 3208 quid
1717 3124 1832 3202 sit3
1895 3123 2192 3203 alterum,
2253 3122 2420 3188 unde
2472 3123 2564 3189 sit
2571 3148 2590 3202 ς

530 3217 813 3297 tertium,
876 3219 1040 3284 sitne
1100 3218 1367 3285 oratoris
1439 3218 1640 3284 risum
1701 3217 1866 3284 velle
1925 3239 2212 3297 movere3
2271 3226 2590 3299 quartum,

530 3324 870 3396 quatenus3
907 3312 1215 3397 quintum,
1251 3336 1416 3397 quae
1449 3312 1579 3378 sint
1612 3335 1850 3400 genera
1869 3311 2142 3380 ridiculi.
2211 3322 2396 3397 atque
2428 3309 2592 3377 illud

527 3407 831 3494 primum,
883 3407 1039 3492 quid
1080 3408 1165 3475 sit
1206 3407 1347 3494 ipse
1386 3407 1585 3487 risus,
1640 3429 1766 3492 quo
1809 3418 1998 3494 pacto
2052 3406 2428 3485 concitetur,
2477 3407 2594 3472 ubi

531 3501 641 3580 sit,
704 3523 830 3586 quo
878 3502 1071 3568 modo
1127 3501 1397 3568 exsistat
1445 3513 1636 3587 atque
1685 3502 1778 3569 ita
1824 3513 2087 3589 repente
2139 3513 2455 3588 erumpat,
2516 3513 2590 3568 ut

529 3616 677 3660 eum
728 3594 1053 3681 cupientes
1108 3607 1323 3662 tenere
1372 3619 1795 3682 nequeamus,
1857 3608 1925 3662 et
1975 3619 2102 3682 quo
2151 3595 2346 3662 modo
2397 3595 2588 3661 simul

526 3691 756 3769 latera,
792 3713 896 3770 os,
930 3713 1159 3770 venas,
1196 3692 1445 3772 oculos,
1481 3691 1725 3766 voltum
1758 3702 2046 3778 occupet,
2081 3690 2312 3757 viderit
2342 3690 2587 3756 Demo-

528 3783 751 3864 critus3
802 3806 1010 3869 neque
1044 3786 1215 3852 enim
1250 3786 1333 3852 ad
1373 3786 1546 3852 hunc
1589 3807 1947 3853 sermonem
1989 3785 2113 3852 hoc
2146 3783 2448 3870 pertinet,
2499 3795 2582 3861 et,
2653 3792 2661 3803 “

528 3877 587 3943 si
634 3878 1004 3966 pertineret,
1056 3879 1302 3946 nescire
1352 3901 1458 3946 me
1510 3891 1725 3947 tamen
1773 3880 1842 3946 id
1881 3903 2013 3946 non
2062 3879 2363 3966 puderet,
2415 3879 2584 3961 quod
2670 3897 2672 3902 ·

416 3995 495 4036 sse
528 3995 611 4036 ne
660 3972 755 4038 illi
806 3973 1061 4057 quidem
1116 3975 1377 4054 scirent,
1433 3973 1544 4060 qui
1592 3975 2058 4062 pollicerentur.
2142 3974 2324 4040 locus
2371 3983 2582 4038 autem

530 4075 599 4138 et.
634 4065 811 4150 regio
856 4069 1041 4151 quasi
1090 4068 1340 4134 ridiculi
1374 4105 1463 4118 ·--
1496 4093 1648 4136 nam
1689 4069 1758 4135 id
1808 4068 2096 4156 proxime
2141 4066 2464 4153 quaeritur
2494 4099 2578 4114 -··
