2784 4575
739 228 847 283 AD
886 226 946 282 C.
981 225 1450 283 HERENNIUM
1484 226 1559 281 11.
1594 225 1839 280 40—43.
2220 211 2311 289 33

262 354 405 439 quis
443 352 611 417 dicat
641 350 934 415 iniuriam
969 372 1112 415 esse
1153 348 1421 427 nullam,
1465 348 1589 415 nisi
1635 369 1796 431 quae
1832 369 1913 413 ex
1954 346 2313 434 pulsatione

259 460 374 513 'aut
409 445 680 513 convitio
717 454 991 522 constet3
1027 443 1320 529 volgares
1359 453 1535 519 sunt,
1572 464 1733 549 quae
1768 441 1965 505 nihilo
2000 443 2207 507 minus
2241 444 2312 507 in

265 540 452 606 aliam
475 561 612 605 rem
637 536 964 603 transferri
988 548 1276 623 possunt,
1311 546 1384 600 ut
1414 535 1469 599 si
1502 533 1643 617 quis
1672 534 1865 599 dieat:
1904 535 2315 643 ‘quadrupla-

263 646 388 712 tor,
434 643 506 697 ut
547 632 824 698 breviter
871 629 1171 707 scribam,
1217 628 1505 715 capitalis
1554 638 1680 705 est3
1726 638 1825 693 est
1868 628 2037 692 enim
2078 628 2313 715 impro-

259 729 382 793 bus
429 737 494 792 et
533 725 802 813 pestifer
843 724 1040 792 civis?
1127 722 1517 788 nam.·nil1ilo
1562 722 1767 809 magis
1805 723 2310 808 quadruplatoris

261 844 454 932 quam
498 821 688 898 fims,
747 840 937 904 quam
983 817 1190 883 sicarii
1233 828 1346 882 aut
1387 816 1727 903 proditoris
1770 816 2049 881 attulerit
2090 817 2313 881 defini-

259 917 518 982 tionem.
605 914 763 980 item
795 914 1094 980 vitiosum
1129 923 1230 979 est
1259 931 1376 999 pro
1414 922 1787 999 argumento
1822 934 2106 989 sumere,
2142 911 2313 995 quod

261 1011 329 1074 in
363 1008 806 1094 disquisitione
838 1006 1118 1093 positum
1153 1016 1270 1083 est,
1297 1016 1379 1069 ut
1414 1006 1469 1069 si
1502 1005 1646 1089 quis
1673 1028 1866 1089 quem
1900 1004 2053 1071 furti
2088 1016 2313 1091 arguat

263 1114 328 1167 et
359 1104 450 1167 ita
484 1103 670 1180 dicat,
709 1120 855 1167 eum
889 1124 1032 1167 esse
1057 1100 1380 1167 hominem
1413 1099 1789 1186 improbum,
1829 1123 2107 1179 avarum,
2128 1100 2315 1165 ..frau-

262 1196 619 1275 dulentum3
681 1196 741 1261 ei
793 1196 886 1261 rei
947 1196 1376 1261 testimonium
1424 1218 1600 1273 esse,
1664 1195 1836 1279 quod
1896 1195 2019 1261 sihi
2076 1196 2315 1261 furtum

260 1290 500 1355 fecerit.
605 1290 760 1355 item
810 1289 1108 1353 vitiosum
1171 1300 1270 1353 est
1328 1288 1825 1354 controversiam
1884 1292 2316 1357 controversia

262 1384 642 1460 dissolvere,
695 1382 818 1447 hoc
868 1383 1086 1447 modo·
1151 1388 1308 1447 ‘non
1360 1382 1683 1459 convenit,
1746 1403 2069 1463 censores,
2121 1384 2317 1451 istum

261 1476 444 1541 vobis
483 1477 636 1540 satis
683 1477 922 1553 facere,
979 1476 1150 1559 quod
1193 1476 1283 1540 ait
1327 1498 1398 1540 se
1438 1498 1571 1540 non
1612 1476 1899 1583 potuisse
1941 1478 2171 1545 adesse
2198 1481 2313 1559 ita,

261 1580 334 1632 ut
373 1569 616 1633 iuratus
662 1568 869 1633 fuerit.
961 1567 1148 1651 quid?
1203 1568 1257 1631 si
1299 1567 1384 1631 ad
1430 1568 1781 1633 exercitum
1830 1590 1961 1633 nen
2012 1573 2313 1648 venisset,

261 1661 514 1727 idemne
551 1662 803 1727 tribuno
847 1660 1118 1725 militum
1161 1660 1461 1725 diceret?
1516 1660 1641 1726 hoe
1683 1661 1827 1727 ideo
1860 1661 2161 1727 vitiosum
2188 1676 2313 1742 est,

263 1756 412 1839 quia
453 1772 584 1820 non
636 1754 934 1842 expedita
975 1765 1086 1819 aut
1118 1754 1405 1819 iudicata
1447 1777 1587 1831 res,
1626 1754 1756 1819 sed
1794 1754 2101 1840 impedita
2142 1766 2209 1821 et
2246 1758 2316 1821 in

264 1850 453 1914 simili
499 1849 929 1915 controversia
978 1848 1189 1936 posita
1241 1848 1515 1936 exempli
1554 1848 1697 1914 loco
1739 1848 2074 1934 profertur.
2160 1850 2315 1915 item

262 1943 562 2010 vitiosum
614 1953 739 2022 est,
796 1964 941 2008 oum
985 1944 1080 2021 id,
1136 1945 1214 2009 de
1261 1964 1386 2027 quo
1433 1964 1681 2008 summa
1724 1943 2153 2009 controversia
2194 1956 2314 2022 est,

261 2060 486 2125 parum
519 2038 851 2125 expeditur
887 2048 969 2115 et,
1006 2038 1188 2122 quasi
1213 2048 1602 2103 transactum
1630 2038 1730 2115 sit,
1764 2036 2157 2123 relinquitur,
2194 2038 2316 2103 hoc

263 2133 482 2198 modo:

391 2238 605 2312 aperte
641 2226 810 2292 fatur
845 2226 1063 2306 distic,
1101 2227 1159 2293 si
1191 2226 1555 2314 intellegas:

391 2321 503 2384 tali
540 2321 676 2384 dari
711 2337 913 2400 arma,
950 2322 1184 2406 qualis,
1222 2322 1331 2406 qui
1366 2321 1597 2408 gessit,
1635 2322 1774 2400 fuit,

263 2491 273 2496 ..
365 2408 592 2491 iubet,
629 2414 819 2501 potiri
853 2415 910 2480 si
946 2417 1314 2480 studeamus
1347 2416 1767 2502 Pergamum:
1844 2451 1859 2461 -

383 2531 571 2592 quem
607 2531 727 2594 ego
760 2531 865 2574 me
899 2509 1198 2594 profiteor
1230 2531 1405 2574 esse:
1438 2531 1545 2574 me
1582 2520 1681 2574 est
1715 2531 1987 2592 aequum
2021 2508 2146 2572 frui

390 2601 685 2665 fraternis
725 2603 915 2666 armis
951 2601 1232 2684 mihique
1259 2602 1703 2678 adiudicarier,

391 2693 493 2778 vel
523 2693 700 2776 ‘quod
732 2695 1154 2780 propinquus,
1193 2695 1295 2759 -vel
1333 2695 1503 2778 quod
1537 2695 1769 2758 virtute
1806 2693 2091 2758 aemulus

391 2806 535 2852 sum
573 2834 588 2852 .
628 2835 645 2852 .
683 2835 699 2852 .
741 2836 757 2852 .

261 2883 413 2948 item
449 2881 747 2946 vitiosum
791 2891 915 2960 est,
958 2881 1170 2969 ipsum
1212 2881 1336 2947 sibi
1363 2881 1446 2946 ‘in
1492 2903 1609 2946 sua
1651 2879 1932 2945 oratione
1980 2879 2315 2945 dissentire

263 2987 326 3042 et
361 2987 580 3041 contra
615 2986 803 3059 atque
841 2986 986 3041 ante
1023 2975 1280 3053 dixerit,
1316 2975 1555 3053 dicere,
1592 2975 1713 3039 hoo
1748 2975 1969 3041 modo:

390 3090 518 3155 qua
561 3093 754 3136 eausa
787 3091 1082 3137 accusem
1115 3071 1322 3136 hunc?

262 3176 397 3231 tum
429 3165 497 3229 id
541 3165 901 3251 exputando
939 3166 1259 3232 evolvere:

388 3281 538 3323 nam
574 3259 628 3324 si
663 3270 942 3337 veretur,
980 3261 1133 3344 quid
1168 3282 1313 3325 eum
1349 3280 1641 3336 accuses,
1680 3257 1788 3341 qui
1819 3268 1922 3322 est
1952 3257 2228 3342 probus?

393 3352 491 3416 sin
525 3352 1020 3418 inverecundum
1059 3353 1251 3418 animi
1286 3352 1613 3440 ingenium
1644 3349 1953 3438 possidet,

392 3445 544 3529 quid
579 3456 790 3511 autem
825 3469 1115 3525 accuses,
1154 3447 1262 3531 qui
1295 3447 1364 3510 id
1396 3445 1578 3532 parvi
1614 3445 1897 3510 auditum
1932 3445 2280 3510 aestumet?

2357 1870 2409 1909 42

196 3575 200 3580 -
262 3562 391 3605 non
424 3538 826 3605 incommoda
857 3541 1102 3606 ratione
1152 3541 1402 3606 videtur
1446 3537 1568 3604 sibi
1620 3538 2003 3615 ostendisse,
2069 3559 2195 3620 qua
2241 3559 2310 3602 re
2351 3549 2419 3602 2⁷

261 3655 390 3699 non
428 3643 773 3699 accusaret.
863 3635 1014 3716 quid
1047 3635 1309 3720 postea?
1345 3632 1499 3716 quid
1536 3631 1661 3697 ait?
1692 3663 1783 3680 ...-

387 3747 558 3792 nuno
594 3749 714 3814 ego
751 3736 815 3791 te
851 3728 931 3792 ab
969 3749 1215 3793 summo
1250 3727 1380 3792 iam
1416 3727 1729 3791 detexam
1744 3723 2024 3789 exordio·

263 3821 414 3886 item
448 3821 749 3888 vitiosum
785 3832 910 3899 est,
949 3822 1120 3904 quod
1154 3807 1380 3886 dicitur
1416 3831 1635 3886 contra
1668 3817 1891 3882 iudicis
1929 3815 2317 3881 voluntatem
2360 3835 2411 3874 43

266 3926 374 3979 aut
409 3936 647 3994 eorum,
685 3915 794 4000 qui
831 3915 1112 3992 audiunt,
1151 3915 1206 3980 si
1241 3926 1352 3980 aut
1382 3923 1618 4000 partes,
1656 3911 1885 3995 quibus
1920 3909 2011 3974 illi
2040 3909 2311 3986 student,

267 4017 376 4072 aut
407 4009 724 4088 homines,
773 4033 932 4096 quos
977 4009 1068 4072 illi
1112 4031 1293 4075 caros
1338 4009 1603 4085 habent,
1649 4005 2007 4082 laedantur,
2054 4013 2160 4068 aut
2184 4001 2319 4067 ah-

373 4108 597 4154 Ciceronis
614 4112 698 4156 vol.
720 4110 758 4154 1.
1944 4108 1975 4158 3
