2784 4575
677 295 786 351 Du
819 292 1306 353 INVENTIONE
1340 292 1417 347 Π.
1454 291 1761 348 172—178.
2124 274 2252 346 20⁷

195 444 324 507 qua
355 419 424 485 in
455 440 527 485 re
561 419 666 485 vel
694 416 1052 484 concedere.
1072 414 1252 487 alteri
1285 416 1390 481 vel
1427 415 1511 481 ad
1544 414 1969 483 conditionem
1996 413 2252 481 alterius

193 523 582 590 descendere
611 522 713 587 vel
738 520 805 585 in
829 518 1192 607 praesentia
1219 518 1545 603 quiescere
1573 527 1761 601 atque
1797 517 1970 582 aliud
2004 527 2253 604 tempus

193 635 565 713 exspectare
627 623 969 712 oportebit,
1039 622 1232 690 modo
1293 620 1453 687 illud
1522 620 1909 698 attendatur,
1978 619 2255 707 dignane
2281 640 2361 684 1⁷5

195 750 394 795 causa
425 727 714 793 videatur
747 750 852 805 ea,
909 748 1070 811 quae
1106 726 1189 791 ad
1231 723 1565 791 utilitatem
1608 722 1974 809 pertinebit,
2028 742 2155 806 qua
2185 744 2256 788 re

195 832 278 898 de
329 830 805 919 magnificentia
857 840 968 896 aut
1019 830 1098 895 de
1151 830 1486 897 honestate
1538 826 1843 911 quiddam
1896 827 2255 913 derogetur.

197 946 386 1020 atque
419 936 488 1001 in
521 936 646 1003 hoc
677 934 820 1002 loco
855 933 1012 999 mihi
1048 944 1240 1019 caput
1270 932 1431 999 illud
1464 930 1715 997 videtur
1748 954 1922 1009 esse,
1958 940 2045 995 ut·
2066 952 2258 1014 quae-

193 1060 443 1116 ramus,
489 1038 643 1121 quid
680 1036 764 1102 sit
795 1036 980 1115 illud,
1030 1037 1202 1120 quod
1238 1036 1295 1102 si
1339 1033 1606 1121 adipisci
1642 1044 1752 1099 aut
1784 1032 2067 1121 effugere
2102 1033 2259 1099 veli·-

194 1164 369 1218 muS,
425 1140 638 1225 aliqua
677 1164 782 1207 res
835 1140 1020 1207 nobis
1058 1141 1142 1206 sit
1183 1139 1573 1215 necessaria,
1627 1138 1750 1205 hoc
1796 1149 1921 1217 est,
1976 1160 2139 1223 quae
2176 1138 2261 1203 sit

197 1243 546 1323 adiunctio,
599 1253 670 1307 ut
702 1243 996 1330 proinde,
1051 1242 1146 1308 uti
1191 1264 1476 1327 quaeque
1518 1262 1622 1305 res
1650 1240 1806 1329 ⁴erit,
1860 1242 2257 1309 elaboremus

198 1357 265 1411 et
299 1346 744 1432 gravissimam
777 1368 1093 1432 quamque
1138 1368 1397 1411 causam
1441 1343 1993 1413 vehementissime
2036 1366 2259 1412 neces·-

198 1449 433 1515 sariam
465 1448 839 1514 iudicemus.

327 1550 630 1615 Adfectio
668 1560 768 1615 est
801 1550 1115 1633 quaedam
1150 1573 1232 1615 ex
1275 1561 1557 1636 tempore
1595 1560 1704 1614 aut
1746 1572 1827 1615 ex
1860 1550 2259 1637 negotiorum
2284 1564 2363 1607 1⁷6

198 1664 433 1720 eventu
477 1663 587 1719 aut
631 1651 1174 1718 administratione
1211 1664 1319 1718 aut
1351 1651 1681 1717 hominum
1724 1652 1932 1718 studio
1978 1674 2261 1718 commu-

195 1756 353 1822 tatio
407 1778 647 1834 rerum,
700 1766 775 1821 ut
824 1778 955 1820 non
992 1754 1180 1834 tales,
1236 1756 1455 1840 quales
1502 1766 1647 1821 ante
1699 1754 1953 1820 habitae
1991 1754 2118 1819 sint
2154 1766 2263 1819 aut

195 1860 569 1948 plerumque
605 1857 828 1925 haberi
872 1858 1145 1937 soleant,
1199 1857 1531 1925 habendae
1576 1859 1909 1924 videantur
1944 1880 2116 1935 esse3
2170 1868 2259 1934 ut,

198 1964 283 2027 ad
315 1962 517 2029 hostis
555 1962 823 2029 transire
869 1972 1052 2047 turpe
1098 1960 1348 2028 videtur
1391 1984 1566 2041 esse,
1622 1972 1686 2027 at
1719 1984 1848 2027 non
1882 1960 1991 2029 illo
2028 1958 2259 2037 anime,

197 2086 324 2148 quo
358 2064 588 2132 Ulixes
627 2063 901 2143 transiit3
950 2075 1015 2129 et
1045 2064 1382 2151 pecuniam
1417 2065 1486 2130 in
1519 2088 1693 2130 mare
1730 2063 1977 2129 deicere
2019 2062 2261 2141 inutile,

197 2177 268 2231 at
298 2188 427 2231 non
462 2190 538 2232 eo
576 2167 869 2244 consilio,
919 2188 1042 2249 quo
1079 2154 1452 2254 Aristippus
1501 2167 1654 2233 fecit
1662 2192 1683 2246 3
1732 2176 1879 2233 sunt
1920 2165 2115 2252 igitur
2155 2187 2261 2231 res

199 2267 513 2352 quaedam
547 2291 630 2334 ex
670 2280 957 2356 tempore
993 2278 1059 2334 et
1093 2293 1174 2335 ex
1219 2269 1515 2348 consilio,
1569 2294 1699 2336 non
1743 2293 1824 2336 ex
1869 2293 1987 2335 sua
2035 2279 2265 2334 natura

199 2368 727 2448 considerandae3
774 2370 1004 2455 quibus
1039 2371 1108 2436 in
1142 2374 1466 2451 omnibus,
1522 2373 1674 2456 quid
1718 2383 2004 2460 tempora
2042 2381 2265 2460 petant

203 2482 316 2537 aut
352 2472 504 2556 quid
535 2473 828 2559 personis
873 2473 1140 2560 dignum
1182 2475 1292 2554 sit,
1338 2475 1869 2541 considerandum
1904 2486 2006 2540 est
2038 2485 2103 2538 et
2134 2497 2267 2540 non

201 2574 385 2658 quid,
449 2575 564 2640 sed
617 2596 742 2658 quo
795 2574 1072 2659 quidque
1127 2577 1366 2654 animo,
1432 2577 1713 2660 quicum,
1781 2598 1906 2659 quo
1960 2587 2264 2661 tempore,

201 2698 397 2760 quam
433 2675 540 2740 diu
574 2676 714 2753 fiat,
754 2676 1208 2742 attendendum
1244 2689 1360 2744 est.
1427 2679 1528 2743 his
1565 2701 1646 2744 ex
1678 2679 1965 2764 partibus
2004 2678 2086 2742 ad
2122 2699 2267 2742 sen-

201 2777 468 2844 tentiam
503 2777 838 2842 dicendam
871 2777 1048 2842 locos
1087 2780 1253 2844 sumi
1288 2792 1581 2867 oportere
1618 2780 2013 2845 arbitramur.

324 2880 589 2946 Laudes
627 2890 839 2947 autem
874 2891 939 2945 et
973 2879 1467 2966 vituperationes
1495 2906 1577 2948 ex
1603 2883 1695 2948 eis
1730 2882 1889 2948 locis
1920 2892 2265 2962 sumentur,
2294 2858 2370 2974 1572

202 2977 322 3068 qui‘
347 2982 472 3048 loci
513 2983 806 3070 personis
853 2993 1004 3049 sunt
1049 2982 1360 3063 attributi,
1417 2985 1497 3051 de
1542 2986 1773 3071 quibus
1828 2995 1976 3053 ante
2029 2985 2267 3051 dictum

203 3096 304 3151 est
311 3111 332 3165 3
380 3085 479 3151 sin
516 3086 910 3153 distributius
967 3097 1236 3152 tractare
1281 3087 1390 3173 qui
1435 3089 1633 3168 volet,
1686 3087 1996 3176 partiatur
2029 3089 2098 3154 in
2134 3088 2269 3154 ani-

201 3211 380 3254 mum
415 3200 480 3256 et
514 3211 744 3277 corpus
782 3201 846 3256 et
881 3189 1188 3256 extrarias
1223 3213 1328 3256 res
1361 3191 1599 3258 licebit.
1680 3192 1875 3258 animi
1909 3204 2010 3259 est
2042 3193 2265 3271 virtus,

203 3291 385 3355 cuius
413 3292 494 3356 de
520 3292 804 3377 partibus
823 3294 1014 3379 paulo
1043 3304 1188 3359 ante
1217 3293 1457 3361 dictum
1483 3309 1582 3362 est
1590 3321 1610 3374 3
1641 3295 1922 3382 corporis
1948 3294 2267 3373 valetud0,

207 3391 514 3476 dignitas,
553 3393 749 3472 vires,
786 3393 1119 3474 velocitas3
1169 3397 1481 3464 extrariae
1524 3399 1761 3476 honos,
1818 3399 2117 3486 pecunia,
2156 3398 2269 3464 ad-

205 3492 439 3570 finitas,
468 3515 693 3577 genus,
721 3495 924 3574 amici,
954 3498 1177 3583 patria,
1213 3500 1499 3586 potentia
1524 3512 1589 3566 et
1616 3512 1845 3578 cetera,
1884 3522 2047 3585 quae
2080 3498 2270 3564 simili

207 3619 355 3662 esse
389 3595 459 3659 in
492 3618 726 3681 genere
752 3597 1218 3686 intellegentur.
1264 3613 1455 3687 atque
1488 3603 1556 3669 in
1580 3603 1681 3669 his
1716 3603 1805 3682 id,
1842 3603 2014 3687 quod
2038 3601 2107 3666 in
2134 3623 2270 3668 om-

203 3700 342 3778 nia,
397 3697 610 3764 valere
654 3700 995 3784 oportebit3
1051 3705 1366 3770 contraria
1410 3697 1689 3791 quoque,
1745 3727 1907 3790 quae
1950 3715 2015 3771 et
2060 3705 2271 3789 qualia

210 3804 357 3881 sint,
393 3802 860 3891 intellegentur.
947 3805 1164 3872 videre
1201 3819 1414 3874 autem
1445 3809 1513 3875 in
1548 3811 1868 3899 laudando
1905 3819 1968 3874 et
2001 3808 2070 3872 in
2105 3807 2269 3874 vitu·
2294 3832 2372 3875 1⁷8

208 3907 494 3993 perando
530 3907 846 3995 oportebit
896 3932 1028 3976 non
1063 3921 1222 3990 tam,
1277 3935 1441 3998 quae
1485 3913 1554 3978 in
1606 3935 1871 4000 corpore
1915 3923 2025 3978 aut
2055 3911 2125 3976 in
2158 3935 2271 3978 ex-

209 4008 418 4074 trariis
453 4012 644 4078 rebus
680 4012 974 4079 habuerit
1003 4013 1082 4094 is,
1121 4015 1201 4080 de
1237 4037 1364 4100 quo
1400 4025 1653 4102 agetur,
1692 4037 1883 4100 quam
1920 4038 2045 4101 quo
2079 4027 2267 4103 pacto
