2784 4575
909 192 1223 304 BRUTUS
1257 243 1571 302 203—211.
2138 233 2271 304 243

189 368 630 437 oratiunculas
669 367 962 434 voluisse
1007 365 1357 433 existimari
1408 389 1581 434 suas.
1668 365 1769 432 his
1806 367 2057 434 duobus
2104 368 2271 436 eius-
2304 385 2378 442 57

189 467 354 530 dem
389 461 616 530 aetatis
651 461 1184 528 adnumerabatur
1216 482 1407 526 nemo
1442 461 1684 540 tertius,
1722 461 1839 526 sed
1873 461 2031 526 mihi
2061 462 2276 549 place-

193 559 317 632 bat
347 553 742 643 Pomponius
776 553 1052 620 maxime
1088 553 1220 632 vel,
1276 552 1513 631 dicam,
1566 552 1826 620 minime
1878 553 2275 642 displicebat.

197 651 385 717 locus
423 659 562 714 erat
594 647 852 716 omnino
885 647 954 712 in
987 646 1282 712 maximis
1317 647 1529 712 causis
1563 658 1836 736 praeter
1850 670 1985 727 eos,
2022 648 2102 714 de
2138 651 2277 734 qui·-

200 746 334 810 bus
387 766 584 830 supra
633 742 794 820 dixi,
846 765 1112 808 nemim
1092 789 1113 821 ,
1165 752 1505 829 propterea
1546 741 1719 826 quod
1760 742 2113 823 Antonius,
2166 745 2279 828 qui

197 837 489 906 maxime
542 837 986 924 expetebatur,
1039 836 1246 902 facilis
1296 834 1365 900 in
1417 835 1629 902 causis
1680 836 2059 924 recipiendis
2112 848 2248 904 erat
2255 863 2275 917 3

203 930 602 998 fastidiosior
654 927 964 1008 Crassus,
1018 930 1135 995 sed
1187 940 1421 994 tamen
1450 929 1827 1018 recipiebat:
1889 931 2117 996 horum
2169 932 2278 1016 qui

200 1036 509 1091 neutrum
541 1024 850 1102 habebat,
905 1023 1316 1110 confugiebat
1349 1023 1435 1088 ad
1466 1023 1837 1110 Philippum
1872 1025 2007 1090 fere
2052 1035 2162 1090 aut
2196 1026 2280 1090 ad

204 1119 592 1196 Caesarem3
620 1119 656 1154 ⁴*
687 1117 880 1185 Cotta
913 1128 980 1184 et
1010 1116 1332 1204 Sulpicius
1369 1119 1847 1204 expetebantur.
1934 1120 2025 1185 ita
2059 1120 2141 1185 ab
2176 1119 2277 1184 his

202 1237 332 1280 sex
357 1211 642 1300 patronis
671 1233 904 1278 causae
929 1210 1230 1278 inlustres
1259 1211 1612 1298 agebantur
1620 1237 1640 1291 3
1676 1234 1885 1296 neque
1912 1223 2044 1278 tam
2076 1213 2279 1278 multa

205 1330 408 1392 quam
465 1317 686 1372 nostra
747 1315 952 1372 aetate
1006 1305 1240 1370 iudicia
1298 1306 1569 1384 fiebant,
1631 1327 1840 1390 neque
1892 1305 2043 1384 hoc,
2108 1307 2281 1391 quod

206 1422 384 1471 nune
435 1401 536 1479 fit,
589 1410 662 1464 ut
712 1421 944 1464 causae
999 1399 1289 1487 singulae
1343 1399 1835 1465 defenderentur
1880 1423 1919 1465 a
1958 1400 2245 1487 pluribus
2256 1426 2277 1478 ;

207 1517 342 1578 quo
375 1493 534 1560 nihil
569 1504 669 1560 est
712 1492 1032 1560 vitiosius:
1084 1493 1545 1580 respondemus
1584 1493 1705 1572 eis,
1743 1516 1901 1578 quos
1936 1519 2067 1561 non
2102 1495 2281 1560 audi-
2312 1516 2393 1558 eos

201 1587 452 1667 ,νίιιιιιες
506 1587 578 1652 in
611 1610 738 1673 quo
771 1587 1046 1674 primum
1081 1610 1272 1674 saepe
1309 1587 1491 1652 aliter
1526 1598 1627 1653 est
1660 1587 1927 1666 dictum,
1982 1589 2163 1654 aliter
2196 1589 2282 1654 ad

205 1707 336 1750 ,nos
387 1683 689 1762 relatum3
753 1682 982 1748 deinde
1035 1681 1256 1769 magni
1303 1681 1570 1748 interest
1622 1703 1837 1747 coram
1888 1681 2103 1747 videre
2154 1704 2278 1759 me,

207 1799 407 1862 quem
439 1776 544 1842 jad
593 1777 855 1842 modum
909 1776 1312 1842 adversarius
1365 1777 1446 1842 de
1500 1797 1751 1861 quaque
1802 1798 1873 1840 re
1926 1775 2278 1852 adseveret,
2366 1839 2373 1844 .

204 1870 504 1942 maximi.
530 1881 772 1948 autem,
824 1891 1016 1955 quem
1059 1869 1144 1934 ad
1183 1870 1447 1935 modum
1490 1891 1778 1954 quaeque
1818 1891 1923 1935 res
1960 1867 2279 1946 audiatur3

211 1967 336 2032 sed
377 1965 538 2032 nihil
593 1965 878 2031 vitiosius
926 1987 1152 2048 squam,
1189 1984 1338 2028 cum
1369 1986 1570 2029 unum
1606 1985 1835 2052 corpus
1872 1964 2103 2030 debeat
2135 1985 2279 2036 esse

209 2058 639 2138 defensionis,
691 2059 872 2126 nasci
906 2060 986 2124 de
1021 2059 1272 2144 integro
1316 2067 1605 2135 causam,
1658 2079 1805 2122 cum
1840 2056 1925 2122 sit
1966 2058 2047 2122 ab
2082 2057 2280 2122 altero

207 2164 541 2240 perorataz
603 2153 888 2220 omnium
947 2152 1118 2224 enim
1179 2173 1516 2218 causarum
1574 2173 1775 2216 unum
1836 2162 1937 2218 est
1994 2151 2281 2217 naturale
2316 2171 2395 2212 209

204 2247 626 2335 principium,
661 2269 790 2314 una
823 2247 1169 2335 peroratio;
1213 2245 1495 2332 reliquae
1528 2255 1745 2334 partes
1780 2245 1964 2331 quasi
1997 2245 2285 2313 membra

211 2364 341 2407 <suo
401 2362 691 2425 quaeque
749 2340 892 2407 loco
951 2341 1164 2407 locata
1221 2363 1407 2407 suam
1470 2351 1537 2406 et
1596 2340 1727 2405 vim
1786 2350 1853 2405 et
1910 2340 2285 2427 dignitatem

221 2445 469 2513 tenent3
515 2456 661 2501 cum
695 2444 908 2499 autem
944 2434 1202 2499 difficile
1239 2434 1325 2499 sit
1355 2433 1425 2499 in
1456 2433 1655 2519 longa
1688 2434 1970 2499 oratione
2004 2456 2135 2499 non
2170 2432 2286 2499 ali-

211 2529 480 2613 quando
529 2526 771 2612 aliquid
817 2528 912 2592 ita
962 2527 1204 2606 dicere,
1256 2538 1331 2592 ut
1381 2525 1506 2591 sibi
1552 2526 1695 2613 ipse
1746 2550 1879 2593 non
1927 2524 2283 2604 conveniat,

205 2633 460 2707 quanto
495 2620 816 2687 difficilius
854 2643 1108 2699 cavere,
1163 2642 1246 2687 ne
1290 2620 1447 2704 quid
1488 2620 1695 2698 dicas,
1748 2622 1920 2705 quod
1968 2644 2099 2687 non
2134 2642 2287 2686 con-

206 2717 441 2783 ,veniat
495 2716 634 2781 eius
687 2714 985 2793 orationi,
1048 2713 1159 2799 qui
1211 2724 1358 2779 ante
1412 2724 1477 2779 te
1528 2713 1793 2779 dixerit?
1853 2714 1971 2780 s‘ed
2020 2714 2173 2798 quia
2220 2726 2287 2781 et

207 2811 403 2877 -labor
452 2809 656 2876 multo
705 2808 912 2879 maior
963 2818 1064 2875 est
1113 2817 1314 2875 totam
1363 2828 1624 2874 causam
1669 2830 1859 2891 quam
1899 2821 2149 2895 partem
2188 2808 2287 2873 di·-

207 2926 367 2971 „cere
403 2914 470 2973 et
501 2903 652 2990 quia
682 2903 898 2990 plures
943 2902 1241 2968 ineuntur
1281 2900 1555 2989 gratiae,
1610 2901 1667 2967 si
1698 2924 1827 2967 uno
1871 2915 2155 2990 tempore
2190 2902 2286 2968 di·
2318 2898 2325 2905 ’

213 3022 334 3068 cas
386 3022 506 3109 pro
554 2998 877 3086 pluribus,
934 2996 1175 3107 idcirco
1226 2997 1394 3064 hanc
1445 2996 1966 3063 consuetudinem
2016 2997 2286 3063 libenter

219 3093 590 3159 ascivimus·

343 3188 553 3253 Erant
603 3197 846 3265 tamen,
910 3186 1139 3271 quibus
1193 3173 1516 3251 videretur
1564 3184 1735 3252 illius
1788 3184 2011 3251 aetatis
2065 3184 2284 3253 tertius
2321 3180 2391 3235 58

211 3278 456 3357 Curio,
509 3279 660 3363 quia
703 3279 1234 3367 splendidioribus
1286 3279 1561 3345 fortasse
1614 3277 1826 3343 verbis
1879 3277 2173 3343 utebatur
2224 3289 2289 3342 et
2320 3254 2402 3293 ²¹⁰

212 3371 380 3456 f-quia
410 3372 646 3439 Latine
678 3396 810 3439 non
841 3373 1120 3459 pessime
1153 3372 1560 3457 loquebatur,
1596 3395 1746 3449 usu,
1801 3372 2019 3447 credo,
2074 3370 2287 3453 aliquo

211 3466 625 3544 ,domestico3'
658 3490 810 3531 nam
849 3467 1202 3533 litterarum
1243 3466 1597 3549 admodum
1637 3465 1795 3531 nihil
1848 3466 2115 3542 sciebat3
2172 3464 2289 3529 sed

221 3559 447 3647 magni
479 3559 745 3627 interest
778 3581 938 3644 quos
974 3560 1240 3645 quisque
1276 3559 1493 3625 audiat
1528 3560 1755 3628 cotidie
1791 3560 1990 3637 domi,
2028 3558 2289 3645 quibus-

211 3676 376 3719 ·cum
408 3652 704 3739 loquatur
737 3676 778 3719 a
810 3675 1038 3739 puero,
1095 3676 1285 3737 quem
1327 3652 1412 3718 ad
1453 3653 1715 3718 modum
1756 3664 1999 3740 patres,
2050 3652 2289 3739 paeda-

209 3747 413 3835 -gogi,
457 3758 694 3813 matres
728 3747 920 3813 etiam
952 3746 1311 3832 loquantur.
1397 3746 1669 3833 legimus
1686 3806 1691 3812 .
1706 3746 2006 3833 epistulas
2044 3745 2288 3813 Corne-
2320 3774 2399 3815 ιιι

210 3842 352 3909 ,liae
379 3842 598 3907 matris
630 3840 1095 3909 Gracchorumz
1131 3852 1415 3929 apparet,
1448 3840 1613 3909 filios
1640 3863 1771 3907 non
1796 3852 1928 3905 tam
1950 3841 2018 3905 in
2044 3840 2287 3927 gremio

215 3936 534 4001 «educatos
587 3958 780 4021 quam
828 3934 897 4001 in
951 3958 1240 4002 sermone
1292 3934 1533 4001 matris.
1639 3934 1891 4000 auditus
1944 3944 2045 4001 est
2100 3933 2286 4000 nobis

215 4029 496 4099 :Laeliae
533 4027 612 4097 C.
647 4030 726 4097 F.
765 4052 957 4115 saepe
1004 4052 1242 4099 sermo:
1303 4052 1461 4115 ergo
1504 4027 1677 4095 illam
1728 4025 1928 4116 patris
1972 4027 2293 4116 elegantia

1844 4136 1909 4185 16
1923 4134 1961 4196 ²,
