2784 4575
505 271 593 340 '10
1001 281 1421 338 CORNIFIGII
1452 276 2075 335 RHETORICORUM

507 408 646 475 dori
697 429 774 476 ac
825 406 1040 474 decori
1099 415 1199 472 est
1259 402 1525 472 civitati:
1588 402 1680 467 tui
1735 399 2067 466 clarissimi
2124 409 2391 486 nepotes
2448 420 2573 464 suo

510 505 822 591 sanguine
871 504 1162 568 aluerunt
1219 500 1619 566 inimicorum
1682 495 2152 562 crudelitatem?
2260 495 2442 560 item.
2500 501 2577 560 ‘o

506 599 881 686 perfidiosae
931 594 1295 683 Fregellae,
1359 616 1551 678 quam
1613 593 1799 657 facile
1852 590 2088 656 scelere
2146 599 2361 655 vestro
2417 610 2579 654 con-
2640 589 2645 592 ’
2751 591 2752 674 f

507 692 828 770 tabuistis,
873 702 974 768 ut,
1028 689 1208 754 cuius
1244 688 1411 754 nitor
1452 687 1629 773 urbis
1665 685 1919 752 Italiam
1950 706 2153 770 nuper
2186 683 2573 761 inlustravit,

507 788 645 854 eius
669 807 839 851 nunc
873 785 985 851 vix
1017 784 1575 848 fundamentorum
1600 779 1905 862 reliquiae
1930 777 2335 844 remaneant’
2383 778 2573 844 item.

509 883 848 947 ‘bonorum
894 875 1351 965 [insidiatores]
1408 875 1765 951 latrocinia,
1816 873 2013 938 vitam
2066 871 2573 938 innocentissimi

507 975 814 1058 cuiusque
847 971 1128 1058 petistis:
1182 981 1506 1034 tantamne
1562 991 1645 1034 ex
1686 966 2017 1050 iniquitate
2048 965 2425 1031 iudiciorum
2457 987 2575 1030 ve·-

509 1069 654 1134 stris
691 1063 1284 1132 calumniationibus
1328 1061 1661 1128 adsumitis
1707 1059 2137 1126 facultatem?
2226 1059 2350 1124 hac
2384 1081 2574 1124 exor-

506 1161 764 1228 natione
799 1161 858 1224 si
882 1159 1024 1224 loco
1051 1168 1302 1222 utemur
1333 1153 1535 1242 [raro]
1566 1166 1633 1220 et
1666 1175 1811 1220 cum
1834 1155 1930 1220 rei
1952 1154 2323 1241 magnitudo
2348 1163 2574 1240 postu-

507 1256 642 1320 lare
677 1253 1023 1330 videbitur,
1062 1252 1146 1316 ad
1197 1272 1390 1335 quam
1433 1249 1720 1316 volemus
1754 1248 2255 1334 indignationem
2290 1248 2573 1314 animum

512 1347 816 1413 auditoris
853 1346 1262 1412 adducemus.

627 1440 1050 1526 Interrogatio
1110 1461 1240 1504 non
1290 1437 1497 1505 omnis
1551 1437 1765 1523 gravis
1818 1445 1921 1500 est
1968 1457 2177 1518 neque
2240 1435 2573 1512 concinna,

511 1535 626 1600 sed
668 1535 856 1611 haec,
913 1555 1107 1617 quae,
1163 1554 1308 1596 cum
1351 1541 1721 1598 enumerata
1770 1539 1923 1595 sunt
1963 1552 2067 1607 ea,
2120 1551 2283 1614 quae
2336 1529 2571 1594 obsunt

509 1651 740 1694 causae
793 1626 1326 1702 adversariorum,
1383 1625 1714 1692 confirmat
1766 1622 2157 1709 superiorem
2200 1622 2573 1699 orationem,

507 1723 630 1788 hoc
663 1732 882 1810 pacto:
939 1727 1113 1786 ‘cum
1145 1721 1341 1806 igitur
1373 1718 1535 1785 haec
1570 1717 1783 1785 omnia
1816 1717 2091 1794 faceres,
2141 1716 2411 1794 diceres,
2456 1715 2574 1780 ad-

505 1817 929 1893 ministrares‚
973 1825 1188 1880 utrum
1223 1813 1469 1878 animos
1507 1812 1823 1878 sociorum
1857 1811 1941 1875 ab
1972 1833 2041 1876 re
2076 1810 2331 1897 publica
2360 1832 2573 1876 remo-

507 1912 704 1976 vebas
750 1921 814 1974 et
857 1908 1264 1974 abalienabas
1320 1929 1403 1970 an
1452 1907 1621 1971 non?
1682 1917 1747 1970 et
1796 1913 2011 1968 utrum
2062 1903 2335 1987 aliquem
2386 1925 2573 1970 exor-

506 2003 646 2067 nari
681 2001 989 2088 oportuit,
1046 2000 1156 2084 qui
1197 2001 1399 2066 istaec
1447 2000 1813 2085 prohiberet
1846 2021 1923 2067 ac
1954 1999 2093 2064 fieri
2132 2022 2262 2064 non
2314 1999 2571 2075 sineret,

515 2119 600 2160 an
632 2094 827 2161 noni„

405 2190 474 2301 ἒξ
627 2188 1052 2254 Ratiocinatio
1081 2198 1198 2266 est,
1233 2209 1350 2274 per
1377 2209 1571 2270 quam
1594 2188 1721 2273 ipsi
1754 2211 1795 2252 a
1818 2187 2001 2254 nobis
2028 2187 2338 2253 rationem
2360 2186 2573 2272 posci-

507 2307 652 2349 mus
666 2332 685 2361 ,
729 2306 858 2369 qua
888 2306 958 2347 re
995 2282 1272 2367 quidque
1309 2282 1623 2361 dicamus,
1670 2293 1736 2347 et
1768 2283 1991 2347 crebro
2024 2292 2276 2353 nosmet
2310 2305 2349 2347 a
2381 2281 2568 2347 nobis

507 2378 782 2466 petimus
817 2378 1006 2443 unius
1043 2377 1350 2461 cuiusque
1381 2376 1831 2465 propositionis
1877 2375 2403 2463 explanationem.
2492 2398 2572 2440 ea

509 2484 609 2537 est
659 2472 849 2537 huius
891 2472 1096 2537 modi:
1153 2471 1455 2537 ‘maiores
1506 2471 1708 2541 nostri
1753 2472 1808 2536 si
1860 2493 2051 2556 quam
2092 2470 2281 2535 unius
2323 2469 2569 2556 peccati

505 2566 836 2632 mulierem
888 2566 1307 2643 damnabant,
1373 2564 1647 2651 simplici
1695 2563 1929 2630 iudicio
1980 2564 2323 2632 multorum
2372 2563 2571 2629 male-

505 2660 792 2726 ficiorum
835 2660 1194 2726 convictam
1244 2660 1574 2745 putabant.
1664 2681 1790 2744 quo
1832 2660 2061 2746 pacto?
2120 2679 2313 2741 quam
2362 2658 2571 2744 impu-

507 2755 716 2819 dicam
747 2754 1128 2831 iudicarant,
1164 2776 1307 2819 eam
1341 2753 1632 2821 veneficii
1666 2774 1917 2837 quoque
1953 2754 2319 2820 damnatam
2350 2751 2571 2816 existi-

505 2850 784 2913 mabant.
873 2847 1026 2931 quid
1076 2848 1204 2915 ita?
1265 2846 1419 2932 quia
1468 2868 1735 2913 necesse
1788 2856 1889 2911 est
1938 2870 2109 2924 eam,
2166 2868 2327 2929 quae
2382 2868 2567 2911 suum

507 2962 737 3026 corpus
794 2940 1106 3006 addixerit
1157 2941 1565 3027 turpissimae
1628 2938 1983 3025 cupiditati,
2037 2940 2257 3003 timere
2310 2940 2567 3007 multos.

419 3120 422 3124 1
508 3056 668 3118 quos
702 3034 900 3101 istos?
961 3035 1195 3112 virum,
1242 3048 1572 3122 parentes,
1626 3046 1897 3111 ceteros,
1945 3034 2031 3099 ad
2062 3055 2223 3117 quos
2258 3034 2433 3099 videt
2468 3035 2570 3100 sui

509 3128 840 3193 dedecoris
875 3128 1205 3195 infamiam
1237 3130 1575 3215 pertinere.
1665 3128 1819 3210 quid
1850 3128 2113 3212 postea?
2156 3148 2315 3211 quos
2361 3138 2570 3195 tanto-

504 3244 656 3309 pere
701 3222 944 3301 timeat,
1001 3246 1112 3289 eos
1157 3244 1423 3289 necesse
1476 3231 1602 3299 est,
1654 3232 1755 3298 ut,
1811 3241 2065 3305 quoquo
2109 3222 2299 3289 modo
2339 3223 2569 3308 possit,

505 3315 810 3383 veneficio
871 3328 1067 3405 petat.
1175 3318 1326 3383 cur?
1377 3316 1528 3399 quia
1580 3314 1758 3381 nulla
1812 3324 2027 3400 potest
2086 3313 2355 3381 honesta
2404 3316 2567 3381 ratio

503 3411 776 3477 retinere
827 3435 998 3491 eam,
1062 3433 1256 3495 quam
1313 3410 1689 3497 magnitudo
1750 3410 1997 3496 peccati
2045 3409 2201 3475 facit
2259 3411 2565 3489 timidam,

502 3506 990 3594 intemperantia
1023 3506 1360 3583 audacem,
1396 3514 1625 3571 natura
1654 3504 1994 3570 muliebris·
2014 3504 2564 3572 inconsideratam.

505 3600 693 3684 quid?
757 3622 952 3685 quam
1001 3598 1293 3664 veneficii
1345 3598 1757 3695 damnarant?
1822 3598 2132 3685 putabant
2180 3599 2565 3686 impudicam

505 3716 755 3779 quoque
807 3692 1185 3757 necessario.
1291 3714 1419 3777 qua
1467 3690 1600 3757 re?
1638 3692 1785 3778 quia
1834 3694 2011 3760 nulla
2061 3694 2309 3759 facilius
2364 3692 2445 3757 ad
2496 3691 2565 3755 id

503 3787 884 3855 maleficium
917 3808 1113 3853 causa
1139 3808 1328 3871 quam
1355 3787 1557 3897 turpis
1604 3810 1783 3854 amor
1806 3798 1871 3855 et
1904 3789 2331 3897 intemperans
2364 3786 2566 3851 libido

507 3904 906 3948 commovere
937 3880 1176 3968 potuit3
1229 3890 1367 3949 tum
1402 3881 1583 3948 cuius
1619 3882 1899 3948 mulieris
1936 3883 2183 3947 animus
2220 3891 2393 3947 esset
2426 3901 2567 3945 cor-

505 3985 760 4059 ruptus,
805 3975 942 4041 eius
978 3996 1206 4063 corpus
1243 3986 1491 4041 castum
1526 3998 1671 4043 esse
1712 4000 1845 4043 non
1883 3986 2286 4063 putaverunt.
2370 3974 2566 4057 quid?

503 4064 575 4131 in
624 4066 776 4133 viris
826 4068 1080 4135 idemne
1135 4070 1599 4138 observabant?
1650 4071 1927 4165 minime.
2033 4071 2187 4156 quid
2236 4069 2361 4138 ita?
2415 4068 2566 4153 quia
