2784 4575
426 295 440 307 ·
451 255 536 322 72
1057 263 1136 320 Μ.
1177 262 1451 321 TULLII
1489 259 1890 318 CICERONIS

449 388 634 476 ‘quid
677 387 822 466 est,’
875 386 1080 472 inquit
1124 384 1449 451 ‘Catule?’
1506 382 1747 450 Caesar
1794 383 1933 449 ‘ubi
1977 393 2153 462 sunt,
2206 385 2316 469 qui
2356 386 2503 450 An·-

445 484 690 550 tonium
727 481 974 549 Graece
1015 490 1256 567 negant
1291 479 1493 545 scire?
1546 488 1702 563 quot
1750 477 2081 544 historicos
2115 477 2495 544 nominavit!

447 600 638 664 quam
674 575 970 654 scienter,
1023 596 1216 658 quam
1263 573 1516 661 proprie
1552 573 1633 638 de
1666 595 1794 638 uno
1838 593 2088 656 quoque
2132 571 2347 637 dixitl’
2403 573 2501 638 ‘id

444 670 832 738 mehercule’
891 669 1096 753 inquit
1147 666 1417 735 Catulus
1482 667 1829 734 ‘admirans
1888 667 2047 732 illud
2094 667 2225 732 iam
2282 667 2501 734 mirari

450 763 692 845 desino,
729 765 902 850 quod
933 764 1134 830 multo
1167 763 1376 850 magis
1414 772 1559 828 ante
1594 763 1887 842 mirabar,
1923 762 2119 841 hunc,
2156 783 2303 828 cum
2336 762 2502 828 haec

445 859 744 937 nesciret,
815 858 884 922 in
947 857 1215 924 dicendo
1265 878 1460 943 posse
1522 855 1804 922 tantum?
1930 855 2162 940 ‘atqui‚
2225 853 2497 934 Catule,’

444 953 648 1038 inquit
687 951 1010 1019 Antonius
1065 955 1220 1016 ‘non
1273 971 1394 1036 ego
1445 949 1782 1016 utilitatem
1832 949 2107 1033 aliquam
2150 949 2234 1016 ad
2285 948 2503 1014 dicen-

447 1049 600 1113 dum
633 1068 959 1133 aucupans
993 1045 1220 1110 horum
1251 1044 1450 1109 libros
1486 1054 1554 1110 et
1584 1065 1715 1108 non
1746 1043 1957 1109 nullos
1995 1042 2182 1121 alios,
2236 1043 2353 1108 sed
2385 1043 2503 1106 de-

445 1139 798 1206 lectationis
851 1160 1074 1216 causa,
1136 1157 1283 1204 cum
1333 1146 1434 1201 est
1484 1137 1710 1214 otium,
1770 1136 1983 1222 legere
2046 1136 2240 1202 soleo.
2344 1135 2501 1220 quid

448 1235 638 1320 ergo?
707 1243 834 1310 est,
893 1232 1168 1308 fatebor,
1240 1230 1479 1315 aliquid
1545 1240 1784 1309 tamem
1854 1241 1954 1308 ut,
2030 1251 2176 1296 cum
2241 1231 2309 1296 in
2356 1229 2501 1295 sole

448 1326 792 1404 ambulem,
846 1325 1092 1390 etiamsi
1142 1347 1264 1412 ego
1319 1325 1403 1390 ob
1456 1323 1627 1388 aliud
1684 1325 2030 1402 ambulem,
2083 1324 2221 1388 fieri
2268 1333 2500 1388 natum

447 1430 688 1496 tamen,
748 1427 820 1482 ut
870 1418 1138 1494 colorer,
1203 1417 1324 1495 sic,
1377 1438 1523 1482 cum
1572 1418 1731 1483 istos
1785 1418 1979 1482 libros
2036 1417 2120 1482 ad
2168 1417 2495 1482 Misenum

444 1548 537 1562 —-
574 1535 725 1578 nam
764 1512 1009 1577 Romae
1061 1511 1173 1576 vix
1221 1510 1371 1576 licet
1411 1545 1501 1560 -
1546 1511 1891 1576 studiosius
1941 1508 2235 1596 legerim,
2288 1509 2500 1576 sentio

445 1605 698 1671 illorum
749 1615 922 1669 tactu
973 1605 1323 1670 orationem
1370 1627 1581 1669 meam
1634 1605 1817 1690 quasi
1868 1604 2153 1670 colorari.
2250 1604 2367 1668 sed
2413 1625 2503 1668 ne

445 1699 634 1764 latius
671 1699 791 1764 hoc
826 1697 1007 1765 vobis
1042 1708 1258 1784 patere
1293 1697 1600 1775 videatur,
1638 1698 1795 1764 haec
1830 1699 2160 1762 dumtaxat
2190 1697 2258 1762 in
2294 1695 2507 1762 Grae-

447 1792 538 1857 cis
573 1791 902 1878 intellegO,
939 1812 1102 1874 quae
1135 1791 1288 1877 ipsi,
1337 1791 1444 1874 qui
1480 1791 1892 1876 scripserunt,
1937 1791 2271 1857 voluerunt
2304 1789 2499 1875 volgo

449 1885 762 1972 intellegi:
813 1885 883 1949 in
933 1884 1346 1970 philosophos
1400 1901 1647 1949 vestros
1699 1884 1757 1949 si
1808 1884 2061 1967 quando
2112 1883 2333 1961 incidi,
2386 1881 2507 1948 de-

451 1988 671 2064 ceptus
705 1977 1021 2043 indicibus
1058 1977 1388 2055 librorum,
1444 1976 1552 2060 qui
1596 1987 1747 2042 sunt
1786 1977 1920 2043 fere
1963 1977 2247 2062 inscripti
2282 1977 2362 2040 de
2395 1998 2503 2042 re-

447 2071 571 2136 bus
613 2071 781 2136 notis
825 2082 890 2136 et
933 2070 1332 2147 inlustribus,
1386 2071 1467 2135 de
1509 2070 1767 2147 virtute,
1821 2070 1903 2134 de
1938 2068 2204 2147 iustitia,
2258 2068 2339 2133 de
2382 2067 2501 2134 ho-

446 2173 725 2241 nestate,
781 2165 860 2229 de
898 2163 1246 2249 voluptate,
1294 2163 1559 2227 verbum
1592 2184 1853 2249 prorsus
1886 2163 2130 2226 nullum
2164 2160 2497 2246 intelleg03

445 2256 537 2321 ita
597 2267 744 2323 sunt
805 2256 1090 2342 angustis
1151 2267 1217 2322 et
1285 2255 1553 2321 concisis
1624 2255 2151 2343 disputationibus
2220 2253 2501 2341 inligati;

445 2357 667 2437 poe'tas
727 2351 984 2416 omnino
1045 2351 1228 2433 quasi
1279 2348 1405 2415 alia
1464 2351 1737 2434 quadam
1795 2350 2015 2435 lingua
2070 2350 2315 2416 locutos
2364 2372 2501 2415 non

448 2466 642 2512 conor
677 2445 1007 2530 attingere.
1097 2465 1244 2508 cum
1276 2444 1376 2509 his
1412 2466 1545 2522 me,
1596 2454 1670 2508 ut
1702 2443 1863 2521 dixi,
1918 2443 2195 2521 oblecto,
2248 2443 2357 2526 qui
2387 2465 2497 2508 res

448 2549 663 2624 gestas
701 2548 810 2603 aut
851 2538 1166 2603 orationes
1203 2538 1591 2625 scripserunt
1636 2560 1785 2602 suas
1822 2547 1933 2602 aut
1964 2536 2074 2620 qui
2106 2537 2197 2601 ita
2228 2536 2503 2620 loquun-

447 2645 579 2710 tur,
628 2640 702 2695 ut
751 2630 1084 2696 videantur
1134 2631 1413 2697 voluisse
1466 2653 1609 2695 esse
1660 2630 1875 2708 nobis,
1936 2631 2045 2715 qui
2093 2654 2222 2696 non
2276 2652 2505 2695 sumus-

344 2720 414 2775 15
447 2725 871 2802 eruditissimi,
908 2724 1269 2790 familiares.
1343 2726 1459 2791 sed
1490 2724 1641 2789 illuc
1672 2725 1893 2790 redeo:
1929 2724 2259 2803 videtisne,
2296 2746 2500 2807 quan-

351 2794 404 2834 62

446 2830 582 2883 tum
622 2841 851 2883 munus
905 2819 988 2883 sit
1039 2819 1302 2885 oratoris
1355 2818 1653 2885 historia?
1705 2818 1877 2883 haud
1929 2818 2061 2884 scio
2104 2842 2187 2883 an
2236 2818 2501 2883 flumine

446 2912 744 2976 orationis
781 2921 846 2975 et
887 2912 1192 2977 varietate
1241 2914 1616 2990 maximum3
1668 2934 1874 2996 neque
1918 2934 2059 2977 eam
2106 2912 2353 2997 reperio
2386 2934 2503 2976 us-

445 3024 637 3087 quam
699 3006 1041 3090 separatim
1099 3006 1476 3070 instructam
1535 3006 1858 3071 rhetorum
1918 3006 2300 3092 praeceptis3
2370 3005 2495 3069 sita

447 3106 597 3161 sunt
645 3098 815 3161 enim
869 3110 1014 3163 ante
1067 3100 1304 3165 oculos.
1390 3123 1542 3164 nam
1591 3100 1731 3182 quis
1784 3101 1989 3165 nescit
2037 3100 2305 3185 primam
2348 3120 2497 3163 esse

444 3188 744 3254 historiae
788 3189 1024 3275 legem,
1075 3214 1158 3256 ne
1196 3191 1348 3274 quid
1389 3192 1538 3257 falsi
1579 3192 1787 3259 dicere
1834 3192 2098 3257 audeat?
2151 3191 2377 3257 deinde
2410 3214 2500 3257 ne

446 3282 600 3366 quid
650 3282 784 3347 veri
833 3306 963 3349 non
1015 3284 1284 3349 audeat?
1333 3308 1417 3349 ne
1469 3307 1631 3369 quae
1685 3287 1949 3373 suspitio
2000 3286 2244 3373 gratiae
2294 3285 2377 3351 sit
2425 3286 2495 3348 in

349 3404 403 3445 ea
447 3376 817 3443 scribendo?
867 3398 950 3440 ne
983 3398 1146 3460 quae
1183 3378 1559 3443 simultatis?
1607 3378 1765 3445 haec
1800 3378 2041 3445 scilicet
2081 3378 2497 3444 fundamenta

441 3481 597 3538 nota
631 3481 779 3536 sunt
811 3470 1132 3548 omnibus,
1165 3470 1309 3557 ipsa
1343 3482 1557 3537 autem
1589 3472 2020 3538 exaedificatio
2053 3473 2263 3559 posita
2295 3482 2394 3537 est
2426 3470 2497 3534 in

442 3566 633 3630 rebus
669 3576 735 3631 et
775 3565 1017 3630 verbis:
1067 3586 1279 3629 rerum
1311 3566 1474 3631 ratio
1517 3565 1801 3631 ordinem
1847 3576 2200 3652 temporum
2244 3564 2496 3629 deside-

441 3669 569 3735 rat,
604 3658 935 3743 regionum
973 3657 1491 3744 descriptionem,
1474 3684 1490 3700 ·
1527 3658 1662 3724 volt
1696 3658 1915 3737 etiam,
1961 3658 2259 3743 quoniam
2292 3658 2360 3723 in
2390 3678 2501 3721 re-

441 3752 564 3816 bus
598 3751 848 3838 magnis
882 3753 1312 3836 memoriaque
1347 3753 1557 3838 dignis
1604 3752 1867 3817 consilia
1906 3752 2207 3837 primum,
2263 3749 2496 3815 deinde

445 3856 614 3923 acta,
663 3857 892 3931 postea
921 3857 1186 3912 eventus
1231 3856 1703 3931 exspectentur,
1756 3858 1824 3911 et
1856 3847 1935 3911 de
1978 3844 2259 3911 consiliis
2296 3843 2494 3929 signi-

442 3894 619 3999 ficari
669 3938 823 4020 quid
873 3940 1140 4026 scriptor
1189 3940 1417 4025 probet
1466 3949 1531 4004 et
1572 3939 1639 4003 in
1687 3940 1878 4005 rebus
1930 3937 2131 4025 gestis
2186 3936 2493 4003 declarari

441 4048 576 4091 non
625 4030 831 4093 solum
881 4033 1035 4115 quid
1085 4042 1295 4097 actum
1347 4042 1457 4095 aut
1508 4032 1744 4097 dictum
1788 4033 1897 4111 sit,
1954 4033 2069 4101 sed
2120 4031 2311 4097 etiam
2363 4051 2499 4113 quo
