2784 4575
471 267 601 334 190
1082 279 1164 334 Μ.
1205 278 1481 337 TULLII
1518 276 1922 334 CICERONIS

471 425 630 488 quos
685 401 890 480 dicas,
947 401 1346 481 deliberati03
1400 423 1647 467 morum
1683 423 1759 467 ac
1794 401 1961 467 vitae
2012 399 2278 467 imitatio
2322 401 2427 466 vel
2464 401 2539 468 in

468 497 758 584 personis
815 497 918 562 vel
971 495 1107 562 sine
1159 496 1313 575 illis,
1367 519 1673 584 magnum
1725 495 2045 580 quoddam
2088 507 2539 562 ornamentum

469 590 770 659 orationis
806 600 873 656 et
925 600 1144 677 aptum
1188 590 1271 654 ad
1323 589 1568 655 animos
1622 589 2047 656 conciliandos
2082 589 2187 654 vel
2228 589 2535 668 maxime,

355 711 438 754 205
473 707 664 771 saepe
701 694 914 750 autem
965 684 1157 750 etiam
1203 681 1286 748 ad
1337 683 1859 762 commovendos3
1911 705 2326 770 personarum
2378 683 2538 748 ficta

468 778 750 845 inductio
774 778 880 844 vel
905 777 1353 866 gravissimum
1377 777 1595 843 lumen
1622 777 1925 865 augendi3
1963 776 2321 864 descriptiO,
2352 799 2535 842 erro-

463 872 554 938 ris
588 871 897 950 inductio,
934 872 1017 937 ad
1051 871 1431 937 hilaritatem
1466 871 1791 958 impulsio,
1846 870 2352 958 anteoccupatio;
2390 881 2537 936 tum

467 966 593 1032 duo
627 965 765 1045 illa,
804 987 966 1050 quae
999 965 1275 1031 maxime
1310 977 1598 1043 movent,
1654 964 1999 1032 similitudo
2034 975 2100 1032 et
2133 964 2531 1051 exemplum3

467 1060 768 1147 digestio,
821 1060 1279 1146 interpellantis
1317 1060 1643 1138 coercitio,
1694 1058 2051 1139 reticentia,
2088 1058 2528 1138 comminatio;

464 1177 593 1222 vox
627 1155 939 1238 quaedam
973 1153 1174 1220 libera
1198 1165 1388 1239 atque
1415 1155 1607 1220 etiam
1634 1154 1962 1220 effrenatio
1990 1153 2265 1240 augendi
2300 1173 2527 1230 causa3

463 1250 819 1328 iracundia,
858 1249 1242 1336 obiurgatio,
1276 1249 1652 1337 promissiO,
1702 1248 2091 1336 deprecatio,
2146 1246 2529 1325 obsecratiO,

467 1343 801 1410 declinatio
853 1345 1065 1410 brevis
1121 1369 1161 1410 a
1208 1344 1564 1431 proposito,
1626 1367 1757 1409 non
1804 1354 1880 1408 ut
1931 1342 2216 1429 superior
2268 1341 2379 1408 illa
2428 1342 2530 1406 di-
2738 1351 2746 1412 4

464 1437 738 1524 gressi0,
789 1439 1113 1525 purgatio,
1168 1438 1550 1515 conciliatio,
1601 1437 1829 1515 laesio,
1884 1437 2123 1524 optatio
2176 1445 2369 1520 atque
2412 1458 2525 1501 ex-
2744 1435 2746 1438 ⁴

467 1532 754 1598 secratiO.
851 1533 950 1598 his
1012 1533 1146 1599 fere
1189 1531 1531 1597 luminibus
1583 1531 1921 1597 inlustrant
1972 1530 2322 1596 orationem
2376 1552 2521 1595 sen-

360 1618 432 1674 54
465 1625 725 1706 tentiae3
788 1626 1086 1693 orationis
1141 1637 1352 1692 autem
1414 1624 1615 1713 ipsius
1642 1635 1991 1734 tamquam
2044 1646 2363 1689 armorum
2417 1635 2521 1688 est

350 1692 432 1734 ²⁰⁶
463 1719 568 1784 vel
604 1720 687 1785 ad
718 1743 908 1786 usum
943 1721 1346 1786 comminatio
1381 1731 1447 1786 et
1481 1719 1663 1804 quasi
1705 1719 1925 1806 petitio
1961 1717 2066 1783 vel
2099 1718 2185 1782 ad
2218 1729 2521 1783 venustae

462 1823 592 1879 tem
639 1813 784 1899 ipsa
837 1813 1157 1891 tractatio,
1216 1837 1368 1880 nam
1422 1823 1486 1878 et
1535 1812 1878 1899 geminatio
1930 1812 2268 1878 verborum
2327 1810 2521 1876 habet

460 1906 778 1971 interdum
810 1907 969 1984 vim,
1005 1906 1287 1992 leporem
1321 1907 1507 1984 alias,
1556 1916 1621 1971 et
1652 1905 1911 1991 paulum
1944 1905 2345 1970 immutatum
2378 1926 2522 1969 ver·-

459 1997 615 2063 bum
641 2011 829 2083 atque
857 1999 1173 2064 deflexum
1209 2010 1273 2064 et
1306 1999 1594 2064 eiusdem
1621 1999 1799 2064 verbi
1826 1999 2047 2063 crebra
2073 2009 2208 2063 tum
2242 2021 2282 2062 a
2312 1997 2521 2084 primo
2744 2055 2746 2060 .

457 2092 778 2178 repetitio,
833 2103 970 2156 tum
1002 2092 1071 2157 in
1105 2104 1459 2158 extremum
1494 2093 1824 2159 conversio
1858 2103 1926 2158 et
1954 2092 2023 2156 in
2056 2092 2281 2158 eadem
2322 2091 2522 2157 verba
2733 2073 2747 2252 ἡ

458 2185 731 2270 impetus
779 2198 844 2252 et
895 2187 1224 2253 concursio
1268 2198 1334 2253 et
1384 2186 1703 2253 adiunctio
1738 2198 1804 2252 et
1843 2186 2208 2274 progressio
2254 2197 2317 2252 et
2350 2185 2519 2251 eius-

461 2278 608 2345 dem
661 2280 840 2346 verbi
895 2281 1175 2347 crebrius
1228 2281 1424 2369 positi
1484 2283 1797 2366 quaedam
1848 2281 2167 2347 distinctio
2220 2291 2286 2347 et
2333 2302 2519 2346 revo-
2742 2330 2744 2335 .

460 2372 624 2440 catio
680 2370 916 2461 [verbi]
973 2385 1038 2439 et
1087 2376 1224 2455 illa,
1289 2396 1452 2459 quae
1509 2374 1795 2442 similiter
1844 2374 2141 2441 desinunt
2192 2384 2303 2439 aut
2354 2394 2519 2458 quae
2740 2336 2745 2547 ι

461 2468 696 2532 cadunt
748 2467 1034 2535 similiter
1087 2482 1195 2534 aut
1239 2492 1401 2553 quae
1461 2469 1721 2556 paribus
1772 2468 1953 2555 paria
2000 2468 2358 2533 referuntur
2408 2478 2521 2532 aut

346 2585 423 2627 207
461 2585 623 2647 quae
661 2574 808 2629 sunt
840 2564 1005 2629 inter
1039 2586 1110 2631 se
1146 2565 1396 2631 similia.
1486 2576 1585 2631 est
1619 2558 1811 2630 etiam
1862 2563 2149 2650 gradatio
2205 2562 2517 2647 quaedam
2740 2620 2742 2647 ,

459 2668 524 2722 et
568 2656 898 2723 conversio
943 2669 1008 2723 et
1049 2659 1387 2725 verborum
1442 2658 1752 2725 concinna
1800 2656 2223 2743 transgressio
2261 2667 2327 2722 et
2369 2677 2519 2721 con-

459 2751 720 2817 trarium
753 2763 819 2817 et
853 2746 1230 2819 dissolutum
1272 2764 1338 2819 et
1381 2753 1717 2819 declinatio
1760 2762 1825 2818 et
1866 2752 2275 2839 reprehensio
2310 2762 2378 2818 et
2408 2773 2518 2817 ex-

460 2844 750 2911 clamatio
789 2857 854 2911 et
886 2845 1238 2913 imminutio
1275 2858 1339 2913 et
1373 2848 1546 2931 quod
1577 2848 1646 2913 in
1688 2846 1903 2911 multis
1959 2846 2211 2912 casibus
2264 2845 2517 2932 ponitur

457 2948 520 3003 et
555 2937 728 3021 quod
761 2940 842 3003 de
879 2939 1144 3026 singulis
1197 2940 1390 3006 rebus
1426 2941 1767 3027 propositis
1821 2940 2081 3005 ductum
2129 2940 2401 3005 refertur
2436 2940 2518 3003 ad
2739 2988 2740 3015 ι

459 3031 712 3119 singula
745 3042 812 3097 et
847 3034 929 3096 ad
961 3034 1358 3118 propositum
1396 3035 1681 3100 subiecta
1723 3034 1885 3099 ratio
1920 3046 1984 3099 et
2016 3034 2171 3099 item
2204 3033 2273 3097 in
2308 3033 2518 3097 distri-
2738 3024 2741 3132 }

456 3125 628 3189 butis
665 3126 996 3211 supposita
1019 3128 1183 3193 ratio
1215 3138 1280 3193 et
1312 3128 1647 3214 permissio
1683 3139 1749 3193 et
1772 3150 2025 3193 rursum
2060 3126 2185 3192 alia
2211 3125 2517 3192 dubitatio

458 3228 523 3282 et
572 3218 986 3305 improvisum
1039 3221 1341 3303 quiddam
1375 3234 1443 3287 et
1474 3221 1903 3298 sdinumeratio
1939 3231 2003 3286 et
2038 3220 2165 3285 alia
2212 3218 2516 3285 correctio

457 3323 522 3377 et
574 3311 904 3423 dissipatio
949 3324 1014 3379 et
1057 3316 1492 3381 continuatum
1526 3328 1590 3381 et
1641 3317 2062 3401 interruptum
2096 3325 2163 3380 et
2202 3314 2415 3400 imago
2448 3325 2515 3379 et

457 3405 579 3473 sibi
631 3408 757 3495 ipsi
807 3408 1138 3494 responsio
1191 3420 1257 3475 et
1307 3410 1659 3477 immutatio
1696 3422 1761 3475 et
1803 3410 2105 3475 diiunctio
2146 3420 2213 3475 et
2252 3408 2407 3474 ordo
2450 3417 2516 3473 et

342 3524 422 3564 208
453 3500 677 3567 relatio
729 3510 796 3567 et
845 3501 1158 3588 digressio
1207 3515 1275 3569 et
1325 3504 1839 3591 circumscriptio.
1944 3504 2105 3569 haec
2155 3502 2324 3569 enim
2370 3511 2516 3567 sunt

454 3594 589 3660 fere
624 3606 814 3680 atque
867 3595 1094 3662 horum
1138 3597 1368 3663 similia
1408 3596 1537 3684 [vel
1590 3599 1775 3685 plura
1808 3598 2000 3664 etiam
2036 3618 2179 3663 esse
2195 3590 2517 3683 possunt],

455 3711 617 3773 quae
655 3690 983 3757 sententiis
1019 3692 1368 3758 orationem
1404 3695 1865 3777 verborumque
1910 3690 2511 3758 conformationibus

349 3794 420 3847 55
453 3783 868 3850 inluminant?
1042 3791 1232 3869 ‘quae
1267 3786 1523 3871 quidem
1556 3797 1649 3865 te,
1705 3785 1972 3863 Crasse,
2027 3784 2256 3862 video?
2310 3782 2512 3867 inquit
2729 3796 2735 3875 ς

459 3876 654 3944 Cotta
704 3880 906 3963 ‘quod
945 3890 1098 3946 nota
1149 3902 1292 3946 esse
1343 3880 1531 3947 nobis
1581 3892 1797 3968 putes,
1852 3880 1988 3946 sine
2041 3875 2507 3943 definitionibus
2719 3892 2735 4141 J

455 3980 521 4031 et
572 3971 708 4035 sine
761 3974 1068 4058 exemplis
1121 3972 1467 4039 effudisse?
1558 3980 1709 4061 ‘ego
1752 3972 1932 4040 vero'
1984 3972 2190 4057 inquit
2234 3969 2507 4037 Crassus

459 4064 568 4123 ‘ne
602 4059 712 4126 illa
747 4064 1030 4145 quidem,
1085 4088 1248 4149 quae
1285 4089 1481 4153 supra
1513 4067 1675 4146 dixi,
1724 4090 1893 4134 nova
1934 4065 2120 4132 vobis
2164 4086 2307 4133 esse
2342 4060 2507 4127 arbi-
