2784 4575
999 286 1114 327 PER
1144 284 1340 331 Amos
1374 284 1649 329 monsra-
2150 282 2431 329 XXXVII

251 448 351 484 Anni
406 446 508 483 Ante

249 492 354 531 ΠΒ.
409 492 508 529 GN.

252 560 350 617 711
421 560 492 615 43
563 576 893 632 summoque
921 560 1166 615 clamore
1195 568 1255 615 et
1282 575 1562 615 consensu
1591 560 1790 629 populi
1828 560 1961 631 egit.
2031 558 2258 614 Deinde

563 645 690 684 cum
709 629 903 683 Pansa
922 645 1038 683 cos.
1060 629 1130 683 de
1149 630 1358 699 legatis
1376 628 1579 683 iterum
1596 629 1671 684 ad
1689 626 1996 683 Antonium
2016 629 2087 682 de
2155 644 2257 683 ace

561 698 849 753 mittendis
868 697 1204 765 rettulisset,
1231 697 1285 751 ei
1327 714 1419 765 ue,
1450 696 1547 768 qui
1557 696 1728 776 primi
1748 697 2085 751 sententiam
2142 696 2259 751 ixe-

562 773 716 835 rant,
753 765 902 819 hanc
920 764 1266 836 legationem
1335 805 1348 818 .
1369 763 1609 819 Servilio
1632 772 1691 817 et
1709 764 1969 818 Ciceroni
1986 766 2257 819 mandan-

563 835 695 889 dam
722 849 848 889 esse
877 832 1258 902 censuissent,
1297 829 1497 887 Cicero
1515 834 1809 903 Philippica
1833 833 2134 887 duodecima
2158 849 2255 888 ne·

561 902 720 983 gavit
751 918 954 973 pacem
981 918 1108 956 cum
1135 901 1390 957 Antonio
1429 900 1553 956 fieri
1589 917 1762 971 posse
1796 900 2064 972 illamque
2100 901 2255 973 lega-

559 979 772 1025 tionem
804 970 1145 1042 deprecatus
1174 976 1280 1027 est.
1351 971 1549 1028 Paulo.
1566 976 1701 1041 post
1719 970 1909 1025 Pansa
1928 969 2162 1024 consule
2181 968 2258 1023 ad

561 1040 773 1095 bellum
798 1038 1090 1109 profecto,
1131 1055 1256 1093 cum
1286 1041 1356 1094 de
1385 1038 1590 1094 litteris
1610 1037 1687 1093 M.
1704 1036 1931 1093 Aemilii
1947 1036 2154 1107 Lepidi
2182 1038 2256 1092 ad

561 1112 822 1163 senatum
855 1108 1042 1162 missis
1079 1112 1363 1179 ageretur,
1402 1107 1610 1179 quibus
1646 1123 1774 1160 eum
1798 1106 1875 1161 ad
1901 1122 2099 1177 pacem
2129 1122 2256 1160 cum

556 1176 810 1232 Antonio
829 1175 1150 1232 faciendam
1170 1176 1524 1244 hortabatur,
1546 1174 2043 1245 CiceroPhilippica
2058 1176 2257 1229 decima

560 1246 712 1299 tertia
735 1244 938 1300 iterum
963 1245 1130 1299 istam
1156 1261 1358 1315 pacem
1387 1240 1658 1299 dissuasit
1683 1244 2019 1315 litterasque
2047 1244 2121 1299 ab
2140 1240 2255 1297 An—

557 1311 716 1368 tonio
747 1315 822 1368 ad
851 1312 1096 1368 Hirtium
1125 1320 1183 1367 et
1210 1312 1584 1369 Octavianum
1610 1311 1813 1367 missas
1849 1310 2137 1383 recitavit,
2173 1312 2257 1366 ita

557 1388 620 1435 ut
665 1381 920 1453 singulas
965 1381 1088 1437 eius
1136 1381 1449 1436 sententias
1487 1378 1827 1435 confutaret.
1896 1380 2081 1434 XVII.
2117 1380 2253 1435 Kal.

559 1449 742 1504 Maias
779 1447 1065 1504 Antonius
1148 1449 1328 1505 roelio
1373 1450 1451 1504 ad
1487 1449 1765 1503 Mutinam
1812 1454 2111 1519 superatus
2148 1454 2255 1518 est,

557 1516 2257 1654 {isqsss‘t'ffl‘ssiuffiipo{iussgbffffissdssss’o{iiiee‘nffiitffuiffgffi

558 1657 748 1705 autem
789 1651 988 1707 nuntio
1035 1652 1106 1707 de
1151 1652 1392 1706 victoria
1436 1651 1749 1707 Mutinensi
1790 1652 2031 1707 Romam
2076 1654 2253 1707 allato

558 1717 758 1775 Cicero
789 1720 863 1776 ab
890 1719 1112 1792 ingenti
1137 1719 1499 1775 multitudine
1524 1720 1767 1775 maximo
1786 1721 1995 1791 plausu
2010 1720 2071 1775 in
2090 1720 2254 1789 Capi-

558 1787 757 1842 tolium
784 1789 1016 1857 duetus,
1053 1789 1112 1843 in
1129 1787 1356 1843 Rostris
1385 1788 1733 1858 collocatus,
1770 1788 1903 1846 inde
1924 1790 2149 1844 domum
2166 1805 2257 1843 re-

558 1856 764 1912 ductus
785 1862 890 1911 est.
919 1919 924 1925 ,
961 1856 1118 1911 Prid.
1137 1856 1366 1912 Vinalia
1383 1858 1455 1911 X.
1476 1857 1608 1911 Kal.
1627 1856 1814 1912 Maias
1834 1855 2033 1913 Cicero
2054 1856 2256 1913 habuit

553 1925 900 1995 Philippicam
927 1926 1176 1979 decimam
1203 1936 1471 1997 quartam,
1508 1943 1625 1995 qua
1649 1926 1819 1979 trium
1839 1927 2043 1980 ducum
2063 1925 2253 1995 Hirtii,

555 1994 782 2048 Pansae
795 2034 810 2062 ,
851 1990 1115 2049 Caesaris
1137 1992 1437 2049 Octaviani
1456 1995 1683 2049 nomine
1704 1994 1842 2065 quin
1885 1994 2121 2064 uaginta
2141 1994 2255 2049 die-

556 2078 679 2115 rum
724 2062 1198 2131 supplicationem
1235 2062 1651 2118 decernendam
1694 2062 1857 2116 militi
1901 2080 1967 2116 us
2008 2080 2110 2132 ue,
2158 2065 2254 2133 qui

555 2146 660 2198 pro
690 2147 751 2183 re
819 2130 935 2185 ubl.
961 2130 1296 2186 interierant
1340 2137 1765 2186 monumentum
1783 2131 1971 2186 facien
2012 2149 2106 2185 um
2127 2148 2253 2186 cen-

557 2196 684 2252 suit.
720 2266 733 2280 ·
753 2198 783 2251 1
843 2238 856 2251 .
883 2199 1016 2254 Kal.
1043 2198 1167 2254 Iun.
1197 2199 1272 2254 M.
1302 2170 1559 2271 Lepidus
1588 2217 1649 2254 se
1679 2216 1805 2254 cum
1830 2198 2084 2255 Antonio
2112 2205 2255 2280 post

554 2266 833 2337 proelium
867 2268 1191 2324 Mutinense
1229 2266 1410 2338 Alpes
1454 2275 1815 2339 transgresso
1864 2270 2154 2324 coniunxit
2196 2275 2257 2326 et

553 2335 699 2458 grid.
741 2335 876 2390 Kal.
922 2336 1112 2401 Quint.
1156 2337 1339 2392 hostis
1381 2337 1667 2392 iudicatus
1710 2347 1813 2392 est.
1883 2339 2067 2393 Paulo
2119 2345 2257 2408 post

601 2419 768 2458 aesar
803 2403 1151 2460 Octavianus
1195 2423 1426 2460 causam
1463 2422 1497 2460 o
1541 2405 1817 2460 timatium
1852 2407 2105 2461 deseruit
2136 2405 2251 2460 An·

554 2471 886 2544 toniumque
923 2477 982 2528 et
1007 2473 1289 2544 Lepidum
1323 2474 1382 2528 in
1407 2473 1500 2529 Ita
1525 2476 1635 2529 iam
1673 2475 1993 2543 arcessivit,
2032 2481 2089 2529 et
2128 2493 2252 2529 cum

555 2539 620 2604 Q.
640 2539 822 2594 Pedio
851 2542 1050 2595 consul
1079 2547 1302 2596 creatus
1321 2544 1393 2597 X.
1414 2543 1545 2598 Kal.
1565 2542 1690 2597 Oct.
1720 2544 2077 2597 consulatum
2096 2543 2251 2597 adiit.

554 2607 778 2662 Deinde
804 2625 949 2678 pace
976 2609 1133 2663 facta
1155 2609 1305 2664 inter
1329 2608 1632 2665 Caesarem
1661 2609 2032 2666 Octavianum
2062 2616 2119 2665 et
2136 2610 2250 2663 An—

553 2676 771 2728 tonium
799 2681 860 2728 et
885 2677 1193 2746 Lepidum,
1229 2680 1382 2748 apud
1412 2677 1765 2734 confluentes
1793 2677 1940 2732 inter
1956 2678 2253 2732 Perusiam

555 2746 615 2794 et
647 2741 964 2796 Bononiam
1001 2760 1370 2815 congressos,
1410 2745 1699 2813 convenit,
1738 2750 1802 2800 ut
1834 2743 1945 2814 ipsi
1978 2744 2250 2799 triumviri

553 2809 636 2864 rei
671 2809 829 2879 publ.
869 2812 1300 2868 constituendae
1328 2828 1435 2883 per
1462 2812 1909 2884 quinquennium
1936 2821 2155 2883 essent,
2195 2819 2253 2868 et

553 2882 620 2931 ut
646 2894 781 2932 suos
851 2878 1054 2951 uisque
1081 2879 1342 2936 inimicos
1370 2881 1771 2951 proscriberet.
1840 2881 2043 2953 Itaque
2070 2881 2248 2936 Anto-

552 2946 680 3000 nius
723 2945 784 3000 in
811 2895 1178 3017 qbiom-onem,
1234 2950 1333 3030 qui
1375 2952 1519 3005 urbe
1562 2949 1767 3004 relicta
1802 2947 2071 3004 Asturam
2117 2967 2248 3004 con-

553 3013 615 3068 fu
659 3021 806 3084 erat,
843 3033 1212 3087 percussores
1239 3017 1470 3073 1mmisit
1485 3019 1835 3074 Herennium
1862 3018 2249 3074 centurionem

554 3033 723 3165 eth3
748 3084 1033 3155 Popilium
1061 3086 1403 3156 Laenatem,
1442 3105 1477 3143 a
1506 3087 1713 3160 quibus
1740 3086 1866 3143 VH.
1897 3086 1983 3141 Id.
2014 3087 2249 3143 Decem·

554 3151 685 3208 bres
704 3154 1038 3210 interfectus
1057 3161 1160 3210 est.
