2784 4575
473 246 560 313 20
967 254 1385 313 CORNIFICII
1418 254 2038 313 RHETORICORUM

475 380 648 467 qnod
700 380 1046 467 scripserit,
1109 390 1176 446 et
1227 376 1760 445 demonstrabitur
1821 377 2123 465 scriptum
2176 378 2333 445 illud
2385 402 2533 447 esse

475 475 767 552 dilucide,
805 474 1096 552 breviter,
1135 474 1487 551 commode,
1521 472 1831 560 perfecte,
1869 492 2015 537 cum
2047 472 2291 539 ratione
2327 485 2527 553 certa3

475 570 702 635 deinde
747 568 1040 653 exempla
1082 568 1510 654 proferentur,
1566 588 1727 651 quae
1779 588 1912 645 res,
1968 587 2115 631 cum
2168 567 2253 631 ab
2302 568 2531 633 adver-

471 664 658 729 sariis
694 664 1006 728 sententia
1049 674 1116 729 et
1157 663 1451 728 voluntas
1488 662 1868 739 adferretur,
1916 662 1997 727 ab
2042 661 2277 747 scripto
2312 662 2527 747 potius

469 757 783 822 iudicatae
821 756 976 833 sint3
1033 755 1262 821 deinde
1297 754 1694 832 ostendetur,
1748 777 1939 839 quum
1980 754 2407 841 periculosum
2444 756 2529 821 sit

471 852 552 917 ab
607 850 840 937 scripto
895 850 1226 917 recedere:
1295 850 1477 916 locus
1532 850 1881 915 communis
1934 860 2035 915 est
2084 859 2307 915 contra
2358 873 2528 929 eum,

472 946 609 1029 qui,
666 966 812 1011 cum
845 944 1119 1011 fateatur
1163 967 1234 1011 se
1277 955 1523 1022 contra,
1578 944 1749 1027 quod
1790 943 2041 1030 legibus
2084 954 2373 1011 sanctum
2416 956 2527 1009 aut

373 1082 438 1136 10
471 1049 852 1105 testamento
894 1038 1314 1125 perscriptum
1360 1038 1468 1113 sit,
1516 1038 1774 1115 fecisse,
1820 1049 2035 1105 tamen
2076 1038 2229 1103 facti
2264 1050 2529 1122 quaerat

375 1158 425 1197 14
472 1132 927 1199 defensionem.
1019 1134 1100 1198 ab
1137 1131 1453 1199 sententia
1496 1131 1589 1197 sic
1631 1132 1942 1197 dicemus:
1986 1132 2261 1219 primum
2303 1133 2527 1197 lauda*

469 1228 678 1293 bimus
727 1226 1048 1337 scriptoris
1093 1226 1603 1291 commoditatem
1654 1236 1843 1309 atque
1895 1227 2299 1305 brevitatem,
2352 1228 2525 1310 quod

469 1332 716 1387 tantum
753 1320 1102 1407 scripserit,
1157 1321 1328 1404 quod
1360 1342 1625 1385 necesse
1668 1319 1889 1397 fuerit,
1940 1319 2125 1398 illud,
2180 1320 2351 1403 quod
2385 1321 2527 1387 sine

471 1416 706 1501 scripto
739 1414 1024 1501 intellegi
1057 1415 1358 1501 potuerit,
1406 1438 1537 1480 non
1570 1413 1931 1479 necessario
1968 1414 2371 1479 scribendum
2404 1438 2525 1501 pu-

468 1510 642 1587 tarit3
699 1508 928 1575 deinde
973 1509 1254 1574 dicemus
1299 1508 1771 1574 calumniatoris
1816 1530 1959 1573 esse
2004 1506 2285 1573 officium
2326 1509 2525 1573 verba

468 1616 533 1669 et
564 1604 806 1669 litteras
845 1603 1052 1688 sequi,
1096 1603 1437 1690 neglegere
1474 1603 1890 1681 voluntatem;
1948 1602 2175 1668 deinde
2208 1603 2304 1680 id,
2350 1602 2522 1686 quod

463 1695 773 1786 scriptum
809 1698 908 1775 sit,
949 1709 1059 1762 aut
1091 1722 1222 1763 non
1251 1720 1447 1783 posse
1480 1696 1620 1763 fieri
1654 1709 1763 1762 aut
1796 1720 1926 1762 non
1958 1696 2122 1783 lege,
2158 1719 2289 1762 non
2322 1720 2521 1775 more,

465 1815 596 1859 non
629 1804 882 1870 natura,
928 1816 1058 1859 non
1095 1812 1298 1876 aequo
1334 1802 1399 1856 et
1440 1791 1610 1857 bono
1654 1814 1848 1878 posse
1890 1790 2056 1869 fieri,
2102 1814 2265 1875 quae
2308 1792 2523 1857 omnia

467 1887 838 1973 scriptorem
872 1885 1156 1951 noluisse
1191 1907 1383 1969 quam
1425 1884 1776 1949 rectissime
1810 1885 1947 1949 fieri
1982 1907 2170 1951 nemo
2206 1885 2399 1963 dicet3
2454 1896 2521 1949 at

465 2003 570 2057 ea,
597 2001 772 2088 ’quae
807 2002 848 2044 a
879 1980 1064 2044 nobis
1101 1979 1272 2043 facta
1307 1980 1453 2055 sint,
1490 1978 1837 2044 iustissime
1870 1977 2069 2058 ἠοίης
2106 1978 2335 2045 deinde
2370 2001 2521 2044 con-

464 2073 722 2137 trariam
767 2072 1146 2137 sententiam
1189 2083 1298 2135 aut
1347 2072 1589 2135 nullam
1641 2094 1785 2137 esse
1830 2083 1942 2137 aut
1976 2072 2237 2137 stultam
2280 2088 2390 2137 aut
2421 2072 2521 2137 in·-

463 2166 697 2231 iustam
743 2178 852 2231 aut
892 2188 1023 2231 non
1065 2188 1259 2252 posse
1301 2165 1443 2231 fieri
1484 2178 1593 2231 aut
1634 2189 1764 2231 non
1808 2178 2098 2232 constare
2143 2188 2289 2231 oum
2332 2190 2521 2254 supe-

464 2262 733 2328 rioribus
771 2274 836 2328 et
869 2258 1269 2327 inferioribus
1307 2260 1666 2338 sententiis,
1706 2272 1815 2327 aut
1850 2282 1997 2328 cum
2028 2259 2163 2327 iure
2201 2260 2521 2328 communi

467 2369 577 2420 aut
620 2377 764 2420 cum
807 2356 946 2421 aliis
1000 2355 1250 2442 legibus
1305 2355 1747 2421 communibus
1790 2365 1901 2420 aut
1944 2376 2090 2420 cum
2130 2356 2321 2422 rebus
2355 2356 2520 2423 iudi-

466 2450 621 2514 catis
669 2449 1033 2529 dissentire3
1083 2449 1309 2516 deinde
1355 2449 1791 2536 exemplorum
1828 2473 1868 2513 a
1901 2449 2225 2514 voluntate
2270 2461 2335 2514 et
2368 2471 2519 2515 con·-

465 2557 563 2608 tra
607 2544 910 2630 scriptum
961 2543 1382 2610 iudicatorum
1434 2544 1905 2609 enumeratione
1956 2554 2235 2620 utemur,
2291 2543 2519 2608 deinde

463 2639 678 2724 legum
714 2651 778 2704 et
814 2639 1288 2726 stipulationum
1324 2639 1601 2704 breviter
1645 2637 2130 2723 exscriptarum,
2184 2638 2253 2702 in
2288 2637 2517 2722 quibus

461 2731 907 2819 intellegantur
962 2733 1340 2820 scriptorum
1389 2734 1778 2810 voluntates,
1838 2731 2250 2817 expositione.
2339 2732 2515 2796 locus

463 2827 814 2890 communis
853 2840 1074 2892 contra
1108 2849 1280 2903 eum,
1335 2827 1447 2909 qui
1491 2826 1795 2911 scriptum
1835 2825 2059 2889 recitet
2092 2836 2159 2890 et
2194 2825 2516 2911 scriptoris

463 2920 855 2984 voluntatem
887 2943 1020 2984 non
1051 2921 1517 3005 interpretetur.

349 3033 396 3072 15
585 3009 753 3076 Cum
805 3013 968 3076 duae
1018 3012 1198 3096 leges
1251 3013 1417 3076 inter
1472 3033 1541 3074 se
1588 3011 1979 3093 discrepant,
2032 3008 2376 3072 videndum
2420 3023 2517 3076 est

461 3105 762 3190 primum,
817 3127 971 3168 num
1016 3125 1142 3187 qua
1193 3103 1523 3188 obrogatio
1570 3114 1679 3168 aut
1719 3101 2046 3186 derogatio
2102 3100 2211 3178 sit,
2267 3101 2519 3181 deinde,

461 3203 674 3260 utrum
709 3197 884 3282 leges
917 3197 1010 3260 ita
1045 3196 1449 3272 dissentiant,
1486 3206 1559 3258 ut
1592 3195 1789 3260 altera
1822 3194 2054 3270 iubeat,
2094 3193 2291 3258 altera
2322 3207 2516 3275 vetet,

463 3313 546 3354 an
587 3289 705 3365 ita,
756 3299 831 3352 ut
883 3289 1080 3354 altera
1131 3301 1346 3375 cogat,
1402 3287 1601 3353 altera
1642 3287 1991 3373 permittat3
2046 3287 2295 3352 infirma
2348 3289 2517 3354 enim

462 3383 580 3447 erit
615 3381 750 3446 eius
788 3380 1094 3460 defensio,
1132 3383 1241 3466 qui
1274 3383 1537 3467 negabit
1572 3403 1639 3446 se
1676 3380 1927 3458 fecisse,
1966 3381 2138 3465 quod
2162 3394 2513 3468 cogeretur,

463 3498 608 3540 cum
653 3473 850 3540 altera
883 3475 990 3539 lex
1029 3475 1449 3561 permitteret:
1504 3469 1647 3561 plus
1687 3474 1855 3539 enim
1892 3473 2061 3539 valet
2096 3476 2337 3542 sanctio
2370 3500 2517 3563 per-

462 3568 781 3636 missione.
845 3567 1024 3632 'item
1057 3569 1169 3634 illa
1213 3567 1499 3633 defensio
1548 3569 1755 3633 tenuis
1802 3580 1927 3646 est,
1984 3590 2129 3634 cum
2164 3570 2515 3634 ostenditur

461 3663 530 3727 id
564 3664 802 3728 factum
837 3683 1009 3739 esse,
1055 3663 1227 3746 quod
1263 3685 1338 3727 ea
1369 3662 1478 3726 lex
1524 3662 1793 3740 sanciat,
1838 3663 1941 3737 cui
1974 3662 2104 3749 legi
2138 3663 2515 3746 obrogatum

461 3756 566 3821 vel
602 3758 976 3842 derogatum
1012 3755 1122 3833 sit;
1165 3755 1260 3833 id,
1306 3757 1481 3839 quod
1511 3757 1861 3842 posteriore
1906 3756 2049 3842 lege
2087 3765 2375 3821 sanctum
2411 3755 2518 3834 sit,

463 3871 606 3914 esse
669 3849 1048 3934 neglectum.
1156 3871 1300 3914 cum
1353 3850 1514 3916 haec
1574 3863 1760 3917 erunt
1812 3850 2236 3924 considerata,
2301 3848 2514 3915 statim

461 3953 716 4006 nostrae
751 3941 912 4026 legis
950 3943 1369 4027 expositione,
1416 3944 1810 4022 recitatione,
1860 3941 2339 4008 conlaudatione
2374 3950 2516 4007 ute·-

461 4057 629 4112 mur,
685 4034 912 4100 deinde
966 4039 1311 4104 contrariae
1355 4039 1517 4126 legis
1557 4038 1969 4106 enodabimus
2014 4035 2405 4100 voluntatem
2449 4048 2515 4104 et
