2784 4575
492 222 579 287 90
1108 233 1189 287 M.
1222 230 1492 288 TULLII
1525 228 1928 287 CICERONIS

490 358 899 443 redarguam3
924 362 1320 441 ‘quamquam
1344 352 1850 441 reprehendendi
1885 361 2036 418 sunt
2071 351 2178 437 qui
2217 352 2288 417 in
2321 374 2576 439 genere

493 452 853 519 definiendo
903 451 1063 517 istas
1114 472 1343 515 causas
1399 447 1746 514 scribunt
1726 470 1794 511 m
1833 447 2126 533 personis
2169 456 2236 511 et
2275 445 2348 511 in
2397 458 2576 513 tem-

380 570 459 613 :aa
489 546 755 635 poribus
787 544 1033 633 positas
1070 566 1245 621 esse3
1288 565 1444 607 nam
1474 541 1598 607 etsi
1629 542 1960 607 incurrunt
1990 552 2280 627 tempora
2313 551 2378 606 et
2412 564 2574 629 per-

492 663 719 719 sonae,
779 650 994 705 tamen
1054 638 1550 723 intellegendum
1604 646 1732 714 est,
1792 658 1924 701 non
1975 658 2058 701 ex
2117 634 2244 713 eis,
2305 635 2426 699 sed
2479 658 2574 701 ex

490 756 725 821 genere
778 730 1165 818 quaestionis
1223 730 1504 819 pendere
1566 751 1814 795 causas.
1923 728 2040 794 sed
2089 728 2211 795 hoc
2260 728 2424 793 nihil
2477 730 2570 795 ad

488 852 623 907 me:
675 826 923 894 nullum
972 826 1143 893 enim
1183 825 1369 892 nobis
1424 836 1744 891 certamen
1777 845 1926 889 cum
1967 823 2110 891 istis
2143 846 2290 889 esse
2334 824 2566 903 debet3

490 932 739 989 tantum
772 921 929 987 satis
964 930 1067 986 est
1096 919 1383 1006 intellegi
1423 942 1508 984 ne
1543 918 1666 985 hoc
1707 918 1964 1004 quidem
1997 940 2110 985 eos
2156 928 2566 997 consecutos,

491 1016 666 1101 quod
706 1016 775 1081 in
814 1024 993 1081 tanto
1037 1014 1167 1081 otio
1220 1012 1414 1079 etiam
1467 1013 1603 1079 sine
1653 1013 1774 1077 hac
1817 1011 2056 1079 forensi
2105 1011 2566 1077 exercitatione

492 1110 746 1176 efficere
796 1118 1168 1197 potuerunt,
1220 1118 1293 1172 ut
1326 1129 1565 1194 genera
1613 1129 1826 1171 rerum
1877 1106 2308 1171 discernerent
2353 1128 2564 1189 eaque

380 1228 459 1270 ιω
492 1202 685 1291 paulo
738 1202 1028 1268 subtilius
1083 1200 1494 1287 explicarent.
1599 1222 1823 1265 verum
1873 1199 2024 1277 hoc,
2077 1210 2150 1264 ut
2183 1198 2344 1278 dixi,
2396 1200 2564 1265 nihil

494 1297 578 1361 ad
610 1318 743 1374 me3
795 1296 953 1360 illud
987 1296 1070 1360 ad
1103 1318 1208 1362 me
1244 1316 1320 1360 ac
1352 1295 1554 1361 multo
1589 1294 1781 1359 etiam
1815 1294 2020 1380 magis
2057 1294 2141 1359 ad
2174 1316 2320 1368 vos,
2359 1291 2566 1362 Cotta

492 1400 711 1455 noster
736 1399 801 1455 et
828 1389 1101 1477 Sulpici:
1138 1410 1263 1474 quo
1290 1389 1482 1453 modo
1509 1410 1678 1453 nunc
1713 1410 1784 1453 se
1809 1388 2076 1453 istorum
2101 1398 2270 1459 artes
2293 1386 2560 1465 habent,

493 1482 999 1569 pertimescenda
1030 1494 1131 1549 est
1163 1482 1502 1549 multitudo
1537 1503 1872 1547 causarum
1881 1506 1900 1561 3
1950 1492 2052 1547 est
2083 1481 2255 1547 enim
2286 1480 2562 1559 infinita,

497 1577 555 1643 si
584 1576 653 1642 in
684 1577 977 1664 personis
1010 1576 1297 1664 ponitur3
1355 1587 1512 1661 quot
1546 1574 1864 1654 homines,
1900 1585 1995 1641 tot
2029 1598 2288 1655 causae3
2334 1575 2439 1641 sin
2475 1578 2562 1641 ad

492 1694 802 1759 generum
843 1671 1175 1737 universas
1232 1668 1635 1755 quaestiones
1686 1670 2073 1747 referuntur,
2125 1668 2216 1733 ita
2265 1668 2559 1735 modicae

493 1777 562 1830 et
592 1788 835 1852 paucae
888 1776 1062 1866 sunt,
1115 1776 1188 1830 ut
1229 1787 1340 1830 eas
1393 1763 1600 1831 omnis
1653 1763 1988 1850 diligentes
2033 1773 2098 1829 et
2137 1785 2454 1829 memores
2493 1774 2561 1829 et

496 1860 692 1925 sobrii
729 1868 1011 1926 oratores
1044 1880 1381 1945 percursas
1435 1857 1648 1923 animo
1682 1868 1762 1923 et
1779 1880 1978 1945 prope
2014 1858 2221 1923 dicam
2257 1858 2560 1923 decanta?

495 1965 593 2018 tas
622 1953 856 2018 habere
886 1954 1187 2029 debeant3
1224 1951 1349 2017 nisi
1376 1953 1540 2019 forte
1569 1951 1943 2017 existimatis
1974 1975 2013 2017 a
2036 1950 2156 2017 Μ’.
2185 1948 2384 2018 Curio
2403 1971 2558 2015 cau-

498 2070 637 2111 sam
673 2045 968 2111 didicisse
994 2044 1079 2111 L.
1111 2042 1422 2113 Crassum
1459 2055 1524 2111 et
1559 2068 1636 2111 ea
1667 2068 1738 2110 re
1778 2044 1979 2111 multa
2013 2044 2319 2121 attulisse,
2357 2066 2558 2129 quam

499 2140 583 2205 ob
608 2160 744 2203 rem
767 2149 1065 2226 postumo
1090 2161 1219 2204 non
1244 2150 1393 2207 nato
1415 2136 1684 2207 Curium
1709 2150 1922 2205 tamen
1947 2138 2246 2205 heredem
2273 2136 2558 2225 Coponii

384 2257 463 2299 ιιι
500 2253 643 2298 esse
679 2243 1023 2320 oporteret:
1076 2233 1235 2300 nihil
1270 2234 1354 2300 ad
1388 2234 1638 2322 copiam
1673 2243 2188 2320 argumentorum
2221 2254 2427 2318 neque
2469 2234 2557 2298 ad

498 2347 729 2392 causae
756 2327 889 2393 vim
914 2349 990 2393 ac
1012 2338 1307 2393 naturam
1331 2350 1562 2393 nomen
1586 2324 1860 2416 Coponii
1889 2337 1997 2392 aut
2015 2325 2195 2393 Curii
2221 2326 2526 2412 pertinuit
2535 2353 2553 2405 3

496 2420 565 2485 in
597 2443 831 2508 genere
868 2434 1003 2488 erat
1034 2422 1334 2506 universo
1368 2422 1464 2488 rei
1489 2421 1874 2508 negotiique,
1907 2444 2038 2488 non
2073 2421 2141 2486 in
2165 2433 2443 2508 tempore
2471 2445 2558 2487 ac

495 2515 877 2596 nominibus,
889 2517 1094 2584 omnis
1115 2517 1432 2603 quaestio:
1451 2537 1596 2580 cum
1615 2515 1917 2603 scriptum
1943 2516 2034 2582 ita
2051 2515 2136 2582 sit
2151 2537 2340 2580 sunm
2353 2537 2558 2582 rmus

494 2632 766 2690 onmes,
784 2633 957 2684 περῶ]
975 2633 1142 2678 rmus
1159 2633 1440 2688 nonu-un,
1459 2620 1524 2674 et
1541 2620 1769 2688 cetera,
1786 2633 1909 2680 'rma
1923 2633 2056 2674 mm
2069 2633 2204 2674 m
2221 2631 2308 2674 srr
2320 2631 2554 2688 annue,

494 2703 765 2772 sinatus
790 2707 957 2772 filius
974 2730 1105 2772 non
1123 2706 1223 2784 sit,
1250 2705 1624 2770 videaturne
1641 2703 1719 2782 is,
1737 2703 1846 2787 qui
1872 2704 2000 2770 filio
2025 2714 2272 2769 mortuo
2297 2703 2556 2768 institu-

494 2808 597 2862 tus
634 2799 819 2866 heres
849 2801 950 2878 sit,
986 2800 1172 2864 heres
1204 2820 1377 2863 esse:
1414 2796 1704 2884 perpetui
1728 2797 1883 2862 iuris
1903 2808 1967 2863 et
1990 2797 2270 2864 universi
2295 2796 2551 2884 generis

496 2895 781 2975 quaestio
815 2917 947 2960 non
980 2893 1309 2959 hominum
1348 2893 1640 2971 nomina,
1696 2893 1813 2958 sed
1843 2893 2155 2960 rationem
2197 2892 2448 2958 dicendi
2483 2905 2554 2958 et

389 2979 465 3033 33
500 2998 1011 3072 argumentorum
1037 2987 1233 3052 fontis
1263 2987 1601 3054 desiderat.
1644 2986 1713 3050 in
1740 3009 1867 3071 quo
1901 2986 2093 3052 etiam
2120 2985 2225 3051 isti
2249 3009 2367 3052 nos
2392 2986 2550 3051 iuris

382 3053 462 3092 ²⁴²
498 3081 769 3146 consulti
794 3081 1147 3168 impediunt
1172 3104 1210 3144 a
1236 3081 1664 3166 discendoque
1690 3081 2036 3160 deterrent3
2071 3081 2260 3146 video
2288 3079 2457 3148 enim
2479 3079 2554 3144 in

496 3173 761 3241 Catonis
805 3186 871 3241 et
912 3176 981 3240 in
1019 3175 1207 3240 Bruti
1258 3175 1438 3240 libris
1481 3175 1854 3240 nominatim
1905 3177 2042 3241 fere
2092 3174 2344 3252 referri,
2396 3173 2555 3259 quid

492 3267 682 3333 alicui
734 3268 813 3335 de
862 3269 1001 3335 iure
1051 3268 1187 3334 viro
1242 3279 1351 3334 aut
1403 3267 1652 3334 mulieri
1709 3269 2135 3356 responderit3
2199 3268 2416 3346 credo,
2475 3280 2556 3332 ut

490 3371 859 3448 putaremus
910 3363 979 3428 in
1028 3361 1423 3440 hominibus,
1485 3385 1615 3428 non
1665 3363 1734 3428 in
1781 3386 1854 3430 re
1906 3361 2386 3429 consultationis
2441 3371 2555 3426 aut
2613 3373 2618 3376 '

493 3456 901 3524 dubitationis
955 3477 1214 3522 causam
1266 3456 1544 3540 aliquam
1592 3457 1822 3536 fuisse3
1880 3468 1984 3536 ut,
2037 3457 2210 3542 quod
2259 3456 2550 3522 homines

490 3549 982 3616 innumerabiles
1018 3561 1263 3629 essent,
1302 3547 1641 3636 [debilitati
1677 3574 1718 3617 a
1747 3551 1884 3618 iure
1921 3547 2396 3638 cognoscendo]
2435 3572 2552 3616 vo-

490 3643 797 3710 luntatem
834 3643 1119 3710 discendi
1154 3643 1342 3710 simul
1376 3665 1522 3709 cum
1557 3668 1671 3731 spe
1705 3644 2107 3732 perdiscendi
2133 3645 2549 3710 abiceremus.

370 3807 375 3815 ,
494 3739 611 3806 sed
661 3737 820 3803 haec
862 3735 1140 3805 Crassus
1194 3739 1534 3823 aliquando
1585 3739 1772 3804 nobis
1827 3739 2122 3827 expediet
2165 3750 2232 3804 et
2273 3747 2553 3826 exponet

493 3832 812 3917 descripta
861 3832 1239 3918 generatim:
1302 3842 1404 3897 est
1456 3831 1654 3910 enim,
1714 3855 1798 3898 ne
1847 3833 2014 3900 forte
2064 3831 2346 3909 nescias,
2409 3829 2550 3896 heri

492 3926 676 3991 nobis
711 3925 818 3991 ille
853 3926 1002 4004 hoc,
1054 3923 1312 4004 Catule,
1364 3925 1713 4012 pollicitus,
1767 3927 1868 3992 ius
1905 3927 2118 4005 civile,
2173 3926 2344 4012 quod
2377 3945 2549 3990 nunc

492 4017 795 4082 diffusum
856 4029 921 4084 et
971 4019 1343 4106 dissipatum
1397 4031 1594 4099 esset,
1655 4020 1722 4085 in
1783 4031 1956 4086 certa
1981 4043 2244 4108 genera
2295 4029 2552 4086 coactu-

1848 4285 1879 4311 ‘b
