2784 4575
489 275 573 340 12
1107 287 1186 341 Μ.
1224 287 1499 344 TULLII
1532 285 1935 342 CICERONIS

391 439 446 480 51
491 433 670 476 cesse
707 419 806 476 est
849 420 959 476 aut
1009 408 1292 475 omnium
1343 408 1646 476 inrisione
1696 408 1968 475 ludatur.
2057 408 2213 494 quid
2248 420 2350 475 est
2384 410 2559 478 enim

487 516 619 569 tam
653 501 991 580 furiosum,
1048 525 1240 587 quam
1273 503 1615 568 verberum
1658 503 1763 568 vel
1796 501 2177 589 optimorum
2220 513 2415 588 atque
2452 528 2559 570 or·-

487 595 962 664 natissimorum
1025 595 1272 662 sonitus
1328 595 1567 675 inanis,
1637 595 1814 662 nulla
1883 595 2167 664 subiecta
2236 599 2561 664 sententia

488 711 611 757 nec
662 689 964 756 scientia?
1049 688 1352 776 quioquid
1396 690 1516 756 erit
1566 689 1759 776 igitur
1810 709 2206 774 quacumque
2258 713 2343 762 ex
2392 703 2555 770 arte,

489 805 888 870 quocumque
941 785 1022 850 de
1061 806 1341 872 genere,
1393 785 1461 850 id
1514 796 1751 863 orator,
1816 785 1873 850 si
1924 795 2247 870 tamquam
2300 785 2556 854 clientis

490 900 750 945 causam
786 877 1100 957 didicerit,
1139 879 1308 946 dicet
1339 879 1569 946 melius
1602 889 1669 944 et
1700 877 2004 957 ornat-ius,
2043 900 2235 963 quam
2265 878 2405 988 ipse
2438 879 2554 952 ille

314 978 319 982 ’
390 1000 442 1041 52
487 972 622 1038 eius
673 972 769 1038 rei
817 971 1110 1038 inventor
1163 983 1354 1056 atque
1406 971 1653 1038 artifex.
1740 995 1889 1038 nam
1942 972 1997 1038 si
2044 972 2185 1058 quis
2238 972 2376 1050 erit,
2432 973 2551 1080 qui

485 1067 610 1133 hoc
659 1066 856 1145 dicat,
921 1087 1066 1132 esse
1118 1066 1431 1149 quasdam
1481 1075 1801 1130 oratorum
1852 1065 2142 1152 proprias
2196 1065 2545 1132 sententias

486 1170 676 1246 atque
713 1181 940 1226 causas
984 1169 1053 1225 et
1085 1169 1399 1226 certarum
1446 1181 1663 1226 rerum
1694 1159 2055 1226 forensibus
2092 1159 2389 1230 cancellis
2428 1159 2553 1226 eir-

488 1253 937 1340 cumscriptam
991 1252 1348 1331 scientiam,
1410 1253 1661 1320 fatebor
1726 1250 2021 1337 equidem
2068 1253 2137 1320 in
2186 1253 2287 1318 his
2338 1253 2551 1340 magis

487 1345 750 1412 adsidue
799 1346 1044 1412 versari
1093 1347 1259 1412 hanc
1307 1358 1593 1412 nostram
1642 1346 2009 1427 dictionem,
2062 1347 2179 1414 sed
2221 1359 2437 1414 tamen
2480 1347 2551 1414 in

485 1441 588 1508 his
630 1440 788 1528 ipsis
839 1441 1035 1507 rebus
1088 1441 1408 1528 permulta
1456 1451 1635 1520 sunt,
1691 1463 1855 1526 quae
1896 1441 2025 1528 ipsi
2066 1442 2385 1529 magistri,
2441 1442 2549 1526 qui

389 1565 442 1605 53
484 1535 784 1604 rhetorici
834 1547 1168 1615 vocantur,
1221 1557 1341 1602 1100
1393 1536 1653 1604 tradunt
1698 1558 1820 1602 nec
1860 1547 2099 1603 tenent.
2188 1537 2331 1621 quis
2378 1537 2549 1604 0111111

484 1631 690 1697 1103011
712 1631 1058 1696 maximam
1088 1632 1222 1696 vim
1257 1631 1569 1696 exsistere
1604 1630 1869 1698 oratoris
1903 1631 1973 1696 in
2005 1631 2333 1697 hominum
2368 1653 2551 1698 men-

485 1726 656 1792 tibus
691 1725 795 1790 vel
831 1726 914 1790 ad
954 1725 1116 1790 iram
1159 1734 1271 1790 aut
1303 1725 1390 1791 ad
1424 1725 1643 1792 odium
1684 1737 1795 1790 aut
1828 1725 1912 1791 ad
1946 1725 2229 1792 dolorem
2279 1724 2551 1792 111011311-

485 1820 584 1885 dis
653 1819 758 1884 vel
827 1820 909 1884 ab
971 1819 1148 1884 hisce
1209 1819 1452 1885 eisdem
1512 1819 2013 1906 permotionibus
2076 1819 2160 1886 ad
2216 1819 2549 1886 lenitatem

482 1912 1108 1996 misericordiamque
1165 1913 1581 1979 revocandis?
1642 1935 1769 1998 qua
1816 1936 1887 1980 re
1937 1913 2065 1979 nisi
2114 1913 2225 1997 qui
2283 1925 2547 1980 naturas

483 2007 814 2072 hominum
839 2005 1096 2089 vimque
1121 2029 1376 2070 omnem
1402 2007 1813 2074 humanitatis
1848 2029 2203 2092 causasque
2238 2031 2375 2086 eas,
2406 2009 2549 2092 qui-

483 2100 605 2163 bus
641 2109 886 2164 mentes
925 2108 1034 2162 aut
1077 2098 1419 2164 incitantur
1462 2111 1575 2166 aut
1612 2100 2049 2181 reflectuntur,
2102 2101 2355 2188 penitus
2400 2123 2549 2188 per-

388 2221 442 2260 54
487 2191 791 2278 spexerit,
829 2190 1095 2258 dicendo
1131 2193 1304 2277 quod
1336 2195 1507 2260 volet
1538 2195 1870 2307 perficere·
1876 2218 2007 2262 non
2038 2194 2291 2283 poterit.
2353 2205 2547 2279 atque

485 2297 653 2353 tetus
700 2284 804 2350 hio
853 2284 1032 2351 locus
1084 2287 1611 2376 philosophorum
1658 2291 1950 2379 proprius
2004 2292 2279 2369 videtur,
2334 2312 2545 2375 neque

483 2391 695 2447 orator
743 2402 848 2446 me
899 2390 1156 2447 auctore
1205 2404 1509 2467 umquam
1560 2385 1968 2473 repugnabit,
2022 2385 2164 2464 sed,
2220 2406 2367 2451 cum
2415 2385 2545 2450 11113

483 2475 910 2563 cognitionem
956 2498 1172 2543 rerum
1233 2480 1648 2559 concesserit,
1711 2481 1885 2564 quod
1932 2481 2003 2545 in
2052 2503 2133 2546 ea
2192 2480 2403 2546 solum
2450 2480 2547 2544 illi

482 2570 796 2637 voluerint
829 2570 1184 2652 elaborare,
1220 2574 1661 2641 tractationem
1694 2574 2023 2654 orationis,
2060 2596 2224 2660 quae
2260 2574 2400 2640 31110
2433 2574 2547 2639 1113

483 2664 746 2731 scientia
777 2664 956 2730 nulla
989 2677 1118 2745 est,
1165 2665 1288 2733 sibi
1331 2668 1656 2748 adsumet3
1706 2668 1829 2735 hoc
1872 2669 2043 2735 enim
2084 2678 2185 2735 est
2216 2668 2547 2755 proprium

481 2757 774 2838 oratoris,
824 2759 993 2843 quod
1031 2782 1222 2847 saepe
1256 2761 1385 2827 iam
1421 2762 1583 2841 dixi,
1636 2762 1837 2828 oratio
1873 2762 2087 2850 gravis
2122 2772 2191 2828 et
2221 2772 2447 2828 ornata
2478 2774 2547 2827 et

377 2852 446 2905 13
480 2852 808 2918 hominum
861 2853 1156 2920 sensibus
1209 2878 1286 2920 ac
1333 2855 1655 2921 mentibus
1709 2856 2209 2923 adcommodata.
2306 2856 2547 2939 quibus

385 2924 560 3008 ⁵⁵de
593 2946 786 3010 rebus
821 2946 1236 3014 Aristotelem
1279 2959 1343 3014 et
1377 2950 1896 3060 Theophrastum
1938 2950 2270 3037 scripsisse
2304 2949 2545 3027 fateor3

483 3037 599 3102 sed
647 3038 793 3105 vide
835 3062 920 3106 ne
962 3041 1112 3121 1100,
1171 3040 1513 3122 Scaevola,
1569 3054 1773 3111 totum
1818 3043 1903 3109 sit
1936 3068 1977 3111 a
2015 3066 2149 3111 1110.
2198 3066 2346 3107 113111
2390 3065 2545 3129 ege,

482 3152 646 3213 quae
699 3144 851 3198 sunt
901 3135 1136 3201 oratori
1185 3157 1331 3201 oum
1385 3136 1511 3201 illis
1564 3137 1953 3217 eommunia,
2004 3160 2134 3203 non
2168 3146 2417 3203 mutuor
2452 3138 2548 3201 ab

477 3222 634 3290 illis.
617 3248 634 3265 ·
687 3223 815 3313 ipsi
863 3248 1028 3311 quae
1081 3228 1162 3293 de
1214 3228 1313 3294 his
1363 3230 1558 3297 rebus
1614 3231 1967 3318 disput-ant,
2021 3240 2340 3298 oratorum
2392 3251 2543 3295 esse

479 3318 861 3400 concedunt,
914 3318 1126 3405 itaque
1181 3332 1425 3389 ceteros
1460 3323 1656 3391 libros
1693 3325 1845 3391 artis
1882 3346 2037 3392 suae
2078 3324 2361 3401 nomine,
2416 3322 2544 3391 hos

385 3442 440 3483 ω
479 3410 826 3478 rhetoricos
862 3423 930 3478 et
967 3412 1324 3481 inscribunt
1357 3427 1423 3483 et
1459 3417 1802 3505 appellant.
1888 3418 2121 3485 etenim
2164 3440 2310 3483 cum
2342 3416 2490 3483 1111
2468 3440 2541 3483 111

478 3504 746 3572 dicendo
779 3506 1112 3574 inciderint
1145 3509 1296 3590 1001,
1352 3512 1527 3595 quod
1565 3534 1875 3600 persaepe
1921 3511 2158 3589 evenit,
2210 3521 2285 3577 ut
2317 3510 2401 3575 de
2436 3510 2539 3575 dis

474 3600 966 3712 immortalibus,
1019 3604 1102 3671 de
1135 3605 1402 3693 pietate,
1456 3606 1541 3671 de
1574 3607 1938 3686 concordia,
1986 3606 2065 3671 de
2101 3603 2407 3683 amicitia,
2454 3604 2540 3669 de

481 3689 854 3785 [communi]
893 3695 1158 3777 civium,
1215 3695 1324 3783 [de
1359 3698 1747 3786 hominum,]
1804 3700 1883 3765 de
1918 3698 2203 3787 gentium
2236 3698 2407 3775 iure,
2453 3697 2541 3762 de

476 3789 819 3873 aequitate,
883 3791 964 3856 de
1026 3791 1472 3877 temperantia,
1534 3792 1617 3857 de
1675 3793 2113 3881 magnitudine
2166 3790 2389 3869 animi,
2454 3791 2539 3855 de

476 3883 648 3948 omni
699 3883 948 3951 virtutis
1003 3908 1237 3973 genere
1291 3886 1376 3951 sit.
1436 3886 1804 3966 dicendum,
1868 3887 2257 3965 clamabunt,
2320 3884 2537 3963 crede,

477 3976 688 4041 omnia
722 3980 1057 4064 gymnasia
1091 3991 1280 4063 atque
1313 4001 1538 4045 omnes
1564 3981 2089 4069 philosophorum
2124 3978 2381 4047 scholae
2416 4001 2541 4046 sua

473 4090 619 4133 esse
672 4069 830 4135 haec
881 4075 1093 4140 omnia
1149 4070 1460 4161 [propria]
1474 4122 1493 4152 ,
1555 4074 1713 4139 nihil
1773 4075 2029 4143 omnino
2082 4074 2166 4143 ad
2216 4084 2536 4140 oratorem
