2784 4575
14 2129 35 2215 fl*

1054 252 1365 311 BRUTUS
1403 253 1640 309 16—24.
2243 243 2367 309 201

316 376 485 466 pulsi
522 387 712 461 atque
746 376 988 443 incensi
1027 361 1269 441 sumus.
1358 376 1474 441 sed
1507 376 1644 454 illa,
1689 395 1835 440 cum
1869 375 2136 465 poteris3
2185 387 2373 465 atque

314 484 387 537 ut
419 471 663 559 possis,
716 494 876 559 rogo
885 496 905 551 3
958 491 1128 535 nunc
1172 492 1323 535 vero
1333 470 1373 548 ,⁹
1428 470 1633 553 inquit
1678 469 1762 535 ‘si
1798 492 1866 535 es
1905 472 2115 537 animo
2150 493 2372 553 vacu0,
2399 500 2455 543 πο

316 580 565 653 expone
616 564 801 632 nobis
856 563 1027 649 quod
1082 563 1484 648 quaerimus.’
1575 563 1905 649 ‘quidnam
1957 576 2056 631 est
2096 564 2228 631 idP’
2279 566 2378 632 in-

316 681 527 745 quam.
620 657 822 744 ‘quod
871 658 1029 724 mihi
1078 681 1283 746 nuper
1334 658 1402 723 in
1447 657 1815 726 Tusculano
1866 658 2244 725 inchoavisti
2295 661 2375 727 de

316 754 700 833 oratoribus,
758 753 1011 840 quando
1047 775 1192 818 esse
1228 752 1618 840 coepissent,
1679 752 1788 837 qui
1830 753 2022 819 etiam
2057 765 2122 819 et
2155 754 2374 839 quales

313 848 617 915 fuissent:
663 870 855 933 quem
888 870 1011 934 ego
1048 870 1407 913 sermonem
1454 868 1600 912 cum
1635 848 1717 913 ad
1749 848 2036 912 Brutum‘
2058 858 2239 914 tuum
2271 848 2376 915 vel

314 952 607 1024 nostrum
647 941 862 1028 potius
917 940 1316 1019 detulissem,
1370 963 1608 1028 magno
1660 962 1852 1027 opere
1896 940 1998 1006 hic
2053 941 2268 1007 audire
2305 964 2376 1009 se
2475 935 2479 939 ’

313 1036 479 1103 vello
514 1034 703 1101 dixit:
746 1034 961 1119 itaque
996 1034 1166 1099 hunc
1202 1035 1512 1121 elegimus
1549 1034 1744 1113 diem,
1791 1056 1936 1099 cum
1971 1045 2032 1100 te
2071 1036 2374 1101 sciremus

314 1151 459 1195 esse
496 1148 789 1195 vacuum.
876 1126 1014 1212 qua
1038 1150 1137 1206 re,
1196 1127 1253 1194 si
1287 1128 1403 1193 tibi
1449 1139 1549 1197 est
1600 1129 2030 1208 commodum,
2086 1130 2203 1197 ede
2247 1130 2374 1209 illa,

314 1246 475 1307 quae
530 1244 861 1311 coeperas,
917 1232 982 1288 et
1011 1223 1217 1289 Bruto
1263 1233 1329 1289 et
1370 1222 1567 1288 mihi?
1659 1228 1811 1311 ‘ego
1855 1246 2007 1289 vero
2017 1223 2057 1303 ,⁹
2116 1224 2375 1309 inquam
2401 1254 2452 1293 21

314 1318 401 1383 ‘si
450 1328 703 1406 potero,
756 1317 990 1383 faciam
1041 1318 1223 1383 vobis
1288 1317 1494 1382 satis.'
1605 1316 1927 1404 ‘poteris,'
1990 1316 2198 1403 inquit
2249 1326 2376 1386 ‘re-

311 1412 459 1477 laxa
493 1412 684 1488 modo
718 1411 980 1499 paulum
1034 1412 1317 1476 animum
1354 1423 1465 1476 aut
1506 1411 1724 1499 plane,
1779 1412 1835 1476 si
1867 1422 2082 1499 potes,
2134 1414 2376 1480 libera?

314 1511 574 1593 ‘nempe
626 1506 819 1593 igitur
870 1504 1022 1570 hinc
1072 1515 1206 1570 tum
1216 1554 1235 1584 ,
1298 1505 1647 1592 Pomponi,
1711 1505 1937 1571 ductus
1994 1518 2095 1572 est
2146 1530 2372 1587 serm0,

314 1599 486 1683 quod
519 1609 659 1664 erat
691 1623 730 1665 a
764 1621 867 1665 me
902 1599 1140 1666 mentio
1184 1600 1356 1663 facta
1392 1621 1652 1664 causam
1685 1598 1980 1664 Deiotari
2022 1601 2376 1667 fidelissimi

313 1703 503 1777 atque
547 1694 770 1779 optimi
821 1694 993 1780 regis
1049 1691 1450 1759 ornatissime
1495 1704 1560 1758 et
1605 1693 2044 1781 copiosissime
2090 1718 2129 1760 a
2169 1697 2373 1761 Bruto

311 1810 416 1852 me
476 1786 732 1854 audisse
795 1787 1172 1853 defensam.’
1284 1787 1478 1853 ‘scio’
1541 1786 1773 1871 inquit,
1839 1790 1952 1853 ‘ab
2010 1789 2134 1855 isto
2197 1789 2373 1855 initio
2411 1805 2450 1857 6

313 1893 586 1947 tractum
648 1905 792 1948 esse
858 1905 1217 1949 sermonem
1279 1892 1468 1967 teque
1530 1882 1720 1947 Bruti
1789 1882 2112 1948 dolentem
2171 1884 2376 1949 vicem

312 1975 498 2060 quasi
550 1976 885 2043 deflevisse
936 1975 1315 2041 iudiciorum
1377 1976 1744 2041 vastitatem
1797 1987 1864 2041 et
1914 1977 2086 2043 fori.'
2195 1978 2372 2043 ‘feci'

311 2070 572 2154 inquam
619 2071 814 2136 ‘istuc
851 2070 1105 2155 quidem
1140 2082 1204 2135 et
1240 2093 1434 2158 saepe
1469 2070 1665 2148 faci03
1727 2093 1877 2135 nam
1911 2070 2096 2149 mihi,
2149 2073 2369 2150 Brute,
2401 2098 2456 2138 22

310 2164 379 2229 in
412 2176 476 2231 te
508 2166 779 2231 intuenti
815 2166 1035 2232 crebro
1071 2164 1139 2230 in
1173 2176 1454 2231 mentem
1489 2165 1665 2230 venit
1698 2164 1934 2243 vereri,
1979 2166 2376 2251 ecquodnam

313 2258 692 2324 curriculum
736 2259 1075 2345 aliquando
1130 2259 1213 2325 sit
1254 2258 1551 2326 habitura
1584 2269 1695 2324 tua
1731 2270 1796 2326 et
1827 2269 2054 2326 natura
2107 2260 2379 2326 admira·-

312 2351 457 2418 bilis
502 2363 567 2417 et
622 2353 939 2436 exquisita
990 2354 1275 2419 doctrina
1329 2364 1393 2419 et
1447 2353 1784 2440 singularis
1838 2353 2176 2432 industria3
2233 2377 2378 2420 cum

314 2445 484 2511 enim
514 2444 583 2510 in
615 2445 909 2510 maximis
956 2447 1165 2512 causis
1212 2457 1504 2512 versatus
1559 2468 1736 2510 esses
1773 2457 1838 2511 et
1871 2468 2016 2511 cum
2053 2447 2166 2511 tibi
2201 2457 2375 2511 aetas

312 2549 531 2606 nostra
564 2537 693 2603 iam
728 2538 982 2604 cederet
1016 2539 1337 2622 fascisque
1374 2537 1823 2617 summitteret,
1879 2540 2089 2604 subito
2123 2539 2192 2602 in
2227 2538 2378 2602 civi-

314 2644 443 2698 tate
480 2653 643 2714 cum
696 2631 821 2696 alia
874 2632 1264 2709 ceciderunt,
1328 2641 1464 2695 tum
1517 2630 1708 2694 etiam
1760 2653 1838 2696 ea
1887 2632 2056 2718 ipsa,
2120 2632 2200 2696 de
2254 2653 2379 2714 qua

313 2725 635 2812 disputare
670 2725 977 2804 ordimur,
1025 2724 1386 2809 eloquentia
1421 2723 1773 2815 obmutuit?
1863 2736 1998 2789 tum
2034 2723 2142 2788 ille
2180 2729 2199 2759 ‘
2209 2733 2376 2789 cete-
2401 2752 2458 2792 23

310 2842 525 2886 rarum
559 2842 771 2885 rerum
826 2819 1043 2884 causa'
1098 2818 1304 2904 inquit
1356 2819 1553 2883 ‘istuc
1595 2827 1660 2883 et
1712 2816 1896 2883 doleo
1935 2828 2000 2883 et
2035 2817 2378 2884 dolendum

308 2923 467 3004 puto
476 2939 513 2994 3·
552 2913 804 2980 dicendi
840 2924 1053 2980 autem
1089 2936 1193 2978 me
1227 2936 1357 2979 non
1392 2923 1524 2977 tam
1569 2912 1811 2977 fructus
1849 2923 1914 2978 et
1947 2913 2150 3000 gloria
2185 2935 2374 2998 quam

314 3007 597 3075 studium
640 3008 853 3096 ipsum
898 3008 1387 3093 exercitatioque
1435 3006 1736 3072 delectat:
1793 3008 1966 3092 quod
2005 3007 2162 3072 mihi
2203 3007 2378 3072 nulla

310 3127 415 3170 res
452 3103 676 3190 eripiet
718 3115 781 3169 te
821 3104 1197 3191 praesertim
1233 3113 1362 3167 tam
1399 3101 1684 3168 studioso
1729 3101 1876 3167 mei.
1965 3100 2173 3167 dicere
2209 3099 2378 3165 enim

310 3199 476 3264 bene
511 3221 700 3264 nemo
733 3209 973 3285 potest,
998 3197 1151 3263 nisi
1194 3196 1301 3282 qui
1334 3195 1680 3284 prudenter
1730 3195 2059 3283 intellegit.
2149 3217 2276 3281 qua
2307 3217 2378 3258 re

314 3289 424 3374 qui
476 3290 879 3400 eloquentiae
906 3315 1095 3358 verae
1140 3293 1249 3357 dat
1294 3311 1580 3378 operam,
1636 3289 1746 3354 dat
1796 3287 2196 3377 prudentiae,
2252 3309 2378 3372 qua

314 3405 397 3447 ne
438 3383 735 3448 maximis
780 3385 1099 3469 quidem
1078 3410 1147 3449 m
1180 3385 1365 3451 bellis
1413 3405 1616 3469 aequo
1673 3383 1884 3450 animo
1940 3405 2152 3449 carere
2205 3381 2378 3465 quis-

318 3496 509 3586 quam
542 3476 794 3562 potest.⁹
884 3478 1283 3565 ‘praeclare,’
1338 3478 1600 3561 inquam
1675 3478 1932 3556 ‘Brute,
1980 3477 2138 3542 dicis
2175 3496 2374 3560 eoque
2402 3501 2458 3543 24

315 3569 523 3656 magis
573 3569 701 3636 ista
752 3569 1005 3636 dicendi
1063 3571 1252 3636 laude
1306 3571 1616 3651 delector,
1681 3571 1852 3656 quod
1912 3581 2149 3648 cetera,
2212 3591 2373 3654 quae

269 3673 273 3677 “
318 3675 465 3729 sunt
500 3663 821 3749 quondam
871 3664 1091 3730 habita
1131 3664 1200 3730 in
1244 3664 1499 3730 civitate
1550 3663 2000 3752 pulcherrima,
2054 3687 2242 3729 nemo
2277 3674 2378 3728 est

314 3767 448 3823 tam
481 3757 738 3825 humilis
792 3758 901 3845 qui
936 3782 1007 3824 se
1049 3780 1181 3825 non
1226 3769 1337 3824 aut
1366 3781 1561 3846 posse
1615 3757 1881 3845 adipisci
1917 3769 2022 3823 aut
2077 3757 2377 3844 adeptum

312 3864 523 3940 putetz
576 3855 977 3940 eloquentem
1028 3855 1348 3920 neminem
1390 3854 1579 3920 video
1622 3852 1861 3918 factum
1907 3875 2049 3920 esse
2093 3850 2375 3918 victoria.

316 3946 433 4011 sed
468 3969 593 4032 quo
628 3948 879 4015 facilius
929 3970 1137 4015 sermo
1191 3946 1570 4036 explicetur,
1624 3947 1950 4027 sedentes,
2007 3946 2062 4012 si
2105 3945 2375 4023 videtur,
