2784 4575
1100 273 1411 330 BRUTUS
1448 273 1651 328 5-15.
2277 261 2401 326 199

344 401 537 516 ponio
574 410 865 478 venerat,
911 396 1200 464 homines
1238 419 1382 461 cum
1424 397 1588 461 inter
1624 419 1693 461 se
1728 396 2045 461 coniuncti
2080 404 2213 460 tum
2246 395 2403 462 mihi

344 501 436 565 ita
469 495 600 564 cari
632 495 848 580 itaque
883 492 1168 571 iucundi,
1203 501 1277 556 ut
1310 513 1530 556 eorum
1564 501 1826 578 aspectu
1860 491 2063 562 omnis
2102 511 2264 574 quae
2298 513 2401 556 me

344 591 623 678 angebat
665 587 750 654 de
789 609 861 654 re
905 585 1160 709 publica
1213 607 1366 652 cura
1420 584 1803 650 consederit:
1860 606 2021 669 quos
2062 593 2405 671 postquam

345 683 647 762 salutavi,
697 682 879 768 ‘quid
914 681 1080 759 vos,'
1125 681 1429 764 inquam
1422 679 1651 744 ‘Brute
1694 689 1760 743 et
1790 677 2045 744 Attice?
2096 677 2405 763 numquid

343 780 604 846 tandem
637 776 853 844 noviP'
909 775 1094 840 ‘nihil
1131 773 1334 852 sane,'
1378 773 1583 857 inquit
1615 773 1855 838 Brutus
1913 773 2115 858 ‘quod
2150 774 2403 858 quidem

341 884 480 952 aut,
509 883 580 938 tu
634 870 852 937 audire
903 868 1063 935 velis
1120 879 1229 933 aut
1281 889 1403 953 ego
1454 890 1571 954 pro
1624 878 1797 933 certo
1852 865 2061 934 dicere
2114 867 2416 936 audeam-⁹

341 978 483 1033 tum
515 965 774 1031 Atticus
822 963 958 1029 ‘eo'
1002 961 1207 1046 inquit
1253 961 1367 1026 ‘ad
1402 971 1468 1025 te
1504 959 1715 1026 animo
1750 959 2068 1040 venimus,
2114 971 2187 1028 ut
2221 962 2301 1027 de
2332 983 2403 1028 re
2432 989 2483 1028 ιι

346 1059 603 1147 publica
653 1067 829 1124 esset
879 1056 1198 1122 silentium
1243 1064 1309 1120 et
1362 1054 1602 1138 aliquid
1655 1054 2015 1120 audiremus
2068 1054 2279 1142 potius
2324 1077 2409 1120 ex

343 1165 445 1232 te,
499 1175 688 1238 quam
723 1163 787 1218 te
825 1151 1240 1216 adficeremus
1281 1148 1416 1214 ulla
1456 1148 1785 1214 molestia)
1872 1155 2020 1216 ‘vos
2056 1148 2257 1228 ver0,'
2308 1149 2407 1214 in·-

339 1268 540 1332 quam
577 1247 850 1324 ‘Attice,
905 1255 971 1310 et
1004 1253 1409 1331 praesentem
1450 1265 1554 1308 me
1590 1264 1743 1308 cura
1783 1242 2008 1327 levatis
2046 1254 2110 1308 et
2154 1243 2405 1309 absenti

343 1363 582 1428 magna
631 1339 868 1406 solacia
913 1337 1209 1416 dedistis,
1260 1360 1411 1402 nam
1456 1336 1684 1402 vestris
1736 1337 2011 1422 primum
2044 1336 2269 1402 litteris
2304 1359 2406 1402 re·-

343 1446 596 1500 creatus
630 1455 734 1498 me
769 1432 853 1498 ad
895 1431 1164 1519 pristina
1207 1431 1420 1496 studia
1459 1431 1799 1496 revocavi?
1890 1441 2026 1496 tum
2066 1431 2175 1498 ille
2219 1431 2401 1518 ‘legi'

343 1527 550 1612 inquit
604 1527 1015 1614 ‘perlibenter
1067 1524 1432 1612 epistulam,
1488 1547 1678 1609 quam
1720 1525 1803 1589 ad
1844 1536 1907 1590 te
1949 1526 2189 1591 Brutus
2232 1525 2405 1592 misit

339 1643 428 1686 ex
460 1620 654 1698 Asia,
709 1641 835 1705 qua
876 1618 1032 1684 mihi
1083 1618 1260 1683 visus
1307 1628 1407 1683 est
1450 1628 1515 1682 et
1556 1640 1813 1683 monere
1851 1628 1913 1683 te
1956 1619 2298 1705 prudenter
2340 1631 2407 1684 et

341 1714 662 1780 consolari
713 1713 1131 1778 amicissime.’
1223 1711 1451 1778 ‘recte’
1505 1712 1766 1796 inquam
1817 1718 1947 1778 ‘est
1995 1713 2199 1780 visus:
2250 1737 2401 1783 nam
2430 1747 2483 1787 ιιι
2596 1729 2599 1732 ’

345 1829 454 1873 me
504 1807 645 1874 istis
699 1807 858 1873 scito
918 1806 1144 1871 litteris
1197 1827 1278 1870 ex
1331 1806 1629 1870 diuturna
1686 1807 2158 1894 perturbatione
2210 1808 2403 1874 totius

348 1901 728 1968 valetudinis
764 1913 1086 1986 tamquam
1122 1900 1206 1965 ad
1241 1899 1673 1987 aspiciendam
1713 1901 1921 1966 lucem
1968 1923 2113 1968 esse
2143 1924 2407 1970 revoca—

340 2008 511 2077 tum3
567 2005 756 2080 atque
797 2007 870 2060 ut
919 2005 1070 2083 post
1115 1991 1529 2060 Cannensem
1578 1995 1755 2060 illam
1806 1993 2228 2060 calamitatem
2275 1997 2405 2082 pri-

341 2113 521 2155 mum
571 2089 866 2154 Marcelli
919 2090 1002 2154 ad
1051 2087 1283 2154 Nolam
1331 2088 1573 2175 proelio
1625 2089 1897 2176 populus
1954 2109 2023 2154 se
2074 2088 2403 2170 Romanus

339 2182 550 2250 erexit
593 2193 945 2268 posteaque
988 2204 1332 2269 prosperae
1383 2205 1489 2248 res
1542 2182 1841 2270 deinceps
1894 2183 2130 2249 multae
2182 2206 2405 2250 conse-

342 2286 531 2341 cutae
593 2286 768 2356 sunt,
831 2276 925 2343 sic
973 2289 1124 2364 post
1179 2300 1392 2343 rerum
1450 2287 1811 2344 nostrarum
1862 2289 1925 2344 et
1976 2280 2405 2345 communium

342 2370 762 2457 gravissimos
817 2392 1004 2436 casus
1057 2371 1216 2435 nihil
1269 2383 1417 2437 ante
1470 2372 1805 2457 epistulam
1855 2373 2042 2437 Bruti
2092 2373 2249 2437 mihi
2300 2394 2407 2437 ac-

341 2462 520 2542 cidit,
557 2463 730 2548 quod
763 2464 994 2529 vellem
1029 2475 1140 2530 aut
1173 2465 1344 2549 quod
1373 2464 1586 2547 aliqua
1620 2487 1702 2528 ex
1734 2475 1913 2549 parte
1950 2464 2403 2529 sollicitudines

341 2556 672 2623 adlevaret
720 2558 938 2623 meas?
1027 2569 1162 2623 tum
1202 2558 1445 2623 Brutus
1490 2556 1693 2624 ‘volui
1734 2556 1803 2620 id
1854 2556 2110 2641 quidem
2150 2556 2403 2621 efficere
2430 2584 2482 2625 ιι

341 2662 516 2716 certe
559 2661 624 2716 et
667 2650 850 2738 capio
894 2674 1200 2737 magnum
1251 2651 1556 2729 fructum,
1612 2649 1667 2713 si
1713 2648 1965 2731 quidem
2018 2648 2190 2733 quod
2232 2647 2405 2714 volui

346 2754 526 2809 tanta
573 2745 642 2809 in
692 2768 762 2810 re
816 2756 1195 2812 consecutus
1249 2767 1391 2809 sum
1400 2769 1420 2823 3
1476 2743 1592 2808 sed
1644 2743 1805 2807 scire
1858 2742 2073 2828 cupi0,
2127 2763 2289 2825 quae
2342 2753 2405 2807 te

349 2836 554 2902 Attici
586 2838 830 2903 litterae
867 2838 1357 2904 delectaverint?
1408 2838 1597 2903 ‘istae
1631 2835 1822 2913 vero,’
1859 2835 2119 2919 inquam
2154 2835 2403 2915 ‘Brute,

346 2954 481 2997 non
514 2930 705 2998 modo
741 2932 1225 2998 delectationem
1259 2930 1443 3009 mihi,
1482 2929 1596 2997 sed
1632 2930 1840 3008 etiam,
1875 2940 1949 2993 ut
1983 2951 2197 3016 spero,
2236 2929 2405 2995 salu-

347 3035 480 3089 tem
516 3025 898 3091 attulerunt?
988 3025 1352 3091 ‘salutem?'
1389 3023 1593 3108 inquit
1624 3024 1732 3089 ille
1767 3022 2115 3107 ‘quodnam
2150 3023 2407 3087 tandem

342 3140 553 3205 genus
597 3118 766 3183 istuc
821 3130 954 3183 tam
1003 3119 1400 3206 praeclarum
1450 3118 1798 3182 litterarum
1850 3115 2032 3181 fuit?’
2088 3120 2200 3179 ‘an
2250 3113 2407 3179 mihi

347 3212 578 3299 potuit’
611 3212 876 3296 inquam
913 3218 1087 3278 ‘esse
1125 3223 1234 3277 aut
1265 3211 1505 3299 gratior
1536 3210 1669 3275 ulla
1695 3209 1989 3276 salutatio
2026 3218 2135 3274 aut
2168 3208 2253 3273 ad
2283 3207 2406 3273 hoc

345 3316 602 3392 <tempus
639 3306 844 3392 aptior
877 3326 1069 3390 quam
1102 3306 1270 3371 illius
1297 3306 1461 3385 libri,
1502 3327 1626 3390 quo
1658 3327 1761 3369 me
1796 3304 1901 3369 hic
1935 3302 2187 3367 adfatus
2224 3301 2407 3385 quasi

346 3397 661 3463 iacentem
706 3398 1070 3465 excitavit?
1124 3410 1261 3465 tum
1300 3399 1409 3465 ille
1464 3405 1719 3486 ‘nempe
1764 3419 1910 3463 eum
1946 3396 2102 3461 dicis
2111 3394 2153 3473 ,’
2204 3393 2407 3477 inquit
2434 3421 2488 3463 ιι

347 3497 513 3575 ‘quo
543 3491 666 3558 iste
711 3516 965 3559 omnem
1005 3516 1218 3559 rerum
1266 3493 1637 3572 memoriam
1679 3492 1953 3558 breviter
1996 3502 2087 3569 et,
2139 3500 2211 3555 ut
2250 3488 2409 3553 mihi

343 3584 610 3671 quidem
643 3584 854 3651 visum
888 3596 1033 3675 est,
1068 3586 1519 3674 perdiligenter
1565 3586 1931 3674 complexus
1969 3582 2131 3650 est?
2185 3582 2409 3649 ‘istum

345 3679 612 3766 ipsum,’
663 3680 925 3766 inquam
968 3681 1226 3759 ‘Brute,
1279 3680 1421 3746 dico
1464 3681 1693 3746 librum
1734 3678 1891 3745 mihi
1934 3676 2121 3744 saluti
2163 3677 2405 3753 fuisse?

346 3783 487 3838 tum
520 3773 781 3840 Atticus
829 3775 1325 3861 ‘optatissimum
1365 3774 1523 3839 mihi
1566 3774 1824 3865 quidem
1867 3783 1965 3839 est
2000 3772 2173 3856 quod
2216 3770 2403 3836 dieisz
2438 3781 2477 3837 4

349 3867 471 3930 sed
504 3867 658 3951 quid
693 3867 952 3933 tandem
987 3867 1209 3933 habuit
1249 3868 1411 3934 liber
1451 3867 1601 3946 iste,
1655 3867 1826 3951 quod
1868 3865 1983 3932 tibi
2026 3876 2136 3931 aut
2167 3886 2407 3931 novum

355 3968 466 4021 aut
507 3968 683 4028 tanto
727 3961 871 4027 usui
912 3972 1134 4047 posset
1175 3960 1384 4025 esse?'
1442 3960 1575 4025 ‘ille
1618 3982 1769 4025 vero
1804 3972 1870 4026 et
1900 3958 2093 4024 nova’
2145 3957 2404 4042 inquam
2431 3982 2487 4025 15

349 4049 540 4117 ‘mihi
574 4054 831 4138 quidem
863 4054 1064 4120 multa
1097 4065 1164 4119 et
1197 4076 1340 4119 eam
1372 4052 1725 4133 utilitatem,
1763 4076 1950 4139 quam
1986 4052 2404 4137 requirebam,
