2784 4575
518 215 657 286 374
1140 224 1218 282 Μ.
1255 223 1530 284 TULLII
1566 223 1964 296 CICERONIS

418 381 495 423 m
522 351 739 420 tentiis
782 359 1100 438 pareatur.
1186 347 1420 418 deinde
1454 368 1658 437 genus
1711 349 1848 420 eius
1901 348 2076 416 modi
2126 289 2492 418 calliditatis
2533 363 2605 416 et

523 443 875 514 calumniae
926 443 1342 510 retrahetur
1320 467 1390 511 ιιι
1443 444 1660 515 odium
1702 442 1928 510 iudicis
1974 465 2121 521 ,cum
2169 442 2521 528 quadarn
2496 469 2606 510 ιιι-

521 539 771 613 vidiosa
802 538 1115 624 querella,
1168 548 1235 604 et
1270 537 1327 604 si
1358 538 1598 612 incidet
1629 537 2094 624 imprudentiae
2137 559 2363 617 causa,
2426 560 2606 624 quae

521 657 653 700 non
688 634 771 700 ad
806 633 1133 710 delictum,
1169 632 1285 701 sed
1319 633 1404 698 ad
1437 653 1658 698 casum
1689 631 2217 708 necessitatemve
2249 631 2607 719 pertineat,

528 729 701 814 quod
732 751 936 815 genus
971 723 1163 816 paulo
1198 737 1347 794 ante
1381 725 1738 813 attigimus,
1791 725 1914 792 erit
1961 727 2206 795 eisdem
2247 725 2606 812 aequitatis

528 821 857 890 sententiis
926 831 1149 888 contra
1208 819 1617 893 acerbitatem
1685 820 2026 888 verborum
2093 819 2604 908 deprecandum.

527 916 629 982 sin
662 915 901 1002 scripta
946 915 1114 982 inter
1166 935 1311 980 sese
1363 913 1772 993 dissentient,
1826 924 2004 984 tanta
2047 914 2244 982 series
2289 915 2454 998 artis
2498 929 2604 982 est

526 1023 592 1080 et
627 1011 721 1078 sic
761 1010 927 1080 inter
970 1032 1041 1077 se
1088 1020 1240 1076 sunt
1287 1007 1594 1096 pleraque
1645 1030 1892 1076 conexa
1941 1019 2008 1076 et
2038 1019 2219 1096 apta,
2269 1019 2371 1087 ut,
2427 1031 2608 1094 quae

524 1104 720 1192 paulo
752 1115 899 1172 ante
932 1113 1277 1191 praecepta
1307 1101 1598 1171 dedimus
1651 1101 1934 1190 ambigni
1967 1123 2258 1188 quasque
2298 1103 2608 1189 proxime

528 1197 877 1266 sententiae
912 1209 977 1264 et
1009 1197 1256 1284 scripti,
1292 1197 1518 1262 eadem
1553 1197 1638 1264 ad
1669 1197 1793 1266 hoc
1827 1219 2032 1284 genus
2066 1219 2298 1266 causae
2333 1197 2604 1268 tertium

424 1315 503 1358 ιω
528 1293 1021 1372 transferanmr3
1090 1315 1241 1358 nam
1276 1291 1509 1376 quibus
1560 1291 1774 1358 locis
1753 1315 1821 1358 m
1849 1291 2152 1378 ambiguo
2183 1291 2604 1360 defendimus

529 1408 671 1452 eam
716 1343 1270 1472 significationem,
1324 1407 1491 1471 quse
1533 1407 1652 1452 nos
1707 1387 1995 1465 adiuvat,
2047 1386 2356 1454 eisdem·
2335 1411 2408 1452 m
2445 1409 2603 1456 con·

528 1479 734 1546 trariis
786 1479 1036 1566 legibus
1086 1490 1311 1547 nostra
1356 1480 1468 1546 lex
1527 1469 1931 1560 defendenda
1979 1491 2102 1546 est.
2205 1480 2442 1548 deinde
2497 1492 2597 1548 est

528 1575 957 1656 efficiendum,
990 1586 1065 1642 ut
1098 1575 1358 1644 alterius
1390 1576 1610 1663 scripti
1645 1575 2054 1655 sententiam,
2098 1573 2358 1644 alterius
2393 1579 2599 1646 verba

434 1757 443 1763 ⁵
528 1671 981 1751 defendamus,
963 1696 982 1715 ·
1086 1671 1177 1739 ita
1226 1691 1392 1756 quae
1451 1671 1642 1740 modo
1705 1671 1786 1737 de
1847 1670 2086 1758 scripto
2149 1672 2601 1760 sententiaque

525 1766 997 1854 praecepimus,
1034 1766 1259 1834 eadem
1294 1765 1421 1832 huc
1455 1765 1671 1832 omnia
1703 1765 2184 1841 transferemus.

423 1848 540 1961 ξξζ
653 1859 1007 1947 Expositae
1042 1859 1157 1926 tibi
1192 1881 1414 1927 omnes
1451 1871 1602 1928 sunt
1635 1859 1944 1928 oratoriae
1986 1859 2388 1946 partitiones,
2423 1882 2602 1946 quae

522 1941 787 2039 ‘quidem
820 1977 857 2020 e
899 1953 1113 2022 media
1158 1953 1271 2020 illa
1319 1964 1542 2020 nostra
1581 1954 1938 2020 Academia
1987 1953 2418 2032 effloruerunt,
2473 1978 2601 2022 ne-

528 2072 653 2134 que
699 2049 837 2116 sine
881 2072 959 2116 ea
1018 2059 1129 2114 aut
1177 2048 1450 2116 inveniri
1491 2060 1601 2115 aut
1643 2048 1930 2136 intellegi
1981 2060 2095 2116 aut
2143 2047 2387 2116 &acta-ri
2417 2069 2602 2132 pos-—

524 2153 704 2220 sunt3
758 2165 909 2206 nam
960 2153 1024 2208 et
1056 2141 1277 2229 partiri
1310 2143 1524 2230 ipsum
1567 2156 1632 2212 et
1666 2144 1927 2213 definire
1963 2155 2029 2212 et
2071 2140 2340 2229 ambigui
2377 2141 2606 2228 patti-

524 2235 729 2303 tiones
766 2235 1047 2305 dividere
1082 2247 1149 2305 et
1166 2248 1700 2325 argumentorum
1713 2238 1891 2311 locos
1925 2259 2122 2315 nosse
2151 2247 2218 2305 et
2249 2257 2600 2324 argumen-

527 2330 833 2400 tationem
863 2332 1072 2418 ipsam
1106 2332 1488 2401 concludere
1521 2344 1587 2401 et
1614 2332 1830 2401 videre
1864 2354 2030 2417 quae
2057 2332 2368 2399 sumenda
2390 2331 2463 2397 in
2494 2356 2596 2397 ar-

522 2428 957 2512 gumentando
993 2428 1125 2495 sint
1154 2428 1434 2513 quidque
1469 2450 1553 2496 ex
1587 2427 1712 2518 eis,
1749 2447 1914 2512 quae
1947 2436 2206 2513 sumpta
2237 2436 2416 2505 sunt,
2454 2426 2602 2491 effi·

526 2523 752 2600 cietur,
805 2532 873 2589 et
929 2544 1085 2591 vera
1134 2546 1175 2589 a
1223 2522 1435 2600 falsis,
1497 2521 1632 2589 veri
1693 2520 1926 2590 similia
1975 2520 2060 2589 ab
2112 2518 2595 2589 incredibilibus

527 2615 869 2683 diiudicare
914 2627 979 2685 et
1030 2616 1422 2703 distinguere
1459 2626 1540 2683 ‘et
1575 2626 1686 2681 aut
1735 2616 1903 2682 male
1957 2626 2214 2701 sumpta
2264 2625 2376 2680 aut
2424 2614 2598 2679 male

529 2710 830 2777 conclusa
876 2712 1341 2798 reprehendere
1382 2722 1452 2777 et
1503 2711 1726 2777 eadem
1769 2711 1876 2777 vel
1931 2720 2224 2797 anguste.
2256 2708 2598 2785 disserere,

525 2814 601 2869 ut
633 2804 949 2871 dialectiei
982 2806 1091 2889 qui
1126 2806 1555 2893 appellantur,
1590 2805 1724 2884 vel,
1758 2815 1833 2872 ut
1865 2814 2182 2872 oratorem
2216 2802 2431 2881 decet,
2466 2802 2602 2867 late

424 2920 503 2962 ιιο
530 2920 927 2985 expromere,
991 2900 1162 2967 illius
1217 2900 1686 2972 exercitationis
1739 2910 1807 2967 et
1857 2900 2174 2967 subtili-ter
2225 2896 2600 2984 disputandi

526 3002 593 3058 et
644 2992 901 3079 copiose
954 2994 1225 3061 dicendi·
1260 2994 1414 3061 artis
1469 3006 1588 3069 est.
1693 2994 1774 3061 de
1826 2993 2012 3061 bonis
2075 3014 2228 3059 vero
2279 2992 2478 3057 rebus
2533 3002 2600 3057 et

526 3086 743 3164 malis,
798 3088 1018 3171 aequis
1070 3088 1333 3173 iniquis,
1393 3088 1654 3157 utilibus
1707 3088 2066 3165 inutilibus,
2119 3086 2410 3165 honestis
2464 3096 2600 3151 tur-

526 3178 715 3266 pibus
769 3200 963 3265 quam
1012 3192 1225 3269 potest
1275 3180 1511 3251 habere
1564 3192 1775 3249 orator
1819 3182 1957 3249 sine
2008 3181 2135 3247 illis
2169 3180 2604 3259 maximarum

526 3294 739 3341 rerum
792 3274 1031 3341 artibus
1081 3274 1452 3343 facultatem
1497 3285 1608 3342 aut
1650 3276 1936 3363 copiam?
1987 3298 2117 3363 qua
2156 3298 2228 3342 re
2271 3274 2432 3342 haec
2481 3273 2598 3339 tibi

527 3367 682 3446 sint,
753 3368 843 3434 mi
898 3366 1157 3447 Cicero,
1218 3390 1381 3454 quae
1437 3370 1734 3457 exposui,
1797 3371 1984 3457 quasi
2030 3370 2265 3439 indicia
2314 3368 2604 3437 fontium

523 3462 805 3541 illorum3
861 3463 945 3529 ad
994 3486 1159 3549 quos
1202 3463 1261 3530 si
1310 3465 1500 3533 nobis
1551 3465 1796 3531 eisdem
1846 3466 2112 3540 ducibus
2166 3464 2390 3531 aliisve
2443 3487 2604 3551 per-

524 3558 831 3636 veneris,⁸
858 3570 995 3628 tum
1040 3570 1107 3630 et
1148 3558 1305 3626 haec
1354 3559 1502 3647 ipsa
1547 3560 1775 3627 melius
1821 3570 1888 3628 et
1927 3560 2128 3628 multo
2177 3558 2422 3626 maiora
2469 3558 2606 3625 alia

524 3669 895 3737 cognosces.
986 3650 1065 3719 Ο.
1109 3654 1189 3719 F.
1234 3672 1357 3739 ego
1401 3676 1583 3731 vero,
1639 3674 1716 3719 ac
1763 3676 2000 3740 magno
2053 3652 2308 3737 quidem
2353 3652 2598 3729 studio,

522 3744 614 3818 mi
664 3758 873 3831 pater3
934 3747 1281 3832 multisque
1332 3770 1415 3815 ex
1464 3749 1590 3815 tuis
1639 3746 2162 3835 praeclarissimis
2215 3747 2608 3816 muneribus

524 3838 774 3908 nullum
808 3840 1015 3907 maius
1052 3852 1375 3928 exspecto.
1441 3864 1446 3869 ·
