2784 4575
491 255 619 322 108
909 269 912 276 '
1101 269 1184 326 M.
1219 267 1493 324 TULLII
1529 265 1929 322 CICERONIS

486 417 562 461 re
613 391 722 478 qui
784 400 894 458 aut
950 390 1226 456 breviter
1287 400 1399 454 aut
1458 391 1813 456 summisse·
1858 391 2101 469 dicunt,
2166 391 2401 458 docere
2466 393 2582 458 iu-

493 488 699 554 dicem
749 495 1048 573 possunt,
1113 505 1511 550 commovere
1560 507 1691 550 uon
1742 495 2040 570 possunt;
2100 483 2169 548 in
2206 497 2351 570 'quo
2412 500 2580 552 sunt

493 580 724 648 omnia.
1828 628 1830 630 -

611 675 754 740 Iam
796 673 954 738 illud
1003 671 1409 758 perspicuum
1454 682 1578 750 est,
1632 672 1914 737 omnium
1954 693 2165 738 rerum
2198 672 2268 738 in
2304 684 2571 738 contra-

489 769 618 836 rias
659 768 860 855 partis
913 765 1279 830 facultatem
1323 789 1404 830 ex
1456 764 1698 831 eisdem
1751 765 2139 852 suppeditari
2190 765 2385 844 locis,
2448 767 2576 832 sed

493 871 866 950 argumento
917 859 1341 925 resistendum
1394 868 1495 925 est
1546 869 1655 923 aut
1706 859 1827 937 eis,
1884 881 2044 943 quae
2096 861 2572 947 comprobandi

491 957 630 1022 eius
667 977 864 1020 causa
899 963 1257 1030 sumuntur,
1309 952 1847 1041 reprehendendis
1894 965 2003 1018 aut
2038 954 2569 1032 demonstrandO,

491 1051 586 1131 id,
641 1049 815 1134 quod
857 1047 1233 1113 concludere
1283 1047 1378 1112 illi
1421 1045 1645 1125 velint,
1700 1067 1829 1112 non
1874 1047 2043 1112 effici
2084 1069 2165 1112 ex
2207 1048 2567 1135 propositis

491 1165 614 1210 nec
649 1164 793 1210 esse
828 1162 1244 1225 consequens,
1281 1151 1411 1219 aut,
1448 1141 1504 1206 si
1537 1141 1627 1206 ita
1658 1163 1789 1206 non
1820 1140 2097 1218 refellas,
2136 1142 2567 1206 adferendum

495 1248 594 1304 est
625 1237 695 1302 in
731 1236 1106 1302 contrariam
1139 1246 1407 1322 partem,
1444 1237 1616 1320 quod
1651 1236 1735 1302 sit
1768 1247 1876 1300 aut
1910 1236 2167 1322 gravius
2204 1247 2307 1302 aut
2342 1259 2567 1322 aeque

382 1357 462 1399 216
497 1351 721 1418 grave3
771 1330 884 1394 illa
917 1340 1156 1407 autem,
1213 1351 1375 1413 quae
1420 1341 1531 1394 aut
1582 1329 2035 1396 conciliationis
2092 1352 2279 1396 causa
2319 1329 2568 1396 leniter

495 1434 605 1489 aut
637 1423 1046 1510 permotionis
1091 1422 1501 1488 vehementer
1552 1433 1855 1509 aguntur,
1910 1425 2236 1488 contrariis
2272 1445 2565 1490 commo-

497 1519 772 1586 tionibus
807 1517 1154 1582 auferenda
1189 1528 1334 1582 sunt
1344 1565 1364 1596 ,
1400 1527 1473 1582 ut
1506 1517 1653 1583 odio
1686 1517 2153 1594 benevolentia,
2196 1518 2562 1584 misericor-

497 1614 604 1680 dia
636 1613 876 1679 invidia
907 1613 1184 1678 tollatur.

391 1719 462 1774 54
620 1706 854 1774 Suavis
909 1718 1122 1773 autem
1172 1716 1274 1772 est
1329 1716 1394 1772 et
1444 1706 1851 1772 vehementer
1906 1729 2097 1793 saepe
2146 1706 2319 1772 utilis
2372 1707 2557 1773 iocus

495 1814 562 1870 et
594 1803 862 1869 facetiae
870 1826 890 1882 ς
945 1824 1138 1886 quae,
1193 1799 1441 1866 etiamsi
1476 1801 1601 1865 alia
1635 1801 1846 1866 omnia
1888 1801 2051 1866 tradi
2094 1812 2227 1866 arte
2261 1815 2555 1888 possunt,

493 1907 757 1963 naturae
795 1907 943 1962 sunt
973 1896 1230 1983 propria
1264 1905 1435 1961 certe
1468 1917 1673 1980 neque
1698 1895 1893 1961 ullam
1928 1907 2127 1960 artem
2162 1895 2553 1961 desiderant:

491 1992 561 2056 in
597 1990 826 2075 quibus
861 2001 932 2054 tu
964 1989 1156 2074 longe
1193 1989 1332 2054 aliis
1367 2011 1513 2054 mea
1548 1990 1888 2068 sententia,
1937 1987 2207 2068 Caesar,
2261 1990 2551 2067 excellis3

495 2106 622 2168 quo
655 2084 862 2168 magis
897 2082 1054 2146 mihi
1089 2081 1281 2147 etiam
1315 2092 1427 2147 aut
1478 2084 1657 2149 testis
1711 2105 1854 2149 esse
1898 2094 2081 2169 potes
2132 2085 2373 2148 nullam
2409 2106 2553 2149 esse

496 2187 696 2242 artem
749 2177 900 2241 salis
955 2186 1091 2254 aut,
1145 2175 1200 2240 si
1253 2197 1380 2260 qua
1432 2187 1557 2255 est,
1611 2199 1752 2242 eam
1806 2175 1981 2264 [nos]
2030 2189 2101 2243 tu
2150 2178 2550 2264 potissimum

382 2292 458 2333 217
497 2269 764 2335 docere?
872 2275 1022 2357 ‘ego
1074 2269 1276 2349 vero,’
1329 2270 1535 2356 inquit
1586 2272 1785 2338 ‘omni
1838 2271 1917 2338 de
1968 2294 2039 2337 re
2075 2271 2342 2338 facetius
2393 2281 2550 2358 puto

490 2386 684 2451 posse
730 2364 812 2429 ab
854 2363 1110 2429 homine
1160 2386 1291 2430 non
1341 2365 1681 2445 inurbano,
1736 2387 1927 2449 quam
1972 2367 2051 2431 de
2092 2366 2251 2452 ipsis
2304 2364 2547 2430 facetiis

495 2458 831 2545 disputari3
883 2458 1099 2545 itaque
1135 2480 1280 2524 cum
1315 2460 1624 2544 quosdam
1663 2458 1946 2527 Graecos
1982 2460 2317 2546 inscriptos
2355 2459 2549 2525 libros

493 2576 636 2619 esse
671 2553 976 2619 vidissem
1014 2553 1095 2619 de
1127 2553 1441 2633 ridiculis,
1493 2576 1623 2619 non
1656 2553 1897 2619 nullam
1930 2554 2000 2619 in
2039 2577 2220 2641 spem
2253 2576 2548 2619 veneram

489 2670 684 2734 posse
719 2670 821 2712 me
857 2668 938 2713 ex
973 2648 1066 2712 eis
1103 2646 1341 2731 aliquid
1375 2646 1649 2725 discere3
1692 2647 1907 2712 inveni
1946 2656 2156 2713 autem
2189 2646 2453 2711 ridicula
2484 2660 2546 2711 et

493 2740 666 2807 salsa
717 2740 917 2805 multa
951 2740 1372 2818 Graecorum3
1424 2762 1575 2805 nam
1620 2751 1684 2806 et
1730 2738 1932 2807 Siculi
1975 2740 2043 2805 in
2086 2762 2161 2807 eo
2208 2762 2439 2828 genere
2482 2753 2545 2805 et

489 2834 728 2900 Rhodii
779 2848 844 2900 et
883 2836 1183 2920 Byzantii
1235 2846 1300 2901 et
1347 2846 1601 2923 praeter
1652 2846 1895 2902 ceteros
1948 2836 2150 2899 Attici
2202 2835 2511 2901 excellunt
2522 2860 2545 2911 3

493 2928 608 2991 sed
643 2928 752 3011 qui
785 2929 923 2994 eius
959 2929 1053 2994 rei
1085 2930 1396 2995 rationem
1442 2930 1763 3013 quandam
1797 2930 2007 2995 conati
2044 2940 2191 3017 sunt
2225 2940 2543 3012 artemque

303 3105 308 3109 η
491 3022 767 3101 tradere,
821 3023 916 3087 sic
948 3020 1176 3087 insulsi
1212 3024 1614 3102 exstiterunt,
1666 3034 1739 3089 ut
1772 3022 1929 3089 nihil
1965 3023 2137 3087 aliud
2173 3044 2389 3088 eorum
2422 3022 2540 3086 nisi

376 3137 456 3177 218
489 3115 632 3201 ipsa
663 3115 989 3181 insulsitas
1023 3116 1304 3182 rideatur
1312 3143 1332 3197 3
1388 3139 1515 3201 qua
1546 3140 1615 3182 re
1650 3118 1806 3181 mihi
1849 3116 2103 3201 quidem
2147 3115 2322 3181 nullo
2357 3115 2540 3181 modo

491 3208 740 3273 videtur
791 3209 1078 3275 doctrina
1126 3211 1252 3276 ista
1300 3232 1405 3277 res
1456 3232 1649 3297 posse
1703 3211 1894 3277 tradi:
1950 3210 2181 3275 etenim
2232 3231 2375 3275 cum
2418 3210 2537 3275 duo

487 3324 726 3387 genera
761 3302 888 3368 sint
921 3303 1320 3382 facetiarum,
1359 3304 1627 3369 alterum
1663 3302 2073 3389 aequabiliter
2104 3304 2173 3368 in
2209 3304 2380 3369 omni
2414 3324 2536 3369 ser-

487 3418 676 3461 mone
709 3396 954 3476 fusum,
1007 3398 1274 3462 alterum
1317 3410 1689 3484 peracutum
1724 3410 1789 3463 et
1822 3400 2047 3477 breve,
2100 3398 2212 3463 illa
2246 3420 2285 3463 a
2318 3397 2537 3463 veteri-

484 3491 608 3555 bus
663 3492 950 3578 superior
1005 3491 1350 3571 cavillatio,
1413 3490 1573 3557 haec
1626 3494 1823 3558 altera
1874 3492 2172 3557 dicacitas
2226 3492 2539 3558 nominata

489 3594 588 3649 est
617 3620 708 3633 —-
739 3586 880 3651 leve
915 3607 1148 3649 nomen
1182 3584 1378 3651 habet
1408 3598 1676 3671 utraque
1710 3586 1844 3652 res!
1898 3587 2161 3673 quippe3
2198 3586 2341 3652 leve
2376 3586 2532 3650 enim

375 3705 453 3747 219
491 3688 589 3743 est
645 3674 906 3765 [totum]
961 3678 1083 3743 hoc
1116 3678 1317 3744 risum
1360 3702 1647 3759 movere;
1701 3700 1923 3746 verum
1957 3690 2197 3757 tamen,
2251 3690 2322 3743 ut
2365 3679 2531 3757 dicis,

485 3772 752 3849 Antoni,
787 3772 1059 3837 multum.
1087 3772 1156 3837 in
1189 3774 1401 3839 causis
1427 3796 1735 3862 persaepe
1770 3774 1985 3861 lepore
2020 3784 2085 3838 et
2118 3773 2362 3838 facetiis
2395 3794 2533 3859 pro-

485 3864 594 3929 fici
627 3865 758 3929 vidi
790 3900 880 3913 --
913 3866 1030 3931 sed
1063 3888 1210 3931 cum
1249 3868 1358 3933 illo
1396 3868 1463 3933 in
1498 3890 1731 3954 genere
1785 3878 2129 3954 perpetuae
2180 3866 2531 3932 festivitatis

489 3983 591 4025 ars
626 3984 757 4025 non
789 3960 1208 4041 desideremr3
1261 3976 1489 4028 natura
1524 3964 1687 4029 enim
1724 3963 1909 4050 fingit
1952 3962 2237 4028 homines
2273 3972 2337 4026 et
2372 3970 2529 4025 creat

483 4051 834 4118 imitatores
884 4052 978 4139 [et
1019 4054 1407 4143 narratores]
1463 4058 1705 4123 facetos
1760 4058 2095 4123 adiuvante
2147 4068 2211 4122 et
2260 4055 2431 4121 voltu
2470 4064 2531 4117 et
