2784 4575
457 287 504 352 4
1081 294 1158 350 Μ.
1195 292 1471 351 TULLII
1506 290 1907 349 CICERONIS

459 421 666 509 primo
697 418 958 504 quidem
991 418 1184 484 totius
1227 416 1491 483 rationis
1534 416 1769 503 ignari,
1824 414 1933 501 qui
1972 436 2181 499 neque
2215 414 2537 481 exercita-

462 512 652 580 tionis
696 512 893 577 ullam
936 512 1108 577 viam
1150 530 1356 595 neque
1411 510 1671 595 aliquod
1718 517 2127 596 praeceptum
2172 507 2325 575 artis
2379 532 2533 575 esse

461 608 941 684 arbitrarentur,
1003 615 1278 683 tantum,
1340 616 1647 689 quantum
1704 604 1963 691 ingenio
2014 613 2083 669 et
2138 602 2535 690 cogitatione

459 712 784 789 poterant,
821 700 1401 785 consequebantur,
1445 708 1595 785 post
1636 706 1848 763 autem
1891 695 2121 763 auditis
2164 697 2531 765 oratoribus

463 794 729 863 Graecis
777 794 1172 881 cognitisque
1223 814 1447 859 eornm
1496 791 1723 859 litteris
1774 789 2199 876 adhibitisque
2250 791 2533 859 doctori-

459 892 583 956 bus
646 887 1000 955 incredibili
1063 886 1342 970 quodam
1391 886 1598 953 nostri
1654 885 1944 953 homines
2006 884 2262 951 dicendi
2310 886 2529 953 studio

385 1012 437 1054 15
464 984 922 1071 flagraverunt:
973 981 1294 1047 excitabat
1335 1002 1449 1046 eos
1482 979 1855 1067 magnitudo
1890 1002 1969 1045 ae
2000 980 2276 1047 varietas
2308 979 2523 1045 multi·-

461 1079 738 1161 tudoque
773 1077 842 1141 in
875 1074 1050 1141 omni
1080 1096 1316 1161 genere
1351 1095 1713 1152 causarum,
1746 1085 1822 1140 ut
1853 1075 1940 1140 ad
1968 1096 2115 1139 eam
2149 1074 2519 1153 doctrinan,

462 1194 656 1257 quam
701 1192 818 1236 suo
863 1169 1134 1254 quisque
1177 1167 1386 1234 studio
1444 1168 1783 1234 adsecutus
1818 1178 2021 1247 esset,
2074 1167 2529 1255 adiungeretur

460 1287 618 1330 usus
659 1264 989 1347 frequens,
1039 1262 1148 1346 qui
1191 1261 1475 1327 omnium
1524 1260 1973 1349 magistrorum
2020 1272 2359 1349 praecepta
2408 1283 2529 1327 su·-

456 1367 736 1445 peraret·
796 1365 984 1422 erant
1031 1366 1246 1422 autem
1296 1354 1445 1421 huic
1498 1355 1709 1422 studio
1758 1354 2067 1434 maxima,
2132 1376 2293 1439 quae
2342 1376 2527 1421 nunc

459 1472 712 1535 quoque
765 1460 942 1529 sunt,
995 1450 1288 1537 exposita
1335 1448 1622 1537 praemia
1670 1449 1777 1515 vel
1827 1450 1912 1515 ad
1960 1450 2231 1536 gratiam
2282 1449 2389 1515 vel
2440 1450 2529 1515 ad

459 1567 615 1633 opes
664 1545 766 1610 vel
809 1545 896 1609 sd
937 1543 1345 1631 dignitatem3
1398 1542 1657 1631 ingenia
1706 1564 1887 1623 vero,
1938 1554 2012 1609 ut
2060 1543 2276 1609 multis
2326 1543 2525 1609 rebus

457 1660 802 1725 possumus
843 1638 1152 1716 iudicare,
1204 1647 1569 1705 nostrorum
1608 1636 1937 1703 hominum
1978 1638 2249 1705 multum
2292 1637 2523 1705 ceteris

385 1756 437 1797 ιε
465 1731 826 1799 hominibus
889 1732 1174 1799 omnium
1239 1732 1529 1819 gentium
1594 1732 2075 1818 praestiterunt:
2134 1730 2369 1816 quibus
2440 1732 2523 1797 de

459 1827 670 1893 causis
705 1825 848 1913 quis
881 1849 1014 1893 non
1052 1825 1190 1890 iure
1235 1826 1499 1891 miretur
1542 1847 1625 1891 ex
1658 1825 1833 1891 omui
1872 1824 2179 1893 memoria
2218 1835 2519 1903 aetnam,

459 1932 842 2007 temporum,
897 1919 1227 1985 civitatum
1279 1929 1413 1985 tam
1464 1919 1765 2006 exiguum
1816 1930 2136 1987 oratorum
2186 1940 2523 1985 numerum

457 2013 764 2079 inveniri?
827 2011 944 2077 sed
978 2011 1149 2077 enim
1182 2012 1387 2077 maius
1424 2021 1526 2077 est
1558 2012 1681 2079 hoc
1716 2012 2045 2097 quiddam,
2092 2035 2285 2097 quam
2318 2012 2521 2079 homi-

459 2128 576 2172 nes
629 2106 999 2191 opinantur,
1063 2115 1130 2170 et
1182 2104 1473 2192 pluribus
1526 2126 1609 2171 ex
1662 2106 1903 2173 artibus
1964 2107 2319 2192 studiisque
2371 2129 2521 2175 con-

387 2213 424 2267 5
458 2199 712 2263 lectum.
816 2198 974 2283 quid
1025 2197 1195 2265 enim
1247 2198 1388 2284 quis
1454 2199 1629 2265 aliud
1678 2199 1746 2265 in
1804 2202 2083 2267 maxima
2142 2201 2521 2270 discentium

456 2292 884 2371 multitudine,
933 2317 1182 2360 summa
1213 2294 1667 2382 magistrorum
1700 2296 1911 2384 copia,
1954 2295 2520 2382 praestantissimis

456 2387 785 2455 hominum
815 2389 1120 2476 ingeniis,
1163 2388 1412 2456 infinita
1442 2409 1782 2456 causarum
1814 2390 2148 2469 varietate,
2202 2390 2523 2477 amplissi-

455 2483 577 2550 mis
631 2484 1026 2569 eloquentiae
1077 2485 1423 2572 propositis
1484 2485 1782 2572 praemiis
1834 2508 1981 2552 esse
2034 2507 2264 2554 causae
2316 2497 2523 2574 putet,

455 2579 580 2645 nisi
611 2579 706 2646 rei
749 2579 1070 2663 quandam
1109 2579 1547 2646 incredibilem
1588 2580 2097 2668 magnitudinem
2129 2603 2205 2646 ac
2248 2581 2525 2648 difficul-

379 2700 427 2740 17
455 2674 688 2739 tatem?
731 2685 831 2740 est
873 2674 1044 2740 enim
1079 2683 1152 2746 ‚et
1197 2672 1462 2740 scientia
1504 2674 2101 2761 comprehendenda
2129 2697 2345 2742 rerum
2376 2676 2525 2762 plu-

453 2767 784 2846 rimarum,
853 2767 990 2833 sine
1051 2789 1178 2850 qua
1236 2768 1575 2834 verborum
1635 2769 1996 2838 volubilitas
2058 2767 2265 2836 inanis
2328 2779 2525 2854 atque

452 2863 786 2928 inridenda
835 2871 964 2940 cst,
1027 2873 1094 2927 et
1143 2861 1288 2948 ipsa
1347 2863 1551 2929 oratio
1612 2863 2069 2930 conformanda
2124 2886 2259 2930 non
2308 2863 2527 2932 solum

455 2956 790 3032 electione,
845 2955 962 3020 sed
1004 2956 1197 3022 etiam
1250 2957 1717 3024 constructione
1768 2957 2134 3035 verborum,
2187 2967 2254 3024 et
2294 2979 2523 3024 omnes

453 3048 810 3114 animorum
858 3060 1100 3128 motus,
1163 3068 1324 3135 quos
1377 3051 1709 3118 hominum
1758 3051 1975 3137 generi
2026 3071 2241 3118 rerum
2288 3061 2525 3118 natura

452 3140 698 3220 tribuit,
760 3144 1017 3231 penitus
1069 3145 1524 3231 pernoscendi,
1589 3145 1761 3230 quod
1822 3145 2026 3212 omnis
2080 3145 2181 3211 vis
2230 3143 2523 3228 ratioque

453 3236 703 3302 dicendi
754 3238 822 3302 in
875 3259 1123 3316 eorum,
1177 3239 1290 3323 qui
1341 3239 1636 3318 audiunt,
1689 3239 2007 3306 mentibus
2060 3249 2173 3305 aut
2214 3237 2521 3305 sedandis

453 3343 564 3396 aut
615 3332 964 3400 excitandis
1018 3335 1453 3420 expromenda
1502 3345 1629 3412 est3
1684 3334 1946 3400 accedat
2000 3335 2228 3402 eodem
2265 3343 2525 3421 oportet

451 3426 630 3514 lepos
670 3427 928 3511 quidam
970 3427 1366 3512 facetiaeque
1401 3439 1469 3492 et
1502 3427 1771 3496 eruditio
1814 3428 2015 3496 libero
2056 3429 2255 3516 digna
2293 3428 2524 3494 celeri-

451 3531 676 3604 tasque
727 3531 794 3586 et
841 3521 1122 3588 brevitas
1180 3533 1246 3588 et
1294 3523 1725 3611 respondendi
1774 3535 1843 3590 et
1891 3523 2251 3591 lacessendi
2302 3523 2524 3590 subtili

373 3641 425 3682 18
450 3623 784 3680 venustate
819 3625 1010 3700 atque
1055 3615 1414 3682 urbanitate
1460 3617 1823 3698 coniuncta3
1877 3619 2155 3684 tenenda
2182 3628 2523 3705 praeterea

451 3717 550 3772 est
599 3709 806 3774 omnis
861 3709 1204 3794 antiquitas
1260 3710 1821 3799 exemplorumque
1863 3712 1992 3791 vis,
2045 3733 2253 3797 neque
2297 3712 2521 3798 legum

451 3821 528 3864 ac
567 3801 723 3867 iuris
777 3801 980 3867 civilis
1035 3803 1298 3870 scientia
1349 3805 1753 3892 neglegenda
1794 3817 1913 3873 est.
1998 3827 2149 3871 nam
2190 3804 2349 3890 quid
2390 3827 2519 3891 ego

450 3893 532 3958 de
565 3895 814 3960 actione
847 3895 992 3982 ipsa
1023 3896 1210 3984 plura
1259 3897 1507 3964 dicam?
1552 3921 1714 3983 quae
1766 3911 1943 3967 motu
1984 3900 2295 3988 corporis,
2348 3920 2521 3982 quae

451 3998 668 4072 gestu,
707 4007 870 4072 quae
905 3991 1112 4070 voltu,
1149 4009 1313 4076 quae
1348 3991 1525 4058 vocis
1562 3993 2060 4062 conformatione
2096 4017 2173 4060 ac
2204 3992 2521 4060 varietate

449 4079 840 4147 moderanda
875 4095 1000 4163 est3
1037 4107 1200 4168 quae
1237 4085 1376 4152 sola
1407 4107 1523 4173 per
1558 4109 1629 4152 se
1660 4088 1805 4174 ipsa
1840 4100 2076 4173 quanta
2110 4088 2219 4167 sit,
2257 4087 2523 4154 histrio-
