2784 4575
490 195 624 266 340
1106 203 1183 258 Μ.
1220 201 1490 260 <runnu
1526 198 1930 256 clcnssoms

412 359 469 402 ια.
494 327 826 406 studiosis,
880 325 1037 392 mihi
1090 325 1349 411 quidem
1400 323 1525 412 ipsi
1576 347 1707 390 non
1755 322 2215 398 necessarium:
2271 325 2576 390 converti

492 423 663 492 enim
704 444 787 487 ex
819 421 1059 489 Atticis
1103 421 1376 487 duorum
1421 416 2082 503 eloquentissimorum
2111 417 2578 486 ,nobilissimas

489 517 811 587 orationes
844 515 1009 580 inter
1044 536 1241 598 seque
1268 512 1636 590 contrarias,
1671 511 1986 582 Aeschini
2008 522 2076 578 et
2097 511 2577 590 Demostheni;

491 633 614 678 nec
648 609 935 676 converti
965 619 1037 673 ut
1070 609 1414 694 interpr-es,
1451 607 1567 672 sed
1599 617 1674 672 ut
1706 615 1946 685 orator,
1983 606 2314 675 sententiis
2347 607 2577 674 isdem

491 716 557 772 et.
609 727 827 770 earum
884 702 1107 771 formis
1170 713 1496 786 tamquam
1555 700 1776 788 figuris
1789 750 1808 778 ,
1871 701 2082 768 verbis
2137 701 2220 768 ad
2267 711 2573 770 nostr-am

432 810 435 811 ’
488 797 1014 866 consuetudinem
1059 797 1258 882 aptis3
1308 797 1375 866 in
1430 795 1660 879 quibus
1704 818 1836 860 non
1881 795 2152 875 ‘verbum
2194 817 2312 882 pro
2358 797 2576 864 verbo

488 913 755 958 necesse
788 891 984 958 habui
1024 890 1319 968 reddere,
1372 890 1490 957 sed
1529 911 1736 976 genus
1781 911 1971 959 omne
2012 889 2354 957 verborum
2397 891 2574 956 vim-

488 1009 613 1072 que
648 986 899 1052 servavi
906 1011 926 1064 3
978 1008 1112 1052 non
1146 984 1318 1049 enim
1357 1004 1438 1048 ea
1479 1006 1583 1050 me
1619 984 2036 1056 adnumerare
2079 985 2300 1050 lectori
2331 985 2568 1071 putavi

412 1107 464 1149 15
492 1091 810 1168 oportere,
864 1079 983 1144 sed
1016 1090 1341 1162 tamquam
1377 1077 1760 1165 appendere.
1847 1078 1954 1142 hic
1987 1077 2170 1146 labor
2211 1101 2396 1144 meus
2431 1078 2570 1146 hoc

490 1176 902 1258 adsequetur,
956 1183 1029 1239 ut
1062 1173 1265 1240 nostri
1298 1173 1590 1238 homines
1627 1173 1792 1256 quid
1815 1173 1903 1240 ab
1931 1172 2060 1238 illis
2104 1169 2394 1260 exigant,
2447 1173 2564 1258 qui

488 1291 560 1334 se
593 1269 847 1334 Atticos
892 1267 1140 1345 volunt,
1195 1277 1260 1332 et
1304 1267 1387 1332 ad
1433 1289 1634 1351 quam
1685 1288 1798 1333 eos
1845 1267 2030 1350 quasi
2079 1267 2424 1333 formulam
2459 1268 2565 1332 di-

488 1361 675 1428 cendi
725 1372 1053 1440 revocent,
1114 1361 1506 1448 intellegant.
1612 1361 1728 1426 sed
1779 1360 2058 1429 exoritur
2109 1361 2560 1446 Thucydides3

490 1457 627 1530 eius
674 1456 843 1522 enim
894 1455 1152 1540 quidam
1204 1455 1630 1540 eloquentiam
1683 1455 2090 1520 admirantur.
2176 1455 2246 1521 id
2297 1456 2560 1540 quidem

486 1562 689 1630 recte3
756 1551 871 1616 sed
930 1549 1091 1614 nihil
1143 1549 1227 1617 ad
1288 1573 1438 1617 eum
1497 1559 1842 1628 oratorem,
1905 1571 2096 1636 quem
2158 1549 2558 1634 quaerimus:

490 1646 664 1712 aliud
704 1658 805 1712 est
848 1646 1019 1712 enim
1062 1646 1379 1732 explicare
1422 1667 1528 1712 res
1573 1659 1790 1732 gestas
1835 1647 2182 1726 narrando,
2237 1646 2410 1713 aliud
2453 1669 2562 1712 ar·-

489 1741 929 1827 gumentando
992 1741 1311 1807 criminari
1362 1740 1681 1818 crimenve
1743 1739 2091 1806 dissolvere
2102 1767 2121 1819 3
2195 1740 2365 1806 aliud
2407 1764 2560 1806 nar-

489 1835 733 1902 ratione
786 1845 1001 1902 tenere
1056 1835 1436 1914 auditorem,
1491 1834 1664 1902 aliud
1717 1833 2048 1903 concitare.
2141 1840 2236 1900 ‘at
2275 1832 2560 1918 loquitur

412 1957 465 1996 ιε
490 1925 761 2014 pulcre.’
848 1952 1003 1994 num
1052 1929 1281 1994 melius
1344 1953 1536 2014 quam
1584 1930 1812 1996 Plato?
1870 1951 2138 1996 necesse
2187 1939 2282 1995 est
2333 1943 2554 1994 tamen

490 2023 753 2099 oratori,
807 2045 997 2105 quem
1032 2024 1392 2105 quaerimus
1405 2072 1423 2102 ,
1479 2023 1942 2091 controversias
1991 2024 2293 2110 explicare
2325 2023 2553 2086 foren-

489 2117 579 2182 sis
616 2116 870 2180 dicendi
914 2138 1149 2201 genere
1196 2128 1345 2203 apto
1383 2117 1468 2181 ad
1510 2117 1896 2196 docendum,
1951 2119 2035 2196 ad
2085 2115 2555 2194 delectandum,

418 2226 452 2278 6
488 2207 571 2273 ad
603 2209 1121 2296 permovendum.
1210 2233 1337 2296 qua
1369 2235 1440 2278 re
1487 2211 1541 2276 si
1578 2212 1719 2296 quis
1765 2213 1912 2291 erit,
1968 2212 2078 2297 qui
2122 2234 2192 2276 se
2221 2209 2556 2296 Thucydi·-

490 2302 595 2369 dio
640 2324 875 2391 genere
920 2326 1149 2376 causas
1184 2306 1253 2371 in
1296 2308 1438 2373 foro
1493 2306 1809 2373 dicturum
1852 2331 1995 2373 esse
2047 2307 2442 2394 profiteatur,
2493 2305 2550 2378 is

486 2397 853 2466 abhorrebit
905 2398 1097 2465 etiam
1132 2424 1171 2465 a
1207 2401 1558 2488 suspitione
1603 2402 1772 2481 eius,
1827 2402 1999 2485 quod
2051 2411 2340 2467 versatur
2382 2400 2450 2465 in
2481 2422 2556 2464 re

488 2492 658 2557 civili
692 2505 759 2558 et
791 2492 1059 2572 forensi3
1108 2496 1208 2561 sin
1243 2496 1686 2580 Thucydidem
1719 2496 2032 2574 laudabit,
2060 2513 2062 2516 ·
2087 2497 2364 2562 ascribat
2399 2517 2560 2561 suae

396 2605 460 2655 ἰι
486 2598 771 2653 nostram
806 2589 1201 2655 sententiam.
1292 2590 1446 2673 quin
1478 2588 1690 2675 ipsum
1723 2592 2102 2669 Isocratem,
2157 2613 2349 2675 quem
2396 2588 2560 2654 divi-

486 2704 607 2746 nus
662 2692 882 2747 auctor
922 2682 1112 2755 Plato
1166 2706 1353 2749 suum
1405 2684 1540 2748 fere
1595 2686 1928 2768 aequalem
1979 2685 2433 2752 admirabiliter
2483 2684 2555 2749 in

486 2775 785 2841 Phaedro
838 2775 1084 2859 laudari
1118 2776 1271 2840 fecit
1304 2778 1387 2843 ab
1425 2774 1690 2845 Socrate
1741 2800 2054 2865 quemque
2107 2801 2330 2845 omnes
2385 2778 2560 2844 docti

492 2879 810 2933 summum
844 2879 1159 2934 oratorem
1195 2892 1339 2935 esse
1392 2869 1714 2949 dixerunt,
1770 2883 1983 2940 tamen
2025 2867 2196 2939 h'unc
2229 2874 2298 2939 in
2330 2892 2562 2938 nume·

488 2984 631 3027 rum
682 2984 813 3027 non
862 2986 1134 3049 repono;
1192 2984 1325 3029 non
1350 2957 1550 3029 ‘enim
1599 2966 1668 3031 in
1720 2967 1854 3033 acie
1906 2978 2194 3035 versatur
2247 2977 2313 3032 et
2358 2967 2562 3043 ferm,

490 3056 607 3121 sed
660 3057 842 3141 quasi
884 3059 1149 3125 rudibus
1204 3058 1341 3123 eius
1394 3058 1596 3124 eludit
1648 3060 1868 3127 oratio.
1955 3086 1996 3127 a
2037 3085 2142 3128 me
2187 3072 2430 3139 autem,
2484 3070 2559 3125 ut

487 3172 634 3215 cum
676 3152 971 3217 maximis
1024 3152 1285 3217 minima
1338 3154 1691 3231 conferam,
1745 3154 2169 3241 gladiatorum
2211 3178 2330 3243 par
2370 3155 2558 3220 nobi-

486 3242 802 3309 lissimum
836 3244 1182 3324 inducitur,
1216 3246 1608 3325 Aeschines,
1659 3258 1981 3333 tamquam
2015 3248 2446 3326 Aeserninus,
2483 3259 2556 3313 ut

488 3338 579 3403 ait
628 3338 951 3417 Lucilius,
1002 3362 1135 3405 non
1191 3346 1489 3427 ‘spurcus
1543 3342 1782 3419 homc,'
1840 3344 1956 3408 sed
2013 3366 2157 3409 acer
2209 3354 2276 3409 et
2326 3342 2563 3409 doctus

489 3439 667 3497 ‘cum
690 3434 1107 3501 Pacideiano'
1144 3434 1249 3499 hic
1286 3436 1733 3525 ‘componitur,
1770 3486 1788 3503 .
1811 3486 1828 3503 .
1849 3485 1866 3502 .
1905 3437 2145 3524 optimo
2178 3437 2371 3523 longe
2404 3450 2556 3522 post

488 3527 778 3593 homines
823 3544 1007 3594 natos
1020 3528 1061 3607 ,'
1114 3528 1274 3595 nihil
1310 3530 1486 3596 enim
1519 3530 1628 3597 illo
1683 3540 1930 3597 oratore
1985 3532 2252 3598 arbitror
2287 3530 2556 3619 cogitari

410 3648 463 3688 ιε
487 3642 680 3708 posse
716 3622 1012 3689 divinius.
1101 3624 1254 3689 huic
1282 3624 1488 3691 labori
1521 3634 1742 3691 nostro
1778 3626 1904 3694 duo
1941 3648 2178 3713 genera
2207 3625 2556 3712 reprehen-

489 3736 707 3781 sorum
740 3726 1163 3802 opponuntur.
1252 3740 1453 3786 unum
1486 3718 1636 3794 booz
1677 3725 1948 3785 “verum
1983 3720 2210 3787 melius
2248 3718 2561 3797 Graeci;”

488 3832 528 3873 a
562 3830 689 3892 quo
725 3822 1079 3895 quaeratur,
1118 3812 1345 3898 ecquid
1376 3812 1628 3899 possint
1662 3813 1787 3900 ipsi
1821 3813 2049 3881 melius
2085 3814 2361 3881 Latine?
2396 3812 2554 3879 alte-

486 3925 657 3967 rum:
713 3903 916 3987 “quid
964 3906 1121 3973 istas
1157 3907 1371 3992 potius
1423 3906 1635 3993 legam
1672 3929 1862 3991 quam
1917 3908 2289 3977 Graecas?”
2345 3906 2556 3973 eidem

485 3996 807 4061 Andriam
850 4010 913 4063 et
960 4000 1381 4087 Synephebos
1432 3998 1578 4087 [nec
1613 4002 1823 4069 minus
1861 4002 2230 4073 Terentium
2275 4012 2341 4069 et
2385 3999 2564 4067 Cae-
