2784 4575
435 361 437 366 Ι
487 269 614 332 142
1089 277 1168 332 Μ.
1209 275 1482 332 TULLII
1520 273 1922 332 CICERONIS

483 423 694 468 essem
727 409 859 464 tam
890 399 1234 463 inurbanus
1270 408 1334 462 et
1365 419 1569 484 paene
1602 397 2011 474 inhumanus,
2048 397 2141 460 uti
2174 396 2242 460 in
2276 417 2353 461 eo
2390 420 2549 482 gra-

372 525 454 566 sse
486 517 696 572 vater,
759 493 929 576 q'uod
979 514 1094 557 vos
1149 511 1378 577 cupere
1434 489 1771 556 sentirem?
1860 500 1995 554 tum
2048 487 2368 576 Sulpicius
2424 495 2444 526 ‘
2453 513 2551 554 an

374 1545 448 1585 367

485 587 666 677 ergo’
703 586 906 670 inquit
958 585 1218 651 ‘oblitus
1255 605 1355 662 es,
1406 581 1670 662 Crasse,
1724 583 2077 648 Antonium
2109 583 2199 647 ita
2230 583 2549 668 partitum

483 704 626 747 esse
676 689 912 756 tecum,
964 681 1046 755 {ut
1095 679 1234 764 ipse
1292 677 1777 742 instrumentum
1836 676 2101 742 oratoris
2166 687 2547 763 exponeret,

483 774 600 838 tibi
643 773 778 838 eius
828 770 1293 839 distinctionem
1345 779 1535 854 atque
1589 779 1878 835 ornatum
1928 769 2373 852 relinqueret?’
2430 769 2546 834 hic

481 867 644 932 ille‘
651 867 925 952 primum
958 866 1100 949 quis
1135 864 1420 948 Antonio
1470 863 1804 949 permisit,'
1857 861 2062 946 inquit
2105 869 2205 927 ‘ut
2238 872 2304 926 et
2333 862 2540 928 mei*

366 973 370 977 “
485 960 684 1046 partis
719 959 960 1026 faceret
992 968 1056 1023 et
1087 969 1296 1022 utram
1328 956 1520 1022 vellet
1551 957 1723 1042 prior
1754 957 1895 1043 ipse
1932 957 2244 1021 sumeret?
2278 955 2540 1034 deinde,

485 1075 608 1139 ego
645 1053 700 1118 si
732 1063 902 1118 recte
935 1050 1245 1128 intellexi,
1301 1072 1445 1115 cum
1480 1051 1665 1114 valde
1708 1048 1975 1114 libenter
2011 1049 2320 1127 audirem,
2370 1049 2543 1114 mihi

489 1144 820 1211 coniuncte
873 1154 974 1210 est
1023 1145 1198 1209 visus
1253 1144 1334 1211 de
1382 1153 1649 1224 utraque
1698 1164 1769 1208 re
1826 1141 2073 1208 dicem?
2163 1142 2297 1206 ‘ille
2348 1141 2537 1206 vero’

481 1239 684 1322 inquit
719 1236 910 1304 Cotta
965 1243 1362 1302 ‘ornamenta
1402 1236 1699 1302 orationis
1734 1257 1863 1301 non
1908 1234 2115 1321 attigit
2146 1255 2353 1318 neque
2390 1257 2538 1298 eam

483 1331 757 1408 laudem,
794 1353 874 1396 ex
909 1351 1036 1414 qua
1069 1331 1427 1414 eloquentia
1458 1351 1689 1395 nomen
1724 1351 1911 1393 suum
1943 1327 2222 1393 invenit.’
2306 1327 2535 1392 ‘verba

485 1423 702 1510 igitur'
756 1423 959 1507 inquit
995 1422 1270 1490 Crassus
1309 1422 1491 1487 ‘mihi
1522 1421 1775 1505 reliquit
1816 1420 2167 1498 Antonius,
2218 1441 2357 1484 rem
2390 1419 2538 1506 ipse

489 1517 797 1604 sumpsit?
884 1528 1020 1581 tum
1073 1515 1315 1584 Caesar
1369 1517 1483 1595 ‘si,
1537 1516 1707 1600 quod
1750 1515 2065 1580 difficilius
2120 1525 2245 1592 est,
2296 1514 2366 1577 id
2418 1513 2539 1580 tibi

482 1610 761 1694 reliquit,
817 1621 915 1674 est
965 1611 1176 1675 nobis'
1227 1611 1430 1694 inquit
1482 1616 1731 1686 ‘causa‚
1786 1629 1900 1672 cur
1940 1617 2003 1672 te
2047 1607 2263 1674 audire
2316 1609 2541 1694 cup-ia-
2626 1612 2638 1615 “
2755 1593 2756 1636 ³

483 1726 655 1782 mus3
703 1703 830 1780 sin,
867 1703 1037 1788 quod
1071 1703 1347 1780 facilius,
1384 1703 1501 1767 tibi
1535 1724 1727 1767 causa
1759 1725 1890 1768 non
1922 1713 2049 1780 est,
2086 1724 2197 1767 cur
2229 1701 2530 1767 recuses?

485 1806 551 1860 et
585 1795 853 1862 Catulus
890 1795 1097 1879 ‘quid,
1153 1797 1322 1878 quod
1357 1793 1568 1860 dixisti
1578 1795 1619 1873 ,⁹
1671 1795 1876 1879 inquit
1910 1793 2174 1860 ‘Crasse
2183 1843 2203 1872 ,
2250 1795 2304 1859 si
2337 1793 2535 1858 hodie

485 1889 654 1975 apud
705 1901 770 1954 te
827 1909 1256 1966 maneremus,
1319 1899 1382 1953 te
1432 1911 1674 1953 morem
1732 1888 1915 1953 nobis
1942 1913 1950 1920 ·
1977 1909 2119 1953 esse
2178 1898 2530 1973 gestia-um,

482 1981 718 2045 nihilne
754 1981 836 2044 ad
868 1981 1060 2044 fidem
1093 1990 1266 2044 tuam
1298 1990 1485 2066 putas
1510 1981 1890 2066 pertinere?
1929 1991 2063 2045 tum
2092 1979 2277 2046 Cotta
2305 1979 2527 2044 rid-ens

487 2077 776 2157 ‘possem
797 2084 802 2088 ’
827 2071 998 2148 tibi,'
1051 2071 1256 2155 inquit
1308 2070 1604 2150 ‘Cr-asse,
1659 2073 2029 2152 concedere3
2084 2073 2198 2139 sed
2247 2071 2391 2136 vide
2441 2095 2531 2136 ne

485 2163 637 2246 quid
664 2161 930 2228 Catulus
969 2164 1244 2228 attulerit
1277 2164 1628 2250 religionis:
1665 2166 1789 2231 hoc
1822 2189 1981 2252 opus
2019 2165 2371 2232 censorium
2405 2176 2527 2243 est,

480 2255 550 2319 id
599 2265 809 2321 autem
859 2257 1246 2323 committere
1299 2257 1477 2324 vides
1530 2281 1720 2343 quam
1772 2259 2012 2325 homini
2056 2257 2340 2325 censorio
2376 2280 2543 2325 con--

483 2350 732 2415 veniat?
823 2351 1020 2436 ‘agite
1071 2352 1246 2417 vero'
1306 2350 1470 2439 [ille]
1515 2353 1720 2437 inquit
1762 2360 1863 2417 ‘ut
1913 2353 2122 2419 voltis.
2210 2353 2326 2418 sed
2356 2374 2528 2417 nune

483 2444 764 2527 quidem,
817 2444 1113 2527 quoniam
1147 2456 1246 2510 est
1278 2445 1346 2509 id
1381 2448 1710 2533 temporis,
1766 2448 2154 2533 surgendum
2196 2468 2426 2512 censeo
2462 2457 2526 2512 et

481 2536 1028 2620 requiescendum3
1085 2550 1230 2625 post
1265 2540 1619 2618 meridiem,
1676 2541 1731 2605 si
1765 2540 1855 2605 ita
1898 2540 2078 2606 vobis
2115 2551 2215 2605 est
2248 2562 2527 2605 commo-

485 2630 663 2707 dum,
714 2630 1043 2714 loquemur
1097 2632 1358 2716 aliquid,
1414 2633 1537 2698 nisi
1580 2635 1743 2699 forte
1784 2634 1851 2697 in
1886 2634 2230 2699 crastinum
2272 2634 2527 2699 differre

480 2723 815 2789 mavoltis?
887 2746 1214 2790 omnesne
1250 2726 1352 2790 vel
1391 2728 1603 2791 statim
1638 2728 1739 2793 vel
1776 2728 1831 2792 si
1863 2728 2002 2813 ipse
2028 2739 2175 2813 post
2200 2726 2524 2792 meridiem

441 2810 460 2825 ⁸
481 2816 723 2895 mallet,
762 2839 951 2902 quam
984 2819 1258 2904 primum
1292 2829 1504 2885 tamen
1540 2821 1755 2886 audire
1790 2820 1954 2886 velle
1990 2821 2300 2885 dixerunt.

411 3552 444 3607 1

994 3104 1092 3170 Μ.
1137 3106 1466 3173 TULLII
1512 3104 2005 3171 CICERONIS
2300 3134 2304 3141 ·

613 3206 744 3271 DE
789 3204 1236 3272 ORATORE
1278 3206 1413 3271 AD
1460 3206 1891 3287 QUINTUM
1931 3206 2378 3295 FRATREM

1139 3368 1411 3425 LIBER
1446 3369 1861 3427 TERTIUS.

596 3558 959 3624 Instituenti
1011 3559 1192 3636 mihi,
1253 3558 1491 3641 Quinte
1544 3560 1765 3637 frater,
1820 3582 1966 3624 eum
2018 3582 2371 3626 sermonem
2420 3583 2523 3625 re·-

413 3626 642 3719 1ferre
695 3662 761 3717 et
805 3652 1106 3717 mandare
1151 3607 1298 3717 liuic
1347 3654 1531 3719 tertio
1584 3654 1773 3731 libro,
1828 3676 2016 3737 quem
2064 3664 2214 3740 post
2252 3653 2517 3719 Antonii

481 3744 970 3831 disputationem
1005 3744 1280 3811 Crassus
1317 3746 1671 3825 habuisset,
1720 3747 1947 3812 acerba
1982 3770 2135 3811 sane
2168 3746 2517 3812 recordatio

479 3848 756 3902 veterem
792 3838 982 3902 animi
1015 3858 1230 3902 curam
1263 3839 1741 3923 molestiamque
1774 3840 2129 3918 renovavit,
2182 3863 2329 3903 nam
2362 3838 2515 3903 illud

477 3930 942 3995 immortalitate
977 3930 1240 4017 dignum
1273 3932 1625 4019 ingenium,
1678 3932 1788 3997 illa
1821 3932 2207 4011 humanitate,
2250 3932 2359 3997 illa
2392 3932 2519 3996 vir-

479 4030 581 4084 tus
615 4022 699 4085 L.
739 4020 960 4087 Crassi
991 4034 1192 4089 morte
1246 4026 1557 4093 exstincta
1586 4026 1815 4092 subita
1857 4036 1955 4091 est
1997 4025 2107 4092 vix
2152 4026 2373 4091 diebus
2408 4025 2519 4089 de·
