2784 4575
496 272 625 338 120
1104 282 1182 339 Μ.
1218 280 1495 341 TULLII
1529 278 1934 339 CICERONIS

490 417 621 475 tate
652 406 863 495 Magii
894 406 1324 493 redargueret,
1364 403 1608 483 ‘erras‚'
1644 402 1849 489 inquit
1885 411 1904 440 ‘
1917 402 2184 483 Scaure3
2221 426 2344 492 ego
2383 404 2570 473 enim

488 501 785 590 Magium
812 525 942 568 non
968 520 1386 568 conservasse
1421 498 1585 576 dico,
1621 498 1738 565 sed
1771 509 2094 582 tamquam
2121 498 2331 563 nudus
2367 501 2570 566 nucis

486 598 753 685 legeret,
806 596 875 660 in
908 606 1129 661 ventre
1182 592 1580 671 abstulisse3'
1631 603 1705 659 ut
1735 593 1894 658 illud
1925 592 2024 659 M.
2065 590 2292 659 Cicero
2329 616 2568 672 senex,

488 692 677 758 huius
712 691 833 757 viri
878 690 1129 777 optimi,
1182 690 1385 755 nostri
1428 686 1790 767 familiaris,
1839 699 2050 775 pater,
2107 693 2388 754 ‘nostros
2435 687 2566 755 ho-

486 787 691 852 mines
730 785 952 851 similis
990 806 1133 851 esse
1172 781 1482 869 Syrorum
1517 781 1865 849 venalium=
1897 791 1975 847 ut
2007 780 2274 867 quisque
2310 782 2566 869 optime

374 910 455 953 266
490 880 737 947 Graece
790 879 1007 957 sciret,
1062 877 1153 943 ita
1194 898 1341 943 esse
1392 876 1894 962 nequissimum?
1981 875 2170 942 valde
2205 885 2424 942 autem
2465 878 2564 943 ri·-

490 976 717 1042 dentur
766 974 960 1040 etiam
1008 971 1351 1059 imagines,
1405 992 1568 1056 quae
1620 970 1756 1036 fere
1805 970 1875 1035 in
1925 969 2395 1035 deformitatem
2443 982 2562 1037 aut

486 1071 552 1136 in
589 1068 844 1155 aliquod
876 1065 1102 1132 vitium
1128 1064 1410 1152 eorporis
1445 1065 1760 1130 ducuntur
1795 1086 1940 1129 cum
1976 1063 2386 1129 similitudine
2419 1074 2560 1130 tur-

487 1162 714 1251 pioris:
766 1172 840 1226 ut
870 1182 1086 1226 meum
1128 1158 1289 1225 illud
1329 1158 1399 1223 in
1431 1158 1740 1224 Helvium
1773 1156 2101 1223 Manciam
2145 1158 2302 1223 ‘iam
2335 1168 2560 1225 osten-

487 1260 635 1323 dam
670 1256 849 1321 cuius
884 1254 1057 1320 modi
1092 1253 1181 1320 sis
1190 1252 1232 1332 ‚’
1268 1274 1414 1317 cum
1447 1252 1552 1317 ille
1589 1252 1913 1331 ‘ostende,
1949 1252 2245 1337 quaes03’
2286 1253 2558 1319 demon-

490 1350 686 1417 stravi
730 1350 927 1437 digito
970 1349 1212 1437 pictum
1250 1346 1510 1414 Gallum
1551 1348 1619 1412 in
1652 1347 1950 1413 Mariano
2004 1358 2184 1415 scuto
2223 1346 2558 1417 Cimbrico

490 1445 612 1511 sub
659 1444 860 1511 Novis
914 1444 1277 1521 distortum,
1340 1441 1542 1508 eiecta
1591 1441 1839 1529 lingua,
1899 1442 2118 1508 buccis
2172 1442 2518 1511 fluentibus
2529 1469 2554 1523 3

485 1539 653 1604 risus
690 1548 791 1603 est
824 1547 1206 1615 commotus3
1240 1534 1399 1601 nihil
1433 1546 1564 1600 tam
1598 1534 1896 1602 Manciae
1933 1535 2137 1603 simile
2171 1536 2385 1602 visum
2419 1549 2554 1615 est3

488 1644 559 1699 ut
594 1654 740 1698 cum
765 1631 916 1697 Tito
941 1630 1202 1696 Pinario
1228 1639 1515 1696 mentum
1543 1629 1612 1695 in
1639 1624 1908 1695 dicendo
1931 1629 2345 1714 intorquenti:
2383 1636 2554 1697 ‘tum

375 1755 453 1795 εει
487 1740 561 1793 ut
594 1728 847 1805 diceret,
888 1726 942 1791 si
976 1725 1129 1811 quid
1161 1724 1372 1803 vellet,
1412 1724 1469 1789 si
1501 1744 1730 1790 nucem
1764 1724 2102 1811 fregisset?
2191 1724 2384 1791 etiam
2413 1724 2555 1803 illa,

492 1846 653 1908 quae
704 1820 1031 1887 minuendi
1084 1829 1194 1885 aut
1248 1820 1525 1907 augendi
1577 1840 1772 1886 causa
1814 1820 1897 1885 ad
1944 1820 2378 1887 incredibilem
2433 1822 2557 1887 ad·

469 1917 887 1983 »mirationem
938 1915 1287 1980 efferuntur
1294 1940 1314 1994 3
1378 1913 1555 1980 velut
1605 1925 1703 1992 tu,
1768 1912 2034 1993 Crasse,
2095 1914 2162 1979 in
2224 1915 2518 1980 contione
2533 1942 2556 1981 ε

488 2011 609 2077 ‘ita
651 2010 773 2076 sibi
812 2009 1027 2095 ipsum
1075 2029 1379 2092 magnum
1422 2008 1622 2073 videri
1655 2006 2066 2087 Memmium,
2117 2019 2192 2074 ut
2223 2008 2288 2073 in
2323 2008 2551 2074 forum

489 2102 880 2169 descendens
920 2110 1110 2187 eaput
1146 2101 1227 2163 ad
1262 2100 1569 2166 fornicem
1601 2101 1959 2167 Fabianum
1995 2102 2406 2180 demitteret3‘
2463 2124 2554 2169 ex

490 2220 613 2283 quo
659 2217 891 2284 genere
937 2195 1129 2259 etiam
1178 2194 1338 2260 illud
1380 2205 1508 2274 est,
1565 2197 1736 2281 quod
1782 2192 2000 2284 Scipio
2045 2197 2216 2283 apud
2255 2197 2553 2262 Numan·-

488 2292 669 2370 tiam,
726 2311 871 2355 cum
898 2289 1406 2356 'stomacharetur
1448 2311 1593 2355 cum
1631 2287 1708 2356 C.
1745 2290 2042 2370 Metello,
2098 2291 2338 2356 dixisse
2392 2291 2552 2356 dici-

490 2395 619 2450 tur:
674 2384 761 2451 ‘si
796 2385 1085 2470 quintum
1116 2396 1371 2472 pareret
1401 2395 1604 2451 mater
1637 2385 1804 2464 eius,
1858 2385 2105 2450 asinum
2139 2384 2342 2451 fuisse
2375 2386 2550 2472 pari-

372 2504 451 2545 268
485 2479 731 2546 turam.’
821 2489 1047 2568 arguta
1096 2489 1197 2544 est
1248 2479 1440 2544 etiam
1485 2477 1890 2565 significatio,
1945 2497 2090 2542 oum
2131 2501 2335 2566 parva
2373 2501 2448 2545 re
2481 2491 2550 2545 et

486 2597 677 2661 saepe
721 2572 918 2639 verbo
961 2595 1067 2639 res
1111 2572 1384 2638 obscura
1426 2582 1493 2639 et
1532 2572 1737 2638 latens
1791 2571 2187 2651 inlustratum
2239 2583 2342 2652 ut,
2397 2593 2549 2639 cum

392 2733 394 2736 Α
486 2666 565 2734 C.
592 2667 887 2734 Fabricio
920 2666 999 2732 P.
1033 2664 1389 2744 Cornelius,
1427 2665 1636 2744 homo,
1672 2674 1745 2730 ut
1779 2665 2275 2746 existimabatur,
2311 2689 2546 2733 avarus

485 2771 551 2826 et
584 2761 801 2840 furax,
857 2761 971 2826 sed
1006 2759 1261 2847 egregie
1306 2759 1488 2826 fortis
1525 2769 1590 2825 et
1623 2759 1830 2825 bonus
1873 2759 2246 2846 imperator,
2302 2760 2546 2848 gratias

485 2865 732 2941 ageret,
784 2855 956 2939 quod
992 2875 1062 2920 se
1098 2853 1287 2920 homo
1330 2853 1622 2918 inimicus
1660 2853 1987 2920 consulem
2029 2854 2318 2932 fecisset,
2370 2855 2550 2922 bello

482 2948 862 3034 praesertim
902 2969 1138 3076 magno
1172 2958 1238 3013 et
1271 2946 1453 3034 gravi
1507 2946 1691 3011 ‘nihil
1725 2957 1850 3026 est,
1897 2948 2069 3032 quod
2101 2947 2259 3012 mihi
2299 2931 2546 3035 gratias

484 3041 689 3130 agas,’
725 3041 983 3126 inquit‘
993 3041 1049 3106 si
1080 3039 1275 3105 malui
1310 3040 1635 3127 compilari
1670 3063 1862 3126 quam
1895 3041 2169 3121 venire3’
2207 3053 2280 3107 ut
2309 3041 2550 3108 Asello

480 3137 827 3201 Africanus
881 3135 1177 3200 obicienti
1240 3135 1508 3200 lustrum
1561 3134 1718 3200 illud
1769 3135 2020 3213 infelix,
2086 3135 2271 3202 ‘noli’
2326 3135 2544 3218 inquit

484 3228 752 3308 ‘mirari3
803 3229 859 3294 is
896 3228 1091 3307 enim,
1129 3229 1238 3313 qui
1274 3239 1337 3294 te
1372 3251 1456 3294 ex
1490 3229 1748 3294 aerariis
1784 3229 2046 3308 exemit,
2082 3228 2344 3298 lustrum
2379 3249 2554 3294 con-—

482 3323 642 3388 didit
674 3333 741 3389 et
770 3333 1022 3387 taurum
1055 3321 1445 3389 immolavit.’
1538 3319 1759 3410 [tacita
1796 3323 2062 3409 suspitio
2107 3334 2235 3402 est,
2287 3335 2361 3390 ut
2389 3323 2546 3390 reli-

478 3417 669 3504 gione
722 3416 1041 3481 civitatem
1100 3416 1517 3484 obstrinxisse
1578 3417 1868 3483 videatur
1917 3416 2304 3497 Mummius,
2369 3419 2550 3502 quod

479 3510 776 3576 Asellum
808 3508 1157 3597 ignominia
1188 3508 1464 3598 levarit.]
2371 3581 2375 3585 Α

377 3603 445 3657 67
602 3603 872 3671 Urbana
904 3604 1097 3670 etiam
1140 3603 1560 3672 dissimulatio
1603 3614 1730 3682 est,
1785 3625 1930 3669 cum
1967 3605 2092 3670 alia
2133 3605 2430 3671 dicuntur
2465 3627 2548 3672 ac

364 3675 445 3718 ²⁶⁹
481 3699 739 3779 sentias,
774 3684 1047 3766 non‘illo
1082 3721 1346 3787 genere,
1384 3699 1464 3764 de
1499 3718 1626 3784 quo
1661 3709 1808 3765 ante
1843 3700 2004 3780 dixi,
2043 3721 2188 3766 cum
2224 3698 2544 3766 contraria

479 3795 687 3873 dicas,
737 3804 812 3860 ut
842 3793 1113 3861 Lamiae
1150 3791 1462 3872 Crassus,
1517 3793 1636 3860 sed
1677 3814 1824 3859 cum
1857 3805 1991 3861 toto
2036 3817 2270 3882 genere
2306 3795 2547 3862 oratio-

477 3887 579 3952 nis
616 3909 837 3955 severe
870 3889 1077 3966 ludas,
1114 3909 1260 3953 cum
1296 3886 1481 3952 aliter
1509 3887 1745 3953 sentias
1782 3909 1858 3954 ac
1889 3889 2179 3973 loquare3
2214 3898 2288 3953 ut
2319 3899 2547 3954 noster

483 3978 798 4047 Scaevola
832 3979 1267 4068 Septumuleio
1302 3981 1397 4044 illi
1429 3980 1803 4068 Anagnino,
1850 3982 1952 4047 cui
1984 4005 2102 4070 pro
2138 3979 2217 4049 C.
2259 3981 2541 4049 Gracchi

477 4071 687 4154 >capite
740 4085 875 4138 erat
928 4097 1149 4140 aurum
1198 4096 1568 4162 repensum,
1619 4073 1896 4162 roganti,
1949 4087 2024 4142 ut
2075 4098 2144 4144 se
2193 4075 2262 4140 in
2305 4074 2542 4142 Asiam
