2784 4575
875 288 980 342 DE
1017 285 1384 344 ORATORE
1418 285 1766 342 11.5o--59.
2264 272 2347 340 71·

288 417 458 484 sicut
488 402 728 501 potuit,
783 409 1051 490 dolavit,
1105 408 1258 474 vicit
1301 419 1543 488 tamen,
1595 418 1668 474 ut
1702 407 1889 485 dicis,
1946 406 2344 496 superiores?

285 507 581 575 ‘minime
614 504 897 582 mirum,'
950 503 1156 588 inquit
1187 503 1511 569 Antonius
1566 502 1653 567 ‘si
1684 503 1811 568 ista
1840 524 1946 568 res
1992 501 2200 568 adhuc
2232 525 2350 569 no·-
2390 529 2443 572 ω

287 614 428 669 stra
475 601 699 687 lingua
749 597 1084 663 inlustrata
1131 619 1264 662 non
1316 607 1441 676 est3
1494 618 1681 662 nemo
1734 595 1904 662 enim
1956 595 2171 660 studet
2218 595 2353 662 elo-

285 694 585 781 quentiae
619 701 984 760 nostrorum
1035 690 1391 768 hominum,
1443 689 1570 755 >nisi
1602 700 1675 754 ut
1708 689 1777 753 in
1811 689 2020 754 causis
2058 699 2248 774 atque
2280 690 2349 755 in

289 791 436 857 foro
479 787 750 864 eluceat3
805 785 976 872 apud
1019 783 1304 851 Graecos
1349 794 1564 850 autem
1605 782 2107 866 eloquentissimi
2148 783 2351 849 homi-

290 905 408 948 nes
460 879 688 948 remoti
723 903 762 946 a
806 878 1016 945 causis
1071 878 1433 945 forensibus
1486 898 1631 942 cum
1675 877 1759 943 ad
1810 887 2053 944 ceteras
2094 899 2201 943 res
2252 877 2351 943 in-

289 974 508 1042 lustris
564 984 702 1039 tum
753 971 837 1038 ad
889 971 1217 1037 historiam
1268 971 1669 1036 scribendam
1723 991 1792 1036 se
1844 970 2348 1058 applicaverunt:

292 1089 572 1152 namque
623 1077 688 1132 et
737 1066 1140 1132 Herodotum
1190 1064 1397 1142 illum,
1460 1063 1571 1148 qui
1620 1064 1915 1150 princeps
1968 1087 2174 1152 genus
2226 1065 2351 1132 hoc

288 1160 563 1240 ornavit,
596 1160 663 1225 in
698 1159 906 1224 causis
942 1158 1099 1222 nihil
1133 1159 1388 1224 omnino
1424 1169 1747 1223 versatum
1780 1181 1925 1224 esse
1961 1160 2348 1247 accepimus;

291 1255 471 1340 atqui
506 1265 682 1320 tanta
716 1265 816 1320 est
848 1253 1236 1337 eloquentia,
1271 1263 1344 1318 ut
1375 1275 1480 1318 me
1515 1252 1798 1337 quidem,
1850 1263 2159 1338 quantum
2198 1251 2349 1341 [ego

296 1347 544 1415 Graece
599 1347 860 1436 scripta]
923 1348 1292 1434 intellegere
1344 1371 1637 1434 possum,
1698 1370 1933 1434 magno
1994 1370 2185 1436 opere
2238 1351 2349 1415 de-
2389 1377 2443 1418 56
2484 1425 2489 1430 ,

294 1443 512 1523 lectet3
565 1453 631 1510 et
661 1452 812 1530 post
860 1441 1039 1506 illum
1074 1441 1486 1527 Thucydides
1542 1442 1746 1508 omnis
1792 1443 2042 1508 dicendi
2086 1443 2347 1509 artificio

288 1561 436 1604 mea
471 1537 783 1604 sententia
819 1533 1063 1624 [facile]
1102 1535 1281 1614 vicit3
1327 1536 1437 1621 qui
1470 1535 1560 1601 ita
1592 1537 1813 1602 creber
1845 1547 1945 1602 est
1975 1559 2189 1603 rerum
2220 1538 2349 1604 fre-

287 1633 577 1718 quentia,
630 1642 706 1698 ut
747 1633 1086 1698 verborum
1125 1653 1326 1718 prope
1367 1652 1703 1698 numerum
1747 1631 2197 1697 sententiarum
2230 1655 2350 1696 nu·-

288 1750 468 1794 mero
504 1735 954 1811 consequatur,
1005 1725 1097 1792 ita
1126 1747 1318 1812 porro
1353 1725 1566 1790 verbis
1604 1735 1705 1790 est
1746 1736 1931 1811 aptus
1967 1736 2034 1792 et
2064 1748 2345 1811 pressus,

291 1830 369 1885 ut
419 1819 696 1899 nescias,
751 1830 988 1884 utrum·
1012 1841 1118 1884 res
1171 1817 1455 1885 oratione
1500 1841 1583 1883 an
1633 1819 1832 1884 verba
1882 1819 2207 1884 sententiis
2252 1820 2350 1885 inc-

291 1914 665 1980 lustrentur:
717 1913 894 1997 atqui
934 1934 1018 1978 ne
1059 1911 1230 1978 hunc
1278 1912 1566 1997 quidem,
1618 1933 2025 1997 quamquam,
2046 1923 2147 1979 est
2177 1913 2246 1978 in
2277 1935 2349 1978 re

291 2007 548 2094 publica
579 2017 902 2086 versatus,
951 2029 1032 2072 ex
1064 2028 1329 2072 numero
1365 2005 1725 2093 accepimus
1762 2029 2009 2086 eorum,
2054 2008 2164 2092 qui
2200 2029 2349 2073 cau-

195 2176 200 2179 ,
293 2123 400 2166 sas
437 2099 822 2178 dictitarent3
869 2109 936 2165 et
966 2098 1084 2166 hos
1119 2099 1295 2186 ipsos
1329 2100 1527 2166 libros
1564 2111 1700 2165 tum
1734 2101 2065 2188 scripsisse
2103 2101 2347 2178 dicitur,

290 2213 444 2260 cum
478 2217 518 2258 a
547 2216 618 2259 re
651 2193 909 2281 publica
939 2203 1220 2258 remotus
1277 2203 1493 2278 atque,
1544 2193 1613 2258 id
1646 2195 1819 2278 quod
1851 2195 2088 2281 optimo
2123 2195 2349 2278 cuique

292 2287 572 2353 Athenis
625 2286 910 2354 accidere
954 2285 1210 2354 solitum
1259 2297 1386 2366 est,
1439 2289 1507 2352 in
1550 2289 1844 2353 exsilium
1885 2290 2109 2376 pulsus
2146 2300 2345 2367 esset3

293 2380 468 2445 hunc
501 2391 874 2447 consecutus
909 2390 1010 2446 est
1045 2379 1426 2467 Syracusius
1462 2381 1794 2459 Philistus,
1831 2383 1969 2465 qui,
2006 2404 2151 2447 cum
2182 2384 2345 2449 Dio·
2388 2408 2442 2451 57

291 2472 463 2559 nysii
523 2474 774 2559 tyranni
830 2474 1360 2539 familiarissimus
1424 2484 1623 2552 esset,
1693 2475 1892 2539 otium
1953 2496 2138 2539 suum
2200 2496 2350 2540 con-

293 2567 570 2653 sumpsit
617 2565 685 2631 in
737 2566 1000 2633 historia
1063 2567 1398 2633 scribenda
1453 2567 1855 2651 maximeque
1906 2567 2351 2651 Thucydidem

228 2670 233 2676 '
287 2670 422 2737 est,
471 2659 635 2725 sicut
664 2659 824 2725 mihi
856 2660 1132 2739 videtur,
1183 2659 1485 2725 imitatus.
1572 2668 1797 2745 postea.
1830 2680 1981 2750 vero
2018 2682 2099 2724 ex
2134 2660 2350 2724 claris-

291 2753 457 2821 sima
507 2752 693 2838 quasi
741 2752 1066 2819 rhetorum
1127 2753 1385 2819 officina
1438 2752 1563 2817 duo
1613 2762 2009 2838 praestantes
2071 2752 2347 2837 ingenio,

287 2846 752 2933 Theopompus
787 2857 856 2912 et
884 2845 1188 2933 Ephorus
1237 2842 1350 2933 [ab
1383 2846 1668 2915 Isocrate
1719 2844 2027 2931 magistro
2060 2844 2345 2932 impulsi]

299 2962 371 3005 se
416 2941 500 3005 ad
549 2940 880 3007 historiam
930 2940 1359 3019 contulerunt3
1414 2962 1639 3005 causas
1694 2939 1949 3004 omnino
2001 2960 2349 3025 numquam

289 3032 656 3121 attigerunt.
745 3034 1016 3118 denique
1051 3034 1241 3100 etiam
1266 3058 1324 3103 a
1364 3034 1767 3121 philosophia.
1814 3033 2135 3120 profectus
2178 3033 2351 3121 prin·-
2384 3032 2453 3087 14

295 3148 446 3216 ceps
481 3126 882 3215 Xenophon,
938 3125 1300 3194 Socraticus
1341 3128 1470 3206 ille,
1504 3138 1655 3237 post
1698 3128 1779 3193 ab
1812 3128 2161 3194 Aristotele
2197 3106 2444 3195 Cal-⁵⁸

293 3220 620 3300 listhenes,
657 3242 870 3287 comes
907 3221 1288 3300 Alexandri,
1326 3220 1580 3310 scripsit
1612 3220 1967 3300 historiam,
2020 3232 2085 3287 et
2116 3222 2173 3287 is
2210 3223 2349 3305 qui-

290 3315 445 3381 dem
491 3316 808 3381 rhetorico
857 3338 1062 3402 paene
1113 3339 1318 3396 more3
1371 3316 1481 3383 ille
1524 3325 1737 3381 autem
1779 3316 2067 3402 superior
2108 3315 2346 3383 leniore

291 3408 576 3493 quodam
627 3432 786 3476 sono
839 3418 939 3475 est
987 3432 1173 3488 usus,
1227 3419 1292 3475 et
1334 3410 1446 3495 qui
1490 3410 1672 3475 illum
1722 3410 2031 3496 impetum
2080 3408 2345 3474 oratoris
2432 3420 2437 3423 '

292 3524 428 3567 non
462 3501 721 3581 habeat,
765 3503 1109 3570 vehemens
1144 3505 1419 3571 fortasse
1450 3504 1693 3583 minus,
1738 3506 1854 3570 sed
1898 3506 2217 3587 aliquanto
2252 3512 2349 3567 taff

293 3616 444 3661 men
479 3604 598 3675 est,
631 3607 706 3662 ut
738 3597 894 3661 mihi
929 3596 1186 3681 quidem
1218 3598 1493 3676 videtur,
1532 3597 1790 3663 dulcior.
1859 3597 2157 3661 minimus
2192 3605 2347 3661 natu

293 3689 524 3756 horum
567 3690 852 3755 omnium
884 3689 1217 3768 Timaeus,
1269 3701 1579 3776 quantum
1622 3700 1831 3755 autem
1874 3688 2153 3754 iudicare
2196 3711 2347 3774 pos-

293 3802 466 3862 sum,
509 3783 703 3870 longe
740 3784 1199 3850 eruditissimus
1235 3796 1299 3851 et
1331 3806 1546 3851 rerum
1580 3784 1762 3872 copia
1794 3793 1861 3848 et
1895 3782 2343 3848 sententiarum

292 3877 598 3942 varietate
635 3877 1214 3944 abundantissimus
1249 3888 1314 3944 et
1346 3879 1490 3966 ipsa
1523 3876 1976 3963 compositione
2010 3877 2349 3941 verborum

296 3989 428 4031 non
460 3968 782 4055 impolitus
819 3993 1120 4056 magnam
1155 3972 1579 4056 eloquentiam
1622 3971 1705 4036 ad
1746 3968 2147 4035 scribendum
2180 3979 2350 4035 attu-

288 4058 396 4139 lit,
451 4062 567 4126 sed
597 4064 845 4130 nullum
878 4085 1068 4129 usum
1099 4064 1459 4131 forensem?
1546 4063 1705 4129 haec
1740 4085 1884 4128 cum
1915 4062 2022 4129 ille
2058 4062 2341 4143 dixisset,
2385 4088 2441 4131 59
