2784 4575
853 280 858 284 -
959 251 1277 310 ORATOR
1312 251 1567 307 16-24,
2162 239 2289 309 281

234 375 540 469 perpauci
570 379 638 444 in
673 376 999 455 omnibus3
1051 399 1204 440 nam
1240 365 1312 440 'et
1353 367 1781 462 grandiloqui,
1834 385 1909 442 ut
1941 375 2031 440 ita
2065 376 2290 458 dicam,

234 477 494 542 fuerunt
527 495 672 538 cum
701 471 914 558 ampla
947 480 1012 536 et
1047 468 1500 536 sententiarum
1528 468 1838 556 gravitate
1874 480 1939 534 et
1964 469 2295 536 maiestate

235 568 602 644 verborum,
656 565 1066 631 vehementes
1111 563 1294 642 varii,
1339 564 1581 650 copiosi
1624 585 1883 650 graves,
1930 563 2013 628 ad
2045 584 2296 649 permo-

235 660 482 727 vendos
535 670 601 726 et
651 658 1112 726 convertendos
1168 659 1415 724 animos
1465 657 1757 724 instructi
1809 667 1875 722 et
1923 657 2129 745 parati
2138 683 2158 736 3
2208 693 2297 708 -—-

237 754 412 840 quod
452 754 668 842 ipsum
721 753 828 819 alii
872 752 1127 840 aspera,
1181 753 1372 830 tristi,
1428 752 1683 819 horrida
1725 753 2037 832 oratione,
2088 772 2296 838 neque

233 849 522 937 perfecta
554 862 762 933 neque
799 847 1100 913 conclusa
1125 850 1428 912 consecuti
1458 859 1621 924 sunt,
1659 846 1765 916 alii
1797 847 1925 912 levi
1958 857 2024 912 et
2058 856 2297 915 structa

235 953 303 1010 et
335 943 700 1009 terminata:
733 978 822 991 -—
855 951 922 1006 et
953 951 1175 1007 contra
1207 951 1461 1020 tenues,
1508 940 1703 1018 acuti,
1749 939 1961 1006 omnia
1994 941 2294 1008 docentes

235 1050 304 1104 et
337 1037 739 1113 dilucidiora,
785 1058 916 1100 non
951 1035 1260 1121 ampliora
1291 1034 1627 1114 facientes,
1672 1034 1889 1100 subtili
1924 1035 2199 1118 quadam
2233 1047 2299 1100 et

235 1153 464 1217 pressa
515 1129 798 1195 oratione
851 1127 1080 1207 limati3
1133 1127 1200 1191 in
1253 1129 1603 1213 eodemque
1646 1149 1879 1216 genere
1914 1126 2021 1194 alii
2066 1127 2293 1207 callidi,
2332 1143 2366 1195 6

241 1223 358 1290 sed
390 1222 660 1311 impoliti
693 1234 760 1288 et
811 1222 1100 1288 consulto
1143 1223 1399 1288 rudium
1452 1223 1689 1290 similes
1734 1233 1801 1289 et
1840 1223 2293 1310 imperitorum,

237 1318 346 1384 alii
379 1318 448 1382 in
481 1316 705 1383 eadem
729 1315 1052 1382 ieiunitate
1080 1316 1537 1396 concinniores,
1572 1317 1643 1381 id
1668 1327 1783 1396 est,
1821 1317 2029 1395 faceti,
2067 1317 2297 1383 floren-

241 1425 340 1478 tes
377 1411 566 1477 etiam
603 1420 668 1475 et
698 1409 923 1475 leviter
957 1411 1181 1476 ornati.
1255 1421 1356 1476 est
1389 1421 1602 1476 autem
1638 1411 1894 1497 quidam
1928 1411 2291 1478 interiectus
2319 1437 2373 1478 21

237 1507 403 1571 inter
436 1505 554 1570 hos
589 1504 838 1570 medius
875 1515 941 1570 et
981 1505 1166 1588 quasi
1191 1515 1579 1592 temperatus
1613 1527 1732 1572 nec
1768 1505 2055 1573 acumine
2080 1515 2295 1593 poste-

235 1599 475 1665 riorum
507 1620 628 1664 nec
659 1599 924 1664 fulmine
957 1611 1143 1665 utens
1180 1599 1604 1688 superiorum,
1656 1600 1899 1666 vicinus
1944 1601 2293 1678 amborum,

237 1694 307 1758 in
357 1703 580 1760 neutro
633 1693 980 1772 excellens,
1033 1694 1362 1778 utriusque
1408 1694 1753 1781 particeps,
1808 1695 1911 1759 vel
1946 1694 2293 1778 utriusque,

241 1787 299 1852 si
335 1809 572 1853 verum·
589 1787 978 1870 quaerimus,
1016 1787 1226 1874 potius
1263 1809 1521 1875 expers3
1566 1788 1747 1872 isque
1780 1810 1908 1853 uno
1944 1798 2189 1866 tenore,
2224 1798 2297 1852 ut

241 1880 444 1959 aiunt,
495 1881 636 1945 fluit
667 1881 736 1946 in
777 1881 1045 1947 dicendo
1089 1881 1248 1947 nihil
1293 1882 1589 1948 adferens
1633 1892 1885 1969 praeter
1926 1880 2297 1946 facilitatem

239 1985 304 2039 et
348 1974 886 2059 aequabilitatem,
941 1986 1050 2040 aut
1101 1976 1278 2041 addit
1329 1977 1573 2061 aliquos
1616 1987 1691 2041 ut
1730 1977 1799 2040 in
1842 1995 2075 2041 corona
2124 1985 2295 2042 toros

237 2090 618 2153 omnemque
653 2069 1001 2135 orationem
1047 2071 1434 2135 ornamentis
1470 2069 1737 2136 modicis
1774 2070 2113 2135 verborum
2152 2092 2297 2135 sen-

237 2163 703 2248 tentiarumque
756 2163 1107 2251 distinguit.
1194 2163 1423 2231 horum
1480 2161 1933 2252 [singulorum]
1989 2186 2294 2251 generum
2322 2187 2373 2227 22

239 2255 618 2340 quicumque
671 2256 802 2321 vim
843 2257 910 2322 in
958 2256 1224 2345 singulis
1279 2259 1603 2326 consecuti
1656 2268 1831 2337 sunt,
1883 2279 2190 2345 magnum
2230 2259 2298 2324 in

215 2346 593 2415 'oratoribus
629 2371 862 2415 nomen
887 2349 1270 2429 habuerunt3
1309 2354 1427 2417 sed
1460 2353 1891 2436 quaerendum
1926 2364 2026 2418 est
2061 2354 2299 2419 satisne

237 2444 306 2509 id
341 2443 511 2527 quod
553 2443 846 2510 volumus
901 2445 1252 2512 effecerint:
1323 2448 1613 2512 videmus
1668 2448 1837 2511 enim
1871 2447 2071 2512 fuisse
2107 2468 2297 2530 quos·
2334 2458 2367 2511 ’1

242 2539 409 2616 dam,
447 2536 556 2621 qui
588 2535 762 2604 idem
795 2548 1014 2603 ornate
1051 2560 1126 2603 ac
1160 2538 1458 2623 graviter,
1494 2539 1665 2603 idem
1698 2550 1953 2605 versute
1990 2561 2065 2604 ac
2100 2538 2302 2604 subti-

239 2632 383 2696 liter
445 2631 726 2695 dicerent
733 2656 752 2709 3
827 2640 1016 2715 atque
1075 2632 1319 2697 utinam
1377 2632 1446 2697 in
1504 2632 1757 2697 Latinis
1818 2632 1961 2697 talis
2031 2632 2297 2697 oratoris

245 2724 652 2790 simulacrum
719 2723 996 2810 reperire
1075 2724 1443 2811 possemusl
1532 2736 1705 2791 esset
1774 2724 2102 2811 egregium
2172 2746 2300 2789 non
2353 2798 2360 2803 ,

243 2840 546 2902 quaerere
600 2828 890 2896 externa,
955 2817 1318 2885 domesticis
1381 2842 1526 2885 esse
1578 2828 1938 2883 contentos:
2002 2818 2119 2884 sed
2178 2840 2299 2905 ego
2326 2843 2380 2883 23

241 2911 439 2990 idem,
494 2910 605 2997 qui
647 2912 715 2976 in
766 2912 876 2978 illo
931 2934 1222 2977 sermone
1273 2924 1523 2991 nostro,
1578 2913 1687 2997 qui
1734 2922 1832 2977 est
1867 2910 2191 2997 exposit-us
2234 2912 2303 2977 in

240 3006 475 3083 Bruto,
528 3006 799 3071 multum
843 3005 1169 3072 tribuerim
1211 3005 1465 3073 Latinis
1480 3056 1499 3085 ,
1552 3006 1657 3071 vel
1698 3015 1773 3069 ut
1814 3005 2099 3071 hortarer
2142 3005 2299 3071 alios

240 3097 344 3165 vel
388 3101 561 3184 quod
604 3123 884 3167 amarem
925 3123 1104 3167 meos
1117 3149 1137 3179 ,
1187 3101 1486 3167 recordor
1527 3100 1718 3188 longe
1764 3095 2057 3165 omnibus'
2101 3120 2302 3163 unum

241 3193 555 3260 anteferre
590 3193 1099 3261 Demosthenem
1134 3216 1405 3279 eumque
1438 3217 1637 3259 unum
1689 3192 2173 3259 adcommodare
2218 3192 2303 3256 ad

248 3309 412 3365 eam,
449 3309 640 3371 quam
677 3288 974 3367 sentiam,
1030 3288 1482 3375 eloquentiam,
1519 3312 1649 3355 non
1684 3288 1767 3353 ad
1802 3310 1970 3366 eam,
2008 3308 2199 3371 quam
2232 3286 2301 3351 in

245 3378 456 3462 aliquo
508 3379 648 3466 ipse
703 3382 1131 3467 cognoverim.
1218 3381 1340 3448 hoc
1373 3403 1496 3447 nec
1547 3381 1815 3468 graviof
1852 3379 2095 3447 exstitit
2124 3378 2303 3463 quis-

241 3492 436 3555 quam
469 3494 588 3537 nec
624 3474 908 3540 callidior
933 3498 1056 3542 nec
1079 3476 1513 3563 temperatior:
1548 3476 1763 3561 itaque
1789 3474 1973 3541 nobis
2002 3472 2305 3539 monendi

243 3574 394 3629 sunt
427 3564 515 3643 ei,
561 3587 831 3651 quorum
865 3591 1073 3635 sermo
1106 3569 1438 3656 imperitus
1473 3568 1811 3645 increbuit,
1858 3568 1967 3651 qui
2007 3565 2147 3655 [aut
2180 3566 2306 3631 dici

245 3682 314 3725 se
360 3658 724 3727 desiderant
756 3661 1013 3729 Atticos
1061 3674 1170 3729 aut
1211 3660 1364 3752 ipsi]
1403 3662 1623 3729 Attice
1676 3662 1900 3728 volunt
1941 3660 2181 3739 dicere,
2231 3670 2307 3725 ut

242 3755 548 3822 mirentur
601 3756 770 3822 hunc
814 3757 1119 3837 maxime,
1177 3781 1300 3843 quo
1343 3780 1427 3823 ne
1471 3756 1765 3824 Athenas
1818 3754 2099 3840 quidem·
2127 3754 2303 3841 ipsas

242 3850 448 3935 magis
494 3851 683 3919 credo
727 3851 929 3920 fuisse
961 3853 1248 3933 Atticas3
1311 3850 1496 3940 [quid
1530 3852 1701 3919 enim
1735 3852 1819 3917 sit
1849 3850 2155 3917 Atticum·
2174 3850 2305 3916 dis-
2378 3894 2383 3897 -

241 3942 438 4029 cant‚]
479 3944 1024 4032 eloquentiamque
1058 3948 1228 4013 illius
1264 3947 1525 4027 viribus,
1547 3970 1691 4016 ,non
1724 3942 2151 4011 imbecillitate
2186 3966 2307 4010 sua

243 4036 609 4117 metiantur3
661 4061 831 4113 nunc
875 4041 1044 4107 enim
1086 4052 1333 4107 tantum
1376 4042 1643 4127 quisque
1680 4038 1933 4117 laudat,
1996 4050 2303 4123 quantum
2320 4064 2382 4104 ει
