2784 4575
509 238 634 304 176
1117 251 1196 305 Μ.
1233 247 1509 308 TULLII
1544 245 1948 306 CICERONIS

506 394 697 459 saepe
730 370 1029 460 posuisti,
1066 381 1138 437 ut
1169 395 1301 438 non
1333 393 1599 438 necesse
1634 371 1719 436 sit
1752 392 2127 438 consumere
2162 379 2438 437 aetatem
2472 381 2567 435 at-

507 489 629 550 que
679 476 754 532 ut
799 465 1010 552 possit
1057 465 1115 530 is
1167 465 1280 531 illa
1331 465 1545 532 omnia
1608 486 1894 544 cernere,
1951 464 2067 548 'qui
2126 464 2565 533 tantummodo

503 561 852 649 aspexerit3
906 559 1024 627 sed
1057 559 1308 626 etiamsi
1342 571 1443 626 est
1494 559 1833 646 aliquando
1889 558 2159 646 spissius
2204 567 2318 625 aut
2350 559 2409 624 si
2443 581 2567 646 ego

503 679 643 722 sum
698 655 960 734 tardior,
1011 655 1299 743 profecto
1351 676 1697 739 numquam
1732 654 2179 738 conquiescam
2211 675 2422 738 neque
2456 653 2570 719 de-

502 749 820 838 fatigabor
871 759 1048 828 ante,
1101 771 1293 834 quam
1346 749 1601 816 illorum
1635 749 1925 836 ancipitis
1979 749 2117 814 vias
2160 747 2570 831 rationesque

501 855 570 912 et
608 866 726 931 pro
778 843 1074 910 omnibus
1121 854 1188 908 et
1238 854 1459 910 contra
1509 843 1722 909 omnia
1771 842 2138 929 disputandi
2176 839 2567 928 percepero?

393 964 470 1006 ue
503 949 639 1004 tum
675 935 920 1004 Caesar
971 937 1222 1002 ‘unum'
1257 937 1517 1022 inquit‘
1524 960 1627 1002 me
1662 960 1745 1002 ex
1778 947 1889 1004 tuo
1941 958 2231 1003 sermone
2265 935 2567 1014 maxime,

505 1031 778 1110 Crasse,
813 1031 1183 1110 commovit,
1231 1031 1405 1115 quod
1438 1053 1586 1096 eum
1618 1029 1896 1118 negasti,
1944 1030 2052 1115 qui
2086 1052 2217 1096 non
2251 1030 2377 1096 cito
2412 1029 2571 1113 quid

502 1125 855 1205 didicisset,
907 1147 1255 1210 numquam
1307 1124 1563 1192 omnino
1615 1145 1809 1210 posse
1843 1123 2231 1211 perdiscere3
2284 1135 2359 1189 ut
2406 1121 2569 1188 mihi

503 1243 638 1286 non
681 1219 766 1286 sit
818 1173 1074 1285 difficile
1125 1219 1466 1306 periclitari
1518 1228 1585 1284 et
1634 1228 1745 1284 aut
1796 1218 2009 1284 statim
2049 1216 2377 1305 percipere
2418 1217 2565 1296 ista,

501 1333 664 1398 quae
700 1324 770 1378 tu
805 1312 1016 1380 verbis
1053 1313 1136 1378 ad
1169 1313 1417 1380 caelum
1452 1311 1761 1389 extulisti,
1798 1323 1933 1390 aut,
1972 1311 2030 1377 si
2062 1333 2193 1378 non
2225 1311 2563 1398 potuerim,

497 1418 750 1493 tempus
785 1429 916 1473 non
948 1407 1245 1494 perdere,
1300 1429 1448 1472 cum
1483 1417 1697 1472 tamen
1730 1405 1832 1472 his
1868 1405 2101 1474 nostris
2137 1405 2383 1490 possim
2416 1427 2563 1472 esse

397 1527 474 1568 ιιι
500 1502 874 1568 contentus?
946 1502 1050 1567 hic
1085 1499 1410 1588 Sulpicius
1448 1506 1599 1588 ‘ego
1634 1499 1826 1578 vero,'
1872 1498 2078 1584 inquit
2112 1505 2133 1535 ‘
2146 1495 2414 1577 Crasse,
2450 1522 2565 1564 ne-

501 1618 624 1680 que
675 1594 1092 1663 Aristotelem
1143 1596 1338 1665 istum
1390 1617 1599 1680 neque
1653 1592 2055 1661 Carneadem
2106 1615 2229 1660 nec
2278 1593 2565 1681 philoso-

498 1689 772 1776 phorum
839 1712 1224 1776 quemquam
1291 1689 1615 1768 desidero,
1684 1688 1789 1754 vel
1846 1710 1951 1753 me
2017 1686 2169 1752 licet
2234 1687 2561 1754 existimes

500 1784 838 1871 desperare
871 1785 996 1850 ista
1029 1807 1222 1871 posse
1267 1783 1630 1871 perdiscere
1663 1782 1797 1860 vel,
1849 1780 1918 1846 id
1952 1782 2125 1866 quod
2158 1781 2351 1860 facio,
2408 1802 2564 1847 con-

499 1888 809 1944 temnere·
863 1876 1020 1942 mihi
1062 1899 1276 1944 rerum
1318 1876 1669 1943 forensium
1704 1887 1770 1941 et
1814 1875 2242 1942 communium
2276 1875 2561 1962 volgaris

497 1971 657 2036 haec
717 1971 993 2056 cognitio
1047 1971 1202 2036 satis
1253 1993 1493 2056 magna
1542 1978 1645 2036 est
1696 1969 1781 2034 ad
1832 1991 2002 2049 eam,
2064 1991 2251 2054 quam
2310 1979 2559 2054 spect0‚

497 2064 952 2148 eloquentiam3
1005 2085 1086 2128 ex
1120 2085 1250 2146 qua
1289 2063 1437 2149 ipsa
1478 2072 1694 2130 tamen
1735 2063 2053 2150 permulta
2094 2060 2335 2142 nesci03
2388 2083 2561 2146 quae

497 2168 634 2220 tum
668 2155 966 2240 denique,
1020 2177 1167 2221 cum
1199 2177 1397 2224 causa
1430 2156 1671 2241 aliqua,
1726 2179 1891 2242 quae
1926 2182 1966 2223 a
1998 2181 2101 2224 me
2136 2155 2404 2223 dicenda
2434 2167 2559 2235 est,

498 2246 844 2329 desiderat,
897 2268 1151 2336 quaero.
1239 2272 1435 2336 quam
1468 2251 1551 2319 ob
1594 2273 1759 2331 rem,
1812 2250 1937 2317 nisi
1978 2251 2143 2319 forte
2177 2273 2249 2318 es
2282 2250 2411 2319 iam
2445 2249 2561 2317 de-

495 2344 710 2409 fessus
746 2355 811 2410 et
846 2344 903 2409 si
937 2345 1052 2410 tibi
1083 2368 1214 2413 non
1249 2348 1481 2433 graves
1519 2370 1771 2425 sumus,
1805 2346 1975 2413 refer
2012 2347 2094 2411 ad
2126 2346 2239 2413 illa
2272 2356 2356 2425 te,
2391 2366 2556 2430 quae

496 2438 581 2503 ad
603 2436 804 2525 ipsius
837 2438 1136 2506 orationis
1165 2440 1423 2506 laudem
1458 2441 1986 2528 splendoremque
2012 2440 2358 2527 pertinent·
2394 2461 2561 2525 quae

497 2554 619 2619 ego
656 2555 736 2599 ex
769 2542 832 2599 te
869 2532 1085 2599 audire
1121 2534 1324 2614 volui,
1375 2558 1507 2602 non
1547 2545 1621 2600 ut
1674 2535 2076 2621 desperarem
2110 2556 2213 2600 me
2258 2532 2561 2619 eloquen-

393 2621 462 2675 37
498 2626 652 2693 tiam
703 2628 1005 2711 consequi
1055 2651 1276 2715 posse,
1334 2630 1451 2695 sed
1493 2640 1569 2693 ut
1617 2628 1868 2752 aliquid·
1898 2627 2330 2695 addiscerem?
2419 2638 2560 2693 tum

409 2694 780 2787 48Crassus
843 2722 1278 2809 ‘pervolgatas
1330 2745 1436 2789 res
1490 2722 1787 2807 requiris'
1849 2723 2055 2807 inquit
2112 2728 2207 2788 ‘et
2260 2721 2375 2788 tibi
2424 2744 2559 2789 non

493 2814 877 2901 incognitas,
933 2814 1205 2903 Sulpici.
1259 2817 1401 2903 quis
1454 2818 1625 2886 enim
1675 2817 1754 2883 de
1806 2817 1931 2885 isto
1983 2839 2219 2905 genere
2260 2840 2390 2884 non
2443 2815 2562 2882 do-

496 2907 656 2986 cuit,
713 2932 844 2975 non
900 2908 1202 2988 instituit,
1272 2934 1405 2977 non
1468 2912 1772 2999 scriptum
1832 2911 2023 2977 etiam
2082 2911 2371 2995 reliquit?
2440 2910 2560 2979 sed

497 3024 718 3087 geram
775 3025 1018 3071 morem
1075 3013 1142 3069 et
1192 3028 1270 3071 ea
1323 3005 1679 3083 dumtaxat,
1742 3026 1905 3090 quae
1964 3003 2123 3071 mihi
2178 3015 2335 3071 nota
2384 3014 2555 3083 sunt,

495 3095 772 3165 breviter
807 3118 1124 3183 exponam
1159 3098 1303 3178 tibi3
1341 3100 1615 3165 censebo
1652 3110 1863 3163 tamen
1900 3098 1985 3162 ad
2017 3119 2156 3175 eos,
2194 3098 2305 3181 qui
2340 3108 2561 3165 aucto·-

491 3210 598 3255 res
649 3199 715 3257 et
763 3190 1126 3259 inventores
1180 3204 1328 3259 sunt
1385 3193 1611 3258 harum
1664 3213 1819 3256 sane
1877 3190 2260 3257 minutarum
2318 3214 2555 3269 rerum,

491 3284 959 3351 revertendum.

384 3400 460 3441 ιιι
617 3376 850 3445 Omnis
884 3376 1078 3466 igitur
1113 3378 1310 3445 oratio
1348 3377 1676 3444 conficitur
1710 3401 1790 3445 ex
1826 3378 2069 3457 verbis3
2123 3400 2391 3464 quorum
2422 3378 2557 3467 pri-

493 3493 670 3537 mum
720 3470 905 3537 nobis
959 3472 1120 3539 ratio
1173 3470 1543 3557 simpliciter
1604 3472 1882 3539 videnda
1930 3483 2057 3552 est,
2121 3471 2348 3539 deinde
2400 3493 2561 3541 con-

491 3565 727 3631 iuncte.
811 3586 962 3631 nam
996 3577 1098 3631 est
1139 3564 1400 3649 quidam
1454 3576 1715 3633 ornatus
1771 3566 2101 3645 orationis,
2154 3565 2264 3651 qui
2304 3588 2389 3633 ex
2423 3565 2557 3633 sin-

493 3658 662 3745 gulis
714 3657 925 3725 verbis
981 3669 1108 3736 est3
1161 3658 1354 3739 alius,
1409 3659 1519 3745 qui
1568 3682 1650 3729 ex
1702 3660 2082 3727 continuatis
2138 3656 2549 3748 [coniunctis]

493 3764 764 3820 constat.
851 3774 1005 3841 ergo
1039 3764 1295 3819 utemur
1330 3756 1543 3821 verbis
1580 3766 1691 3822 aut
1733 3755 1855 3836 eis,
1910 3779 2073 3842 quae
2112 3755 2369 3843 propria
2403 3766 2559 3823 sunt

495 3858 561 3913 et
593 3857 768 3913 certa
801 3848 984 3933 quasi
1017 3848 1330 3931 vocabula
1379 3872 1619 3929 rerum,
1670 3874 1875 3938 paene
1909 3874 2039 3917 una
2078 3861 2233 3917 nata
2272 3870 2419 3917 cum
2448 3872 2555 3915 re-

493 3940 616 4005 bus
667 3940 825 4027 ipsis
837 3966 858 4019 3
921 3952 1032 4007 aut
1083 3941 1205 4023 eis,
1261 3966 1425 4028 quae
1477 3944 1940 4014 transferuntur
1992 3955 2058 4010 et
2106 3944 2289 4029 quasi
2342 3944 2549 4010 alieno

495 4029 565 4095 in
603 4029 744 4100 loco
791 4037 1196 4105 conlocantur
1204 4064 1224 4118 3
1279 4051 1390 4107 aut
1434 4040 1556 4121 eis,
1612 4062 1773 4125 quae
1815 4062 2123 4107 novamus
2169 4050 2235 4105 et
2277 4038 2546 4117 facimus
