2784 4575
411 1327 491 1370 114

412 2267 490 2307 115

518 221 650 292 302
839 255 848 260 ·
1137 231 1215 288 M.
1253 229 1527 290 TULLII
1564 227 1967 286 CICERONIS

519 356 804 436 dicendi,
869 355 986 422 sed
1037 354 1230 421 etiam
1281 354 1558 420 vicinam
1608 353 1755 420 'eius
1810 363 2000 438 atque
2056 352 2392 418 finitimam
2456 353 2607 420 dia-

521 451 889 518 lecticorum
917 448 1256 539 *scientiam
1290 448 1654 526 adsumere,
1710 469 2095 533 quamquam
2128 447 2302 512 aliud
2336 447 2604 514 videtur

517 545 724 613 oratio
759 566 931 622 esse,
987 543 1162 608 aliud
1213 541 1591 630 disputatio,
1640 563 1763 607 nec
1804 541 1976 606 idem
2027 541 2202 625 loqui
2234 563 2386 606 esse
2420 545 2603 626 quod

521 639 736 706 dicere
746 663 766 718 3
804 660 882 704 ac
914 649 1129 703 tamen
1162 645 1501 720 utrumque
1534 635 1604 700 in
1638 635 2011 700 disserendo
2047 647 2175 700 est:
2222 634 2601 722 disputandi

522 732 685 800 ratio
721 743 788 798 et
818 731 1122 818 loquendi
1158 730 1629 798 dialecticorum
1670 727 1810 818 [sit]
1824 779 1843 808 ‚
1888 740 2209 796 oratorum
2245 742 2465 796 autem
2502 732 2599 796 di-

523 827 711 894 cendi
762 837 829 892 et
876 823 1163 892 ornandi.
1253 825 1432 890 Zeno
1486 824 1745 910 quidem
1794 822 1929 902 ille,
1985 847 2024 890 a
2075 845 2202 909 quo
2254 823 2598 912 disciplina

523 919 888 988 Stoicorum
921 929 1050 999 est,
1101 942 1297 986 manu
1331 920 1735 985 demonstare
1788 917 2035 984 solebat
2068 917 2222 1002 quid
2270 918 2441 984 inter
2472 919 2595 985 has

523 1015 677 1082 artis
721 1016 1086 1082 interesset:
1140 1037 1292 1079 nam
1325 1034 1471 1078 cum
1507 1023 1970 1100 compresserat
2003 1012 2238 1099 digitos
2271 1034 2596 1100 pugnum-

524 1130 648 1196 que
684 1110 950 1188 fecerat,
1006 1108 1402 1174 dialecticam
1436 1108 1647 1174 aiebat
1681 1108 1823 1173 eius
1858 1106 2034 1173 modi
2068 1129 2241 1186 esse,
2297 1129 2449 1172 cum
2483 1132 2595 1174 au-

522 1215 654 1271 tem
689 1205 1024 1270 diduxerat
1056 1215 1122 1269 et
1152 1223 1414 1268 manum
1448 1202 1849 1280 dilataverat,
1906 1199 2155 1288 palmae
2207 1201 2378 1266 illius
2420 1201 2595 1268 simi-
2720 1197 2722 1210 '

523 1300 652 1364 lem
703 1297 1130 1382 eloquentiam
1182 1318 1327 1362 esse
1379 1296 1634 1362 dicebat
1640 1320 1660 1374 3
1726 1306 1914 1380 atque
1974 1296 2167 1362 etiam
2220 1307 2367 1362 ante
2424 1297 2595 1364 hunc

521 1393 905 1460 Aristoteles
956 1392 1267 1480 principio
1328 1393 1483 1458 artis
1532 1391 1885 1458 rhetoricae
1936 1391 2090 1456 dicit
2149 1390 2328 1456 illam
2389 1402 2595 1460 artem

524 1487 709 1572 quasi
743 1509 826 1553 ex
863 1485 1062 1552 altera
1094 1498 1275 1574 parte
1309 1486 1699 1575 respondere
1736 1485 2122 1563 dialecticae,
2159 1495 2234 1550 ut
2265 1484 2391 1551 hoc
2416 1487 2595 1552 vide-

521 1581 672 1646 licet
705 1581 1003 1646 differant
1035 1581 1200 1646 inter
1235 1602 1336 1659 se,
1381 1579 1555 1665 quod
1588 1578 1748 1646 haec
1778 1579 1942 1645 ratio
1978 1578 2232 1644 dicendi
2262 1578 2453 1645 latior
2486 1580 2593 1659 sit,

523 1675 634 1740 illa
666 1674 971 1760 loquendi
1005 1675 1404 1742 contractior.
1494 1674 1639 1739 volo
1672 1673 1867 1760 igitur
1910 1671 2059 1737 huic
2108 1669 2417 1760 [summo]
2456 1697 2595 1739 om-

521 1791 700 1847 nem,
757 1789 919 1854 quae
955 1769 1040 1835 ad
1076 1768 1416 1834 dicendum
1460 1767 1625 1834 trahi
1659 1767 1893 1854 possit,
1946 1766 2249 1851 loquendi
2279 1769 2595 1833 rationem

521 1887 668 1930 esse
701 1875 918 1930 notam
926 1889 947 1944 3
1003 1886 1164 1949 quae
1200 1863 1459 1947 quidem
1489 1885 1623 1941 res,
1662 1863 1834 1948 quod
1868 1873 1931 1926 te
1967 1861 2066 1927 his
2104 1862 2341 1928 artibus
2378 1863 2595 1928 erudi-

522 1971 660 2024 tum
701 1958 960 2023 minime
1011 1957 1205 2035 fallit,
1258 1956 1577 2044 duplicem
1620 1956 1815 2022 habet
1866 1955 2137 2022 docendi
2188 1957 2349 2021 viam
2356 1980 2378 2034 ,-
2428 1980 2595 2022 nam

523 2063 589 2117 et
621 2052 762 2138 ipse
795 2051 1181 2117 Aristoteles
1219 2051 1478 2116 tradidit
1526 2063 1870 2138 praecepta
1912 2052 2181 2138 plurima
2226 2051 2591 2114 disserendi

524 2155 589 2209 et
622 2155 848 2230 postea
881 2144 992 2228 qui
1027 2143 1338 2210 dialectici
1374 2145 1669 2211 dicuntur
1704 2146 2061 2233 spinosiora
2095 2144 2282 2210 multa
2311 2166 2595 2230 pepere-

523 2247 691 2303 runt.
778 2259 934 2325 ergo
969 2260 1115 2304 eum
1150 2259 1413 2318 censeo,
1470 2239 1580 2325 qui
1618 2240 2014 2325 eloquentiae
2066 2240 2253 2307 laude
2288 2239 2587 2318 ducatur,

417 2417 444 2439 .
506 2347 655 2399 'non
689 2354 833 2400 esse
869 2356 1088 2399 earum
1118 2356 1333 2401 rerum
1379 2336 1638 2403 omnino
1690 2336 1943 2415 rudem,
1999 2336 2115 2401 sed
2149 2336 2251 2401 vel
2286 2334 2395 2399 illa
2428 2335 2593 2401 anti-

419 3278 493 3333 33

416 3352 494 3393 116

523 2450 653 2512 qua
711 2427 815 2495 vel
875 2428 997 2495 hac
1065 2426 1416 2518 Chrysippi
1495 2431 1827 2517 disciplina
1886 2431 2274 2496 institutum:
2344 2430 2594 2496 noverit

522 2524 799 2610 primum
832 2522 981 2603 vim,
1016 2536 1330 2605 naturam,
1367 2548 1607 2613 genera
1640 2527 1978 2592 verborum
2012 2536 2078 2592 et
2112 2524 2495 2612 simplicium
2530 2535 2596 2590 et

523 2618 990 2705 copulatorum3
1057 2619 1286 2687 deinde
1339 2630 1497 2704 quot
1546 2620 1753 2686 modis
1808 2621 2084 2706 quidque
2136 2620 2383 2685 dicatur
2390 2644 2411 2697 3
2468 2641 2597 2703 qua

523 2713 766 2778 ratione
819 2736 1042 2779 verum
1092 2712 1412 2781 falsumne
1466 2714 1551 2780 sit
1600 2715 1940 2794 iudicetur3
1994 2714 2147 2799 quid
2200 2714 2512 2780 efficiatur
2558 2736 2596 2779 e

525 2807 808 2891 quoque,
861 2808 1014 2892 quid
1049 2809 1276 2893 cuique
1313 2831 1709 2894 consequens
1747 2809 1831 2875 sit
1865 2810 2141 2894 quidque
2178 2807 2593 2885 contrarium3

527 2918 797 2983 eumque
841 2900 1138 2989 ambigue
1173 2901 1374 2969 multa
1410 2903 1727 2983 dicantur,
1775 2926 1900 2989 quo
1943 2904 2135 2970 modo
2170 2902 2449 2987 quidque
2485 2924 2601 2967 eo-

526 3015 669 3058 rum
721 2993 919 3059 dividi
981 2996 1433 3083 explanarique
1496 3008 1804 3087 oporteat.
1908 2997 2068 3063 haec
2118 2997 2393 3064 tenenda
2444 3006 2600 3063 sunt

527 3087 762 3153 oratori
811 3123 903 3137 —-
952 3112 1145 3177 saepe
1195 3090 1367 3157 enim
1419 3103 1757 3159 occurrunt
1813 3128 1905 3142 ·-
1954 3092 2071 3159 sed
2123 3091 2422 3176 quoniam
2474 3112 2600 3157 sua

528 3190 757 3267 sponte
793 3183 1181 3293 squalidiora
1216 3196 1397 3264 sunt,
1451 3186 1849 3252 adhibendus
1887 3187 2007 3253 erit
2038 3186 2107 3251 in
2141 3185 2233 3251 eis
2270 3184 2601 3272 explican-

530 3274 626 3341 dis
663 3276 922 3361 quidam
950 3277 1250 3343 orationis
1285 3279 1473 3346 nitor.
1544 3291 1609 3345 et
1644 3280 1943 3383 quoniam
1974 3280 2041 3345 in
2076 3279 2389 3357 omnibus,
2428 3301 2599 3363 quae

525 3369 771 3436 ratione
807 3370 1112 3437 docentur
1147 3382 1213 3437 et
1246 3372 1378 3451 via,
1432 3373 1718 3484 primum
1750 3374 2261 3440 constituendum
2305 3382 2406 3438 est
2441 3371 2602 3457 quid

527 3463 804 3548 quidque
841 3464 926 3530 sit
955 3500 1046 3514 ——
1076 3466 1203 3532 nisi
1239 3467 1411 3532 enim
1453 3468 1619 3534 inter
1663 3490 1806 3548 eos,
1859 3467 1970 3553 qui
2004 3467 2387 3554 disceptent,
2440 3487 2602 3532 con·

528 3557 702 3621 venit
734 3558 890 3642 quid
925 3558 1009 3625 sit
1040 3559 1227 3639 illud,
1283 3562 1362 3627 de
1398 3583 1525 3647 quo
1560 3517 1930 3649 ambigitur,
1983 3582 2105 3628 nec
2145 3572 2317 3629 recte
2362 3560 2603 3626 disseri

526 3670 648 3715 nec
689 3672 970 3737 unquam
1025 3654 1109 3720 ad
1161 3655 1403 3721 exitum
1452 3656 1773 3742 perveniri
1821 3665 2036 3744 potest
2074 3690 2165 3705 -
2216 3654 2603 3742 explicanda

529 3756 629 3811 est
663 3768 857 3833 saepe
891 3747 1103 3813 verbis
1132 3770 1320 3815 mens
1356 3760 1577 3817 nostra
1612 3751 1691 3815 de
1730 3772 1979 3835 quaque
2012 3773 2083 3818 re
2119 3761 2309 3836 atque
2341 3748 2605 3815 involu-

529 3850 632 3903 tae
683 3840 779 3905 rei
827 3841 1053 3907 notitia
1105 3844 1464 3910 definiendo
1518 3845 1860 3933 aperienda
1910 3856 2038 3925 est,
2093 3846 2150 3911 si
2191 3845 2449 3930 quidem
2494 3854 2604 3909 est

527 3930 810 3999 definitio
845 3936 1074 4014 oratio,
1111 3957 1273 4020 quae
1309 3938 1466 4021 quid
1499 3938 1584 4003 sit
1615 3940 1711 4019 id,
1758 3941 1839 4005 de
1874 3961 2001 4024 quo
2038 3939 2275 4026 agitur,
2312 3938 2605 4003 ostendit

420 4034 425 4040 ·
529 4041 722 4101 quam
754 4025 1154 4107 brevissime3
1169 4040 1346 4124 tum,
1383 4041 1455 4132 ut
1490 4032 1636 4109 seis,
1674 4033 1987 4118 explicato
2023 4055 2258 4119 genere
2284 4031 2602 4115 cuiusque
