2784 4575
877 271 982 326 DE
1021 267 1388 327 ORATORE
1424 269 1531 327 ΙΙΙ.
1569 271 1775 327 7-14,
2234 261 2359 327 145

279 398 452 464 illud
485 395 635 475 fuit,
674 419 714 462 a
748 417 875 480 quo
902 405 1092 486 ⁸erant
1127 394 1468 460 multorum
1508 392 1796 483 [civium]
1837 395 2044 483 capita
2080 409 2331 464 servata
2337 426 2357 479 3
2430 415 2433 418 ’

287 515 502 576 neque
545 513 699 557 vero
751 490 944 577 longe
990 490 1070 554 ab
1116 511 1194 556 eo
1230 487 1308 555 O.
1344 489 1495 554 Iulii
1548 499 1759 576 caput.
1790 490 2057 578 hospitis
2100 491 2361 558 Etrusci

281 587 535 652 ..scelere
586 583 911 672 proditum
963 605 1109 649 cum
1159 583 1240 648 L.
1285 583 1437 648 Iulii
1486 584 1699 652 fratris
1754 585 1961 672 capite
2012 585 2233 666 iacuit,
2288 599 2361 653 ut

281 681 432 758 ille,
487 679 595 764 qui
628 679 789 746 haec
821 701 953 746 non
989 677 1175 757 vidit,
1231 687 1298 743 et
1329 677 1569 744 vixisse
1620 699 1767 745 cum
1801 701 1871 744 re
1904 679 2161 766 publica
2191 681 2361 768 pari-

290 787 396 840 ter
437 784 503 840 et
552 795 698 840 cum
749 773 861 838 illa
913 772 1103 839 simul
1157 771 1509 838 exstinctus
1562 795 1707 840 esse
1759 773 2065 841 videatur.
2153 798 2359 860 neque

282 864 466 936 ‘enim
498 868 927 956 propinquum
965 890 1180 946 suum,
1233 866 1495 932 maximi
1532 865 1725 932 animi
1760 868 1992 948 virum,
2046 868 2125 934 P.
2166 867 2360 936 Cras-

289 986 460 1042 sum,
497 973 724 1050 suapte
758 963 1163 1028 interfectum
1189 984 1384 1027 manu
1418 983 1627 1046 neque
1654 963 1959 1048 conlegae
1996 963 2115 1042 sui,
2151 964 2359 1050 ponti-

289 1056 436 1124 ficis
494 1056 782 1135 maximi,
857 1055 1167 1144 sanguine
1229 1055 1637 1146 simulacrum
1696 1057 1937 1125 Vestae
1997 1079 2361 1145 respersum

292 1173 444 1218 esse
479 1151 664 1230 vidit3
719 1151 822 1216 cui
855 1149 1156 1228 maerori,
1209 1171 1336 1234 qua
1380 1159 1595 1216 mente
1636 1149 1743 1216 ille
1776 1150 1845 1216 in
1896 1151 2166 1238 patriam
2219 1151 2358 1230 fuit,

291 1245 490 1312 etiam
527 1243 606 1312 C.
645 1243 992 1323 Carbonis,
1038 1242 1460 1310 inimicissimi
1493 1243 1795 1324 hominis,
1852 1245 2079 1312 eodem
2110 1246 2220 1313 illo
2257 1246 2359 1311 die

279 1362 464 1406 mors
501 1339 732 1406 fuisset
763 1339 1010 1405 nefaria
1019 1363 1038 1417 3
1091 1361 1221 1405 non
1255 1338 1417 1403 vidit
1458 1360 1678 1404 eorum
1712 1339 2024 1425 ipsorum,
2078 1339 2189 1423 qui
2222 1349 2359 1404 tum
2384 1370 2434 1410 11

290 1433 736 1500 adulescentes
791 1431 1034 1499 Crasso
1089 1455 1159 1498 se
1213 1432 1525 1510 dicarant,
1587 1431 1903 1498 horribilis
1966 1433 2359 1518 miserosque

289 1547 482 1592 casus
492 1551 513 1606 3
567 1549 650 1592 ex
703 1526 934 1610 quibus
975 1523 1196 1604 Cotta,
1253 1547 1445 1610 quem
1478 1525 1585 1592 ille
1618 1525 1947 1593 florentem
1997 1527 2357 1612 reliquerat,
2393 1523 2398 1527 ’

287 1619 514 1708 paucis
569 1620 794 1686 diebus
846 1630 996 1707 post
1053 1630 1325 1686 mortem
1379 1617 1605 1686 Crassi
1666 1621 1971 1707 depulsus
2026 1643 2143 1708 per
2194 1621 2357 1686 invi-

287 1715 466 1781 diam
528 1716 854 1782 tribunatu
913 1738 1045 1783 non
1113 1715 1328 1781 multis
1393 1717 1475 1781 ab
1540 1738 1616 1782 eo
1676 1726 1961 1803 tempore
2029 1717 2356 1782 mensibus

287 1809 532 1876 eiectus
584 1820 684 1877 est
735 1833 772 1876 e
825 1810 1107 1889 civitate3
1175 1808 1499 1896 Sulpicius
1555 1821 1794 1889 autem,
1858 1810 1967 1895 qui
2014 1809 2084 1875 in
2134 1810 2359 1876 eadem

291 1903 566 1971 invidiae
617 1906 874 1972 flamma
908 1904 1167 1982 fuisset,
1225 1903 1605 1989 quibuscum
1636 1903 1921 1990 privatus
1978 1903 2359 1974 coniunctis-

291 1998 453 2064 sime
503 1999 780 2078 vixerat,
843 1999 962 2064 hos
1018 1998 1086 2062 in
1137 1997 1465 2064 tribunatu
1526 1999 1799 2084 spoliare
1861 1998 2136 2064 instituit
2184 1998 2359 2064 omni

289 2092 600 2179 dignitate
610 2118 630 2172 3
686 2093 790 2158 cui
841 2093 1099 2176 quidem
1147 2091 1229 2158 ad
1272 2115 1589 2158 summam
1642 2092 1912 2180 gloriam
1962 2091 2357 2178 eloquentia-e

288 2187 718 2254 efflorescenti
769 2186 938 2252 ferro
992 2196 1210 2272 erepta
1269 2186 1403 2252 vita
1453 2198 1555 2253 est
1605 2198 1671 2254 et
1718 2209 1927 2274 poena
1986 2187 2355 2254 temeritatis
2488 2257 2496 2262 ,

290 2302 426 2345 ιιοιι
461 2278 596 2346 sine
631 2304 864 2369 magno
899 2279 994 2347 rei
1035 2278 1328 2367 publicae
1371 2280 1541 2348 malo
1596 2281 1956 2349 constituta.
2047 2305 2168 2369 ego
2205 2305 2356 2349 vero
2385 2311 2436 2351 ιε

291 2388 388 2455 te,
437 2372 705 2453 Crasse,
759 2397 905 2443 cum
937 2376 1106 2442 vitae
1140 2376 1296 2443 flore
1331 2387 1469 2443 tum
1502 2376 1722 2442 mortis
1760 2378 2228 2463 opportunitate
2263 2377 2357 2441 di-

285 2468 444 2535 -vino
506 2468 770 2535 consilio
821 2480 890 2536 et
947 2481 1242 2536 ornatum
1294 2479 1359 2536 et
1411 2469 1795 2535 exstinctum
1854 2492 2000 2536 esse
2060 2468 2355 2545 arbitron

286 2586 442 2629 nam
477 2561 594 2631 tibi
629 2574 740 2629 aut
769 2584 887 2651 pro
939 2562 1170 2629 virtute
1223 2563 1418 2628 animi
1470 2562 1948 2645 constantiaque
1994 2573 2104 2626 tua
2155 2560 2355 2625 civilis

291 2656 445 2723 ferri
479 2658 811 2725 subeunda
859 2656 984 2724 fuit
1036 2656 1376 2723 crudelitas
1429 2666 1566 2734 aut,
1621 2653 1677 2721 si
1711 2676 1838 2738 qua
1878 2664 1943 2721 te
1986 2655 2243 2721 fortuna
2278 2655 2357 2719 ab

289 2752 620 2819 atrocitate
654 2750 876 2819 mortis
914 2750 1330 2829 vindicasset,
1377 2750 1603 2816 eadem
1638 2770 1781 2814 esse
1816 2757 1880 2815 te
1914 2748 2211 2813 funerum
2243 2771 2359 2834 pa-

289 2846 451 2913 triae
503 2856 926 2933 spectatorem
980 2845 1327 2956 co'e'gisset3
1381 2865 1591 2928 neque
1634 2842 1843 2909 solum
1878 2841 1991 2908 tibi
2034 2842 2357 2929 improbo-

291 2962 438 3005 rum
472 2940 852 3021 dominatus,
889 2941 1006 3007 sed
1041 2940 1234 3007 etiam
1266 2949 1527 3026 propter
1562 2938 1909 3003 admixtam
1944 2937 2179 3003 civium
2214 2958 2357 3003 cae-

287 3034 444 3101 dem
494 3034 806 3101 bonorum
866 3034 1134 3101 victoria
1185 3032 1461 3118 maerori
1520 3032 1767 3099 fuisset.
1870 3030 2029 3096 mihi
2080 3030 2355 3115 quidem,
2392 3028 2429 3081 4

291 3126 536 3211 Quinte
569 3130 795 3207 frater,
851 3138 917 3195 et
951 3151 1173 3195 eorum
1225 3150 1447 3207 casus,
1501 3128 1581 3193 de
1616 3125 1845 3213 quibus
1892 3136 2039 3191 ante
2081 3122 2241 3204 dixi,
2296 3100 2435 3191 et13

283 3247 399 3301 ea,
444 3246 609 3308 quae
643 3237 898 3291 nosmet
927 3223 1053 3311 ipsi
1087 3226 1172 3290 ob
1216 3246 1499 3289 amorem
1532 3222 1599 3288 in
1632 3244 1769 3288 rem
1802 3219 2177 3310 publicam
2156 3241 2361 3286 mere-

292 3316 517 3383 dibilia
550 3328 616 3384 et
649 3316 995 3405 singularia
1046 3317 1419 3405 pertulimus
1468 3314 1573 3403 [ac
1626 3312 1971 3403 sensimus]
1982 3361 2001 3392 ‚
2056 3313 2361 3401 cogitanti

297 3411 614 3476 sententia
664 3434 858 3499 saepe
911 3423 1022 3477 tua
1082 3434 1236 3477 vera
1287 3433 1363 3477 ac
1418 3412 1673 3497 sapiens
1735 3409 1938 3477 videri
2000 3408 2189 3485 solet,
2252 3406 2361 3491 qui

296 3516 560 3592 propter
592 3515 714 3585 tot,
769 3516 980 3574 tantos
1025 3516 1158 3571 tam
1208 3504 1699 3615 praecipitisque
1753 3526 1940 3571 casus
1980 3500 2361 3569 clarissimo-

287 3621 440 3664 -rum
471 3598 804 3665 hominum
857 3611 1046 3685 atque
1097 3599 1481 3686 optimorum
1531 3598 1811 3666 virorum
1843 3618 1947 3667 me
1993 3616 2243 3683 semper
2276 3596 2359 3660 ab

291 3692 473 3759 omni
507 3694 912 3761 contentione
949 3715 1026 3759 ac
1061 3692 1463 3759 dimicatione
1496 3692 1829 3760 revocasti.
1912 3690 2027 3757 sed
2061 3689 2360 3775 quoniam
2387 3715 2439 3756 ιι

295 3784 511 3853 haec
491 3810 622 3853 iam
653 3810 864 3873 neque
899 3786 968 3853 in
997 3787 1248 3875 integro
1299 3786 1485 3853 nobis
1531 3808 1675 3853 esse
1716 3796 1989 3873 possunt
2022 3795 2088 3850 et
2128 3782 2361 3850 summi

215 3944 219 3947 .
293 3876 550 3945 labores
587 3882 792 3949 nostri
825 3904 1062 3968 magna
1095 3880 1489 3969 compensati
1530 3879 1735 3967 gloria
1766 3877 2162 3967 mitigantur,
2215 3898 2360 3964 per-

299 3994 528 4058 gamus
569 3976 653 4041 ad
689 3998 766 4042 ea
803 3975 1068 4054 solacia,
1122 3997 1284 4059 quae
1335 3998 1467 4046 non
1515 3974 1707 4040 modo
1762 3972 1998 4039 sedatis
2050 3971 2356 4040 molestiis

287 4068 602 4151 iucunda,
649 4073 767 4139 sed
802 4072 994 4139 etiam
1028 4070 1449 4159 haerentibus
1474 4068 1775 4137 salutaria
1808 4068 1993 4136 nobis
2030 4090 2173 4135 esse
2208 4091 2359 4155 pos·

403 4172 628 4219 ciceronis
645 4174 730 4219 vol.
751 4172 807 4218 11.
1948 4169 2013 4219 10
