2784 4575
818 266 927 320 DE
964 264 1327 321 ORATORE
1364 264 1472 322 ΠΙ.
1515 266 1815 321 111—120.
2221 252 2348 321 169

289 401 814 474 externarumque
856 412 1097 467 rerum,
1154 399 1291 468 aut,
1346 410 1521 466 cum,
1577 411 1737 474 quae
1791 388 1996 455 forma
2049 398 2113 455 et
2165 389 2348 473 quasi

288 484 593 549 naturalis
626 495 779 550 nota
814 483 1115 567 cuiusque
1153 482 1263 562 sit,
1318 481 1721 561 describitur,
1774 493 1848 547 ut
1921 483 1975 547 si
2012 494 2348 567 quaeratur
2438 540 2446 546 ,

290 578 468 643 avari
522 578 798 666 species,
854 577 1167 656 seditiosi,
1231 576 1514 664 gloriosi.
1621 576 2082 651 consecutionis
2139 589 2348 643 autem
2383 606 2466 647 116

296 672 424 739 duo
458 671 666 758 prima
699 672 1141 757 quaestionum
1176 694 1416 758 genera
1463 682 1813 759 ponuntur3
1867 694 2018 735 nam
2054 681 2164 736 aut
2199 671 2349 737 sim-

294 765 446 853 plex
499 775 599 831 est
650 764 1055 853 disceptat-io,
1108 776 1182 831 ut
1242 765 1297 831 si
1348 766 1722 845 disseratur,
1777 765 2211 852 expetendane
2268 766 2350 833 sit

290 859 521 947 gloria,
578 870 689 925 aut
729 883 810 925 ex
855 860 1325 947 comparatione
1377 859 1518 927 laus
1564 883 1646 926 an
1699 860 1955 925 divitiae
1997 858 2202 947 magis
2239 883 2350 927 ex-

286 955 601 1041 petendae
666 953 793 1020 sint
800 980 820 1033 3
888 954 1267 1040 simplicium
1332 965 1545 1021 autem
1608 964 1756 1019 sunt
1817 963 1944 1019 tres
2005 953 2208 1022 modi:
2268 955 2348 1021 de

292 1046 663 1134 expetendis
726 1047 1128 1134 fugiendisve
1188 1048 1412 1127 rebus,
1471 1059 1544 1113 ut
1605 1048 2024 1135 expetendine
2074 1046 2348 1114 honores

292 1140 447 1219 sint,
500 1164 656 1221 num
689 1141 995 1229 fugienda
1035 1153 1411 1228 paupertas3
1466 1141 1546 1206 de
1581 1162 1784 1226 aequo
1823 1152 1934 1205 aut
1981 1140 2226 1226 iniquo,
2276 1152 2351 1205 ut

292 1256 646 1320 aequumne
700 1236 783 1301 sit
832 1236 1056 1302 ulcisci
1112 1236 1374 1303 iniurias
1429 1238 1621 1303 etiam
1679 1238 2204 1323 propinquorum3
2267 1236 2348 1303 de

288 1328 559 1397 honesto
592 1341 705 1395 aut
739 1331 935 1417 turpi,
988 1342 1062 1395 ut
1093 1330 1244 1411 hoc,
1300 1330 1464 1397 sitne
1499 1331 1838 1401 honestum
1881 1332 2120 1419 gloriae
2155 1354 2351 1399 causa

287 1433 560 1489 mortem
584 1423 780 1489 obire.
842 1424 1329 1511 comparationis
1358 1436 1570 1491 autem
1597 1425 1723 1493 duo
1754 1437 1902 1491 sunt
1925 1426 2124 1493 modi:
2161 1448 2345 1505 unus,
2383 1450 2462 1491 ιιτ

290 1538 437 1582 cum
469 1518 724 1585 idemne
760 1519 845 1585 sit
863 1518 962 1585 ‘an
998 1519 1237 1603 aliquid
1268 1520 1520 1586 intersit
1553 1520 1872 1604 quaeritur
1879 1545 1900 1600 3
1957 1532 2028 1587 ut
2067 1532 2348 1589 metuere

290 1621 355 1677 et
388 1611 621 1691 vereri,
677 1621 751 1678 ut
780 1634 897 1677 rex
932 1622 999 1677 et
1031 1624 1366 1697 tyrannus,
1420 1623 1493 1678 ut
1547 1614 1910 1679 adsentator
1961 1624 2027 1679 et
2077 1614 2346 1693 amicus3

290 1705 475 1784 alter,
532 1727 676 1771 cum
732 1706 887 1791 quid
936 1717 1218 1793 praestet
1270 1706 1444 1772 aliud
1495 1706 1605 1773 alii
1648 1707 1994 1791 quaeritur,
2047 1716 2122 1772 ut
2169 1706 2347 1784 illud,

290 1800 593 1887 optimine
638 1800 942 1885 cuiusque
988 1800 1306 1887 sapientes
1342 1823 1428 1865 an
1468 1800 1759 1888 populari
1807 1798 1996 1868 laude
2041 1801 2361 1867 ducantur.

290 1904 481 1977 atque
522 1893 646 1960 hae
693 1894 951 1979 quidem
1002 1894 1521 1981 disceptationes,
1577 1916 1740 1979 quae
1793 1895 1874 1959 ad
1927 1893 2350 1981 cognitionem

286 1988 677 2068 referuntur,
732 1988 825 2055 sic
868 1989 1003 2055 fere
1049 2012 1088 2054 a
1131 1987 1514 2055 doctissimis
1567 1987 1926 2057 hominibus
1983 1989 2349 2054 describun-

286 2092 417 2162 tur3
482 2105 645 2168 quae
694 2106 849 2151 vero
900 2084 1259 2149 referuntur
1312 2083 1394 2149 ad
1447 2083 1792 2169 agendum,
1857 2093 1967 2147 aut
2026 2083 2094 2147 in
2155 2081 2347 2149 officii
2381 2086 2454 2139 30

288 2174 746 2262 disceptatione
780 2188 1145 2255 versantur,
1200 2198 1325 2262 quo
1359 2176 1427 2241 in
1464 2198 1724 2264 genere,
1779 2176 1934 2261 quid
1973 2187 2216 2243 rectum
2251 2161 2408 2241 fas-²
2385 2158 2468 2198 ²¹⁸

290 2266 709 2354 ciendamque
746 2270 829 2336 sit
862 2270 1209 2356 quaeritur,
1264 2270 1365 2337 cui
1399 2271 1540 2337 loco
1577 2271 1782 2341 omnis
1819 2270 2121 2337 virtutum
2157 2282 2222 2337 et
2255 2270 2350 2335 vi-

290 2361 521 2426 tiorum
564 2372 665 2428 est
708 2364 868 2428 silva
920 2365 1231 2444 subiecta,
1286 2375 1398 2430 aut
1439 2364 1507 2429 in
1553 2365 1904 2431 animorum
1957 2366 2168 2450 aliqua
2206 2387 2351 2450 per-

289 2454 569 2521 motione
606 2466 715 2520 aut
748 2457 1071 2543 gignenda
1106 2467 1217 2522 aut
1252 2457 1536 2522 sedanda
1586 2457 1944 2523 tollendave
1980 2467 2346 2522 tractantur.

291 2549 439 2614 huic
472 2550 692 2637 generi
736 2549 1057 2616 subiectae
1111 2563 1263 2616 sunt
1306 2550 1802 2630 cohortationes,
1857 2552 2346 2638 obiurgationes,

290 2643 785 2723 consolationes,
837 2642 1273 2710 miserationes
1328 2642 1660 2728 omnisque
1715 2601 1802 2708 ad
1850 2668 2104 2711 omnem
2157 2644 2349 2710 animi

288 2747 534 2802 motum
570 2747 635 2802 et
664 2736 967 2824 impulsio
1002 2747 1095 2815 et,
1152 2737 1206 2802 si
1240 2737 1331 2802 ita
1364 2759 1470 2802 res
1505 2737 1696 2815 feret,
1731 2737 2062 2824 mitigatio.
2151 2736 2350 2825 expli-
2385 2764 2468 2805 ua

290 2831 449 2897 catis
493 2831 688 2918 igitur
739 2832 841 2897 his
894 2831 1233 2920 generibus
1280 2852 1357 2896 ac
1397 2831 1604 2898 modis
1653 2830 2180 2918 disceptationum
2215 2854 2350 2898 om-

288 2924 468 2992 nium
501 2925 659 2991 nihil
694 2949 850 2992 sane
886 2927 969 2991 ad
1000 2948 1139 2991 rem
1170 2925 1474 3012 pertinet,
1514 2925 1571 2990 si
1605 2947 1729 3010 qua
1763 2924 1830 2991 in
1862 2947 1934 2990 re
1971 2925 2351 3013 discrepavit

290 3022 373 3086 ab
406 3021 677 3086 Antonii
710 3019 1021 3087 divisione
1055 3031 1275 3086 nostra
1305 3019 1590 3108 partitio:
1627 3020 1850 3086 eadem
1885 3030 2036 3085 sunt
2067 3021 2352 3086 membra

288 3115 356 3180 in
390 3115 719 3201 utriusque
773 3115 1227 3202 disputatione,
1284 3114 1402 3179 sed
1449 3113 1640 3200 paulo
1694 3135 1881 3179 secus
1923 3137 1963 3180 a
2004 3136 2108 3178 me
2161 3123 2350 3196 atque

290 3211 373 3274 ab
414 3209 527 3275 illo
577 3208 811 3295 partita
854 3231 929 3274 ac
982 3209 1234 3275 tributa.
1338 3227 1507 3272 nunc
1561 3207 1644 3272 ad
1691 3207 1935 3291 reliqua
1982 3207 2354 3293 progrediar

289 3323 518 3384 meque
554 3302 638 3366 ad
671 3325 885 3368 meum
936 3325 1169 3369 munus
1212 3323 1612 3390 pensumque
1661 3301 1997 3367 revocabo·
2071 3323 2236 3370 ,nam
2269 3321 2351 3364 ex

290 3393 417 3458 illis
452 3394 637 3473 locis,
676 3416 837 3480 quos
872 3397 1170 3484 exposuit
1201 3396 1554 3474 Antonius,
1609 3395 1822 3463 omnia
1857 3405 2006 3461 sunt
2041 3395 2124 3460 ad
2157 3416 2352 3478 quae-

292 3509 416 3572 que
452 3509 691 3575 genera
742 3491 1187 3572 quaestionum
1232 3499 1608 3576 argumenta
1655 3490 1968 3555 sumenda
1975 3515 1995 3568 3
2049 3488 2167 3554 sed
2211 3487 2348 3552 aliis

292 3581 633 3670 generibus
692 3582 821 3647 alii
846 3583 971 3648 loci
1022 3583 1230 3670 magis
1276 3593 1464 3648 erunt
1513 3583 1646 3670 apti
1655 3607 1674 3661 3
1730 3583 1810 3648 de
1861 3605 1990 3669 quo
2039 3605 2168 3648 non
2219 3592 2351 3646 tam

291 3675 441 3762 quia
472 3676 735 3763 longum
769 3687 869 3741 est
902 3698 1093 3761 quam
1126 3676 1277 3762 quia
1302 3676 1709 3764 perspicuum
1746 3687 1864 3756 est,
1902 3675 2217 3743 dicinihil
2252 3685 2350 3740 est

290 3792 574 3838 necesse.
681 3770 1119 3837 ornatissimae
1173 3783 1324 3836 sunt
1374 3771 1570 3858 igitur
1621 3771 1936 3839 orationes
1990 3794 2133 3850 eae,
2187 3791 2348 3854 quae
2385 3795 2467 3836 120

292 3864 599 3932 latissime
650 3877 963 3953 vagantur
1006 3876 1071 3932 et
1118 3863 1187 3952 [a
1228 3866 1480 3952 privata
1521 3863 1612 3953 et]
1662 3889 1700 3930 a
1745 3864 2050 3950 singulari
2101 3875 2350 3931 contro-

292 3959 503 4024 versia
538 3969 607 4024 se
644 3959 727 4024 ad
758 3959 1043 4026 universi
1086 3959 1337 4046 generis
1374 3959 1506 4024 vim
1541 3957 1981 4046 explicandam
2015 3958 2350 4026 conferunt
2417 4000 2422 4003 >

294 4051 389 4139 [et
424 4051 857 4141 convertunt]2,
892 4065 964 4120 ut
999 4055 1084 4133 ei,
1138 4054 1246 4138 qui
1298 4051 1593 4131 audiunt,
1645 4062 1874 4118 natura
1909 4063 1970 4122 et
2007 4075 2238 4141 genere
2283 4066 2348 4118 et
