2784 4575
883 240 1202 300 onA‘ron
1236 241 1544 298 114-120.
2116 233 2247 300 303
2364 220 2377 224 ”

183 371 277 440 rei
311 369 656 437 videndum
691 379 790 435 est
823 389 986 453 quae
1023 365 1152 432 sint
1187 365 1324 432 eius
1359 366 1613 454 generis
1651 367 1807 434 sive''
1829 368 2074 437 formae
2110 371 2248 441 sive

183 477 429 554 partes,
461 476 535 529 ut
567 463 636 529 in
669 485 778 528 eas
815 461 1124 526 tribuatur
1159 459 1366 526 omnis
1402 460 1623 528 oratio.
1710 462 1831 527 erit
1861 462 2058 550 igitur
2088 463 2247 532 haec
2284 499 2360 540 m

184 559 456 625 facultas
491 558 559 622 in
594 579 700 635 eo,
756 577 947 641 quem
982 554 1277 621 volumus
1317 552 1493 644 [esse
1528 555 1989 646 eloquentem],
2033 569 2105 626 ut
2139 559 2253 626 de-

181 653 364 721 finire
397 676 534 719 rem
566 650 774 738 possit
820 671 1028 734 neque
1072 648 1143 714 id
1173 649 1371 715 faciat
1402 659 1535 716 tam
1584 673 1805 737 presse
1841 661 1907 717 et
1958 663 2248 739 anguste,

185 770 379 832 quam
410 747 478 812 in
511 746 636 812 illis
674 743 1117 810 eruditissimis
1156 742 1689 831 disputationibus
1724 744 1864 810 fieri
1898 744 2089 825 solet,
2135 747 2252 812 sed
2363 805 2369 810 .

185 864 331 907 cum
383 839 783 928 explanatius
848 850 986 904 tum
1048 837 1241 904 etiam
1299 838 1560 905 uberius
1578 891 1597 920 ,
1654 849 1719 906 et
1773 839 1857 904 ad
1915 859 2251 908 commune

182 933 490 1001 iudicium
545 934 1047 1022 popularemque
1107 932 1609 1020 intellegentiam
1676 932 2249 1015 adcommodatius3

184 1030 482 1115 idemque
518 1029 739 1108 etiam,
794 1050 941 1093 cum
973 1052 1078 1094 res
1112 1028 1488 1116 postulabit,
1543 1050 1747 1118 genus
1782 1029 2151 1095 universum
2182 1031 2251 1096 in

187 1124 434 1212 species
471 1133 707 1202 certas,
759 1135 833 1190 ut
865 1123 1043 1188 nulla
1074 1145 1282 1207 neque
1325 1123 1859 1211 praetermittatur
1899 1137 2107 1208 neque
2149 1147 2254 1190 re-

183 1218 454 1296 dundet,
517 1217 828 1304 partietur
879 1238 955 1282 ac
1009 1216 1267 1283 dividet.
1375 1219 1629 1302 quando
1680 1229 1892 1283 autem
1953 1228 2064 1283 aut
2124 1241 2252 1304 quo

183 1312 377 1379 modo
410 1313 481 1378 id
513 1311 736 1391 faciat,
779 1311 938 1378 nihil
974 1311 1057 1378 ad
1090 1311 1214 1378 boc
1249 1322 1531 1400 tempus,
1578 1312 1905 1396 quoniam,
1950 1322 2025 1378 ut
2058 1337 2253 1402 supra

185 1407 348 1485 dixi,
401 1406 674 1471 iudicem
725 1428 870 1474 esse
923 1428 1056 1484 me,
1109 1428 1239 1471 non
1292 1406 1618 1472 doctorem
1670 1406 1837 1472 volo·
1924 1427 2044 1472 nec
2095 1430 2248 1474 vero
2288 1435 2366 1475 118

185 1500 532 1566 dialecticis
568 1501 759 1566 modo
806 1501 889 1566 sit
931 1501 1308 1578 instructus,
1364 1501 1481 1565 sed
1531 1499 1765 1565 habeat
1807 1501 2012 1566 omnis
2046 1501 2253 1588 philo-

187 1595 452 1682 sophiae
486 1607 674 1662 notos
711 1617 788 1661 ac
822 1605 1123 1662 tractatos
1157 1595 1334 1661 locos
1344 1621 1365 1673 3
1411 1595 1569 1660 nihil
1605 1595 1773 1659 enim
1809 1594 1890 1660 de
1922 1594 2249 1680 religione,

184 1690 346 1755 nihil
383 1690 463 1755 de
497 1700 729 1768 morte,
775 1691 932 1754 nihil
969 1691 1048 1756 de
1081 1689 1346 1776 pietate,
1381 1689 1541 1754 nihil
1577 1689 1657 1753 de
1694 1689 1951 1754 caritate
1988 1688 2251 1774 patriae,

185 1783 346 1850 nihil
401 1785 482 1850 de
533 1784 720 1851 bonis
773 1784 964 1850 rebus
1013 1795 1123 1849 aut
1163 1783 1379 1862 malis,
1434 1783 1593 1847 nihil
1638 1783 1717 1848 de
1762 1783 2096 1848 virtutibus
2143 1794 2256 1848 aut

187 1878 390 1958 vitiis,
427 1878 584 1943 nihil
619 1879 699 1944 de
737 1878 970 1956 officio,
1008 1875 1165 1944 nihil
1200 1877 1280 1942 de
1317 1877 1560 1954 dolore,
1594 1876 1754 1943 nihil
1788 1879 1867 1942 de
1904 1877 2249 1964 voluptate,

185 1972 346 2054 nihil
382 1973 462 2037 de
494 1971 1072 2059 perturbationibus
1120 1971 1314 2036 animi
1349 1983 1415 2036 et
1450 1970 1795 2047 erroribus,
1852 1993 2013 2054 quae
2060 1994 2253 2058 saepe

187 2067 427 2132 cadunt
466 2067 533 2131 in
578 2065 836 2145 causas,
892 2065 1011 2132 sed
1062 2065 1332 2131 ieiunius
1378 2075 1679 2152 aguntur,
1733 2064 1918 2143 nihil,
1971 2065 2251 2150 inquam,

189 2159 328 2226 sine
363 2183 442 2226 ea
478 2160 768 2239 scientia,
807 2182 998 2245 quam
1036 2160 1186 2239 dixi,
1224 2160 1523 2247 graviter,
1561 2159 1797 2246 ample,
1836 2159 2091 2246 copiose
2128 2159 2253 2224 dici
2362 2165 2365 2168 ’

187 2264 259 2319 et
307 2253 610 2339 explicari
659 2265 892 2341 potest.
981 2255 1062 2321 de
1115 2255 1392 2321 materia
1431 2254 1656 2339 loquor
1708 2253 2009 2321 orationis
2062 2253 2254 2321 etiam
2286 2249 2388 2365 ᾖ

189 2367 389 2425 nunc,
443 2368 571 2413 non
609 2348 688 2412 de
730 2348 871 2434 ipso
916 2371 1152 2435 genere
1197 2349 1448 2413 dicendi
1457 2374 1478 2427 3
1531 2349 1678 2414 volo
1724 2349 1894 2413 enim
1927 2349 2103 2436 prius
2140 2348 2254 2414 ha—

189 2442 342 2506 beat
375 2451 588 2505 orator.
617 2462 785 2518 rem,
839 2442 919 2505 de
955 2464 1083 2523 qua
1116 2440 1313 2518 dicat,
1370 2440 1631 2526 dignam
1668 2443 1925 2507 auribus
1972 2441 2255 2519 eruditis,

191 2556 386 2618 quam
422 2531 660 2618 cogitet
693 2532 924 2617 quibus
962 2533 1174 2600 verbis
1212 2532 1489 2617 quidque
1526 2531 1695 2597 dicat
1728 2546 1838 2599 aut
1871 2555 1995 2618 quo
2030 2532 2272 2611 mod03·

190 2649 383 2712 quem
418 2626 635 2703 etiam,
675 2647 800 2710 quo
836 2625 1134 2711 grandior
1171 2624 1255 2690 sit
1289 2635 1356 2690 et
1387 2623 1665 2708 quodam
1697 2627 1887 2693 modo
1924 2625 2252 2704 excelsior,

191 2731 266 2785 ut
315 2721 396 2786 de
437 2718 686 2785 Pericle
743 2718 875 2783 dixi
930 2741 1152 2807 supra,
1204 2741 1288 2784 ne
1340 2716 1749 2807 physicorum
1800 2718 2057 2803 quidem
2110 2742 2254 2787 esse

190 2815 486 2902 ignarum
519 2813 665 2880 volo
702 2812 959 2880 omnino
969 2838 990 2892 3
1024 2812 1341 2901 profecto,
1379 2835 1526 2878 cum
1561 2834 1631 2878 se
1667 2835 1708 2895 a
1742 2813 2120 2880 caelestibus
2154 2836 2257 2879 re-

191 2910 315 2975 bus
358 2908 594 2974 referet
635 2907 719 2973 ad
760 2906 1101 2985 humanas,
1156 2907 1470 2973 excelsius
1522 2906 2153 2994 magnificentiusque
2190 2918 2256 2975 et

193 3002 364 3069 dicet
386 3026 394 3035 ·
415 3014 482 3068 et
541 3002 836 3082 sentiet3‘2
865 3022 1136 3086 cumque
1197 3000 1309 3066 illa
1370 3001 1587 3067 divina
1647 3002 2041 3089 cognoverit,
2100 3003 2250 3068 nolo
2288 3030 2369 3069 120

193 3097 448 3185 ignoret
489 3119 572 3161 ne
617 3096 778 3162 haec
823 3094 1078 3182 quidem
1114 3094 1421 3161 humana:
1475 3094 1576 3161 ius
1613 3094 1795 3161 civile
1831 3105 2072 3175 teneat,
2126 3115 2252 3180 quo

196 3203 390 3277 egent
450 3212 682 3257 causae
733 3192 1022 3258 forenses
1085 3188 1346 3269 cotidie3
1417 3189 1572 3273 quid
1631 3199 1730 3255 est
1782 3189 1950 3254 enim
2009 3190 2253 3277 turpius

196 3305 390 3366 quam
421 3283 848 3370 legitimarum
883 3294 949 3350 et
982 3283 1262 3351 civilium
1303 3283 1875 3351 controversiarum
1908 3283 2258 3371 patrocinia

197 3375 544 3462 suscipere,
580 3398 728 3441 cum
763 3377 850 3443 sis
885 3378 1104 3463 legum
1135 3389 1202 3443 et
1236 3377 1438 3443 civilis
1464 3377 1617 3443 iuris
1652 3377 1953 3464 ignarus?
1987 3398 2261 3464 cognos-

197 3480 306 3535 cat
338 3470 532 3535 etiam
562 3493 777 3536 rerum
811 3482 1138 3557 gestarum
1173 3482 1238 3537 et
1270 3472 1615 3537 memoriae
1664 3472 1895 3537 veteris
1950 3471 2256 3549 ordinem,

199 3560 476 3629 maxime
513 3562 753 3631 scilicet
786 3575 1042 3632 nostrae
1071 3565 1365 3643 civitatis,
1402 3565 1518 3631 sed
1552 3565 1743 3631 etiam
1776 3564 2260 3653 imperiosorum

199 3658 580 3768 populorum
616 3668 682 3724 et
713 3682 939 3747 regum
964 3660 1354 3740 inlustrium3
1393 3682 1583 3745 quem
1615 3659 1899 3726 laborem
1920 3660 2105 3727 nobis
2132 3662 2259 3725 At-

200 3752 310 3818 tici
343 3752 545 3820 nostri
576 3753 813 3819 levavit
846 3755 1055 3834 labor,
1109 3756 1217 3841 qui
1253 3754 1521 3821 servatis
1564 3755 1924 3840 notatisque
1959 3754 2262 3842 tempori-

200 3848 323 3913 bus
334 3894 355 3925 ,
397 3847 556 3913 nihil
590 3869 738 3914 cum
771 3848 1035 3915 inlustre
1067 3849 1621 3938 praetermitteret,
1675 3872 1985 3915 annorum
2020 3847 2261 3935 septin-

202 3950 540 4028 gentorum
573 3942 944 4009 memoriam
977 3966 1107 4010 uno
1140 3943 1303 4010 libro
1339 3942 1710 4030 conligavit:
1762 3942 2009 4009 nescire
2044 3953 2255 4008 autem

197 4032 359 4119 quid
403 4046 548 4103 ante
601 4058 792 4122 quam
833 4046 1022 4104 natus
1079 4036 1166 4104 sis
1204 4036 1528 4116 acciderit,
1581 4036 1649 4102 id
1682 4049 1785 4104 est
1827 4059 2077 4125 semper
2110 4058 2259 4104 esse
