<?xml version="1.0" encoding="UTF-8"?>
<!DOCTYPE html PUBLIC "-//W3C//DTD XHTML 1.0 Transitional//EN"
    "http://www.w3.org/TR/xhtml1/DTD/xhtml1-transitional.dtd">
<html xmlns="http://www.w3.org/1999/xhtml" xml:lang="en" lang="en">
 <head>
  <title>
</title>
<meta http-equiv="Content-Type" content="text/html;charset=utf-8" />
  <meta name='ocr-system' content='tesseract 3.04.00' />
  <meta name='ocr-capabilities' content='ocr_page ocr_carea ocr_par ocr_line ocrx_word'/>
</head>
<body>
  <div class='ocr_page' id='page_1' title='image "./mtulliiciceroni11unkngoog_0210.png"; bbox 0 0 2784 4575; ppageno 0'>
   <div class='ocr_carea' id='block_1_1' title="bbox 547 285 2025 353">
    <p class='ocr_par' dir='ltr' id='par_1_1' title="bbox 547 285 2025 353">
     <span class='ocr_line' id='line_1_1' title="bbox 547 285 2025 353; baseline 0 -2"><span class='ocrx_word' id='word_1_1' title='bbox 547 285 673 353; x_wconf 85' lang='lat'><strong>158</strong></span> <span class='ocrx_word' id='word_1_2' title='bbox 1194 295 1273 349; x_wconf 83' lang='lat' dir='ltr'><strong>M.</strong></span> <span class='ocrx_word' id='word_1_3' title='bbox 1312 294 1587 353; x_wconf 71' lang='lat' dir='ltr'><strong>&#39;runnu</strong></span> <span class='ocrx_word' id='word_1_4' title='bbox 1624 292 2025 352; x_wconf 61' lang='lat' dir='ltr'><strong>monachus</strong></span> 
     </span>
    </p>
   </div>
   <div class='ocr_carea' id='block_1_2' title="bbox 451 416 2620 4184">
    <p class='ocr_par' dir='ltr' id='par_1_2' title="bbox 451 416 2620 4184">
     <span class='ocr_line' id='line_1_2' title="bbox 541 416 2620 509; baseline 0 -22"><span class='ocrx_word' id='word_1_5' title='bbox 541 419 934 509; x_wconf 85' lang='lat' dir='ltr'><strong>adipiscendi</strong></span> <span class='ocrx_word' id='word_1_6' title='bbox 967 418 1283 486; x_wconf 86' lang='lat' dir='ltr'><strong>commodi</strong></span> <span class='ocrx_word' id='word_1_7' title='bbox 1311 438 1507 483; x_wconf 86' lang='lat' dir='ltr'><strong>causa</strong></span> <span class='ocrx_word' id='word_1_8' title='bbox 1534 426 1642 483; x_wconf 87' lang='lat' dir='ltr'><strong>aut</strong></span> <span class='ocrx_word' id='word_1_9' title='bbox 1668 417 1923 483; x_wconf 89' lang='lat' dir='ltr'><strong>maioris</strong></span> <span class='ocrx_word' id='word_1_10' title='bbox 1960 418 2201 483; x_wconf 85' lang='lat' dir='ltr'><strong>vitandi</strong></span> <span class='ocrx_word' id='word_1_11' title='bbox 2230 416 2620 487; x_wconf 79' lang='lat' dir='ltr'>incommodi</span> 
     </span>
     <span class='ocr_line' id='line_1_3' title="bbox 543 513 2617 603; baseline -0 -20"><span class='ocrx_word' id='word_1_12' title='bbox 543 516 882 603; x_wconf 86' lang='lat' dir='ltr'><strong>suscipitur</strong></span> <span class='ocrx_word' id='word_1_13' title='bbox 909 526 1020 580; x_wconf 86' lang='lat' dir='ltr'><strong>aut</strong></span> <span class='ocrx_word' id='word_1_14' title='bbox 1037 513 1295 598; x_wconf 81' lang='lat' dir='ltr'><strong>aliquod</strong></span> <span class='ocrx_word' id='word_1_15' title='bbox 1311 513 1714 578; x_wconf 88' lang='lat' dir='ltr'><strong>commodum</strong></span> <span class='ocrx_word' id='word_1_16' title='bbox 1732 513 1989 578; x_wconf 87' lang='lat' dir='ltr'><strong>maioris</strong></span> <span class='ocrx_word' id='word_1_17' title='bbox 2020 514 2417 600; x_wconf 82' lang='lat' dir='ltr'><strong>adipiscendi</strong></span> <span class='ocrx_word' id='word_1_18' title='bbox 2443 538 2617 582; x_wconf 87' lang='lat' dir='ltr'><strong>com-</strong></span> 
     </span>
     <span class='ocr_line' id='line_1_4' title="bbox 463 606 2611 695; baseline -0.001 -16"><span class='ocrx_word' id='word_1_19' title='bbox 463 636 513 679; x_wconf 72' lang='grc' dir='ltr'><strong>ιο</strong></span> <span class='ocrx_word' id='word_1_20' title='bbox 539 611 711 677; x_wconf 90' lang='lat' dir='ltr'><strong>modi</strong></span> <span class='ocrx_word' id='word_1_21' title='bbox 739 620 848 675; x_wconf 90' lang='lat' dir='ltr'><strong>aut</strong></span> <span class='ocrx_word' id='word_1_22' title='bbox 873 608 1126 675; x_wconf 87' lang='lat' dir='ltr'><strong>maioris</strong></span> <span class='ocrx_word' id='word_1_23' title='bbox 1157 606 1400 673; x_wconf 88' lang='lat' dir='ltr'><strong>vitandi</strong></span> <span class='ocrx_word' id='word_1_24' title='bbox 1428 606 1812 673; x_wconf 87' lang='lat' dir='ltr'><strong>incommodi</strong></span> <span class='ocrx_word' id='word_1_25' title='bbox 1851 608 2245 695; x_wconf 87' lang='lat' dir='ltr'><strong>praeteritur.</strong></span> <span class='ocrx_word' id='word_1_26' title='bbox 2301 609 2407 675; x_wconf 89' lang='lat' dir='ltr'><strong>hic</strong></span> <span class='ocrx_word' id='word_1_27' title='bbox 2430 610 2611 677; x_wconf 84' lang='lat' dir='ltr'><strong>locus</strong></span> 
     </span>
     <span class='ocr_line' id='line_1_5' title="bbox 541 701 2612 788; baseline 0 -17"><span class='ocrx_word' id='word_1_28' title='bbox 541 705 703 771; x_wconf 86' lang='lat' dir='ltr'><strong>sicut</strong></span> <span class='ocrx_word' id='word_1_29' title='bbox 737 704 992 788; x_wconf 84' lang='lat' dir='ltr'><strong>aliquod</strong></span> <span class='ocrx_word' id='word_1_30' title='bbox 1026 702 1512 768; x_wconf 83' lang='lat' dir='ltr'><strong>fundamentum</strong></span> <span class='ocrx_word' id='word_1_31' title='bbox 1550 712 1650 767; x_wconf 90' lang='lat' dir='ltr'><strong>est</strong></span> <span class='ocrx_word' id='word_1_32' title='bbox 1685 701 1873 766; x_wconf 89' lang='lat' dir='ltr'><strong>huius</strong></span> <span class='ocrx_word' id='word_1_33' title='bbox 1910 702 2375 769; x_wconf 79' lang='lat' dir='ltr'><strong>constitutionis</strong></span> <span class='ocrx_word' id='word_1_34' title='bbox 2389 752 2408 783; x_wconf 95' lang='lat'><strong>,</strong></span> <span class='ocrx_word' id='word_1_35' title='bbox 2461 728 2612 771; x_wconf 90' lang='lat' dir='ltr'><strong>nam</strong></span> 
     </span>
     <span class='ocr_line' id='line_1_6' title="bbox 536 796 2611 885; baseline 0 -21"><span class='ocrx_word' id='word_1_36' title='bbox 536 798 696 865; x_wconf 87' lang='lat' dir='ltr'><strong>nihil</strong></span> <span class='ocrx_word' id='word_1_37' title='bbox 729 798 970 863; x_wconf 85' lang='lat' dir='ltr'><strong>factum</strong></span> <span class='ocrx_word' id='word_1_38' title='bbox 1009 819 1154 863; x_wconf 89' lang='lat' dir='ltr'><strong>esse</strong></span> <span class='ocrx_word' id='word_1_39' title='bbox 1190 797 1485 881; x_wconf 79' lang='lat' dir='ltr'><strong>cuiquam</strong></span> <span class='ocrx_word' id='word_1_40' title='bbox 1516 798 1849 885; x_wconf 87' lang='lat' dir='ltr'><strong>probatur,</strong></span> <span class='ocrx_word' id='word_1_41' title='bbox 1904 796 2029 862; x_wconf 90' lang='lat' dir='ltr'><strong>nisi</strong></span> <span class='ocrx_word' id='word_1_42' title='bbox 2064 796 2332 881; x_wconf 89' lang='lat' dir='ltr'><strong>aliquid,</strong></span> <span class='ocrx_word' id='word_1_43' title='bbox 2378 820 2507 882; x_wconf 88' lang='lat' dir='ltr'><strong>qua</strong></span> <span class='ocrx_word' id='word_1_44' title='bbox 2539 822 2611 865; x_wconf 91' lang='lat' dir='ltr'><strong>re</strong></span> 
     </span>
     <span class='ocr_line' id='line_1_7' title="bbox 535 892 2610 979; baseline -0.001 -18"><span class='ocrx_word' id='word_1_45' title='bbox 535 895 775 961; x_wconf 86' lang='lat' dir='ltr'><strong>factum</strong></span> <span class='ocrx_word' id='word_1_46' title='bbox 802 895 902 973; x_wconf 90' lang='lat' dir='ltr'><strong>sit,</strong></span> <span class='ocrx_word' id='word_1_47' title='bbox 931 892 1302 960; x_wconf 80' lang='lat' dir='ltr'><strong>ostenditur.</strong></span> <span class='ocrx_word' id='word_1_48' title='bbox 1349 912 1505 979; x_wconf 87' lang='lat' dir='ltr'><strong>ergo</strong></span> <span class='ocrx_word' id='word_1_49' title='bbox 1534 900 1881 969; x_wconf 83' lang='lat' dir='ltr'><strong>accusator,</strong></span> <span class='ocrx_word' id='word_1_50' title='bbox 1912 912 2057 957; x_wconf 89' lang='lat' dir='ltr'><strong>cum</strong></span> <span class='ocrx_word' id='word_1_51' title='bbox 2090 892 2465 979; x_wconf 82' lang='lat' dir='ltr'><strong>impulsione</strong></span> <span class='ocrx_word' id='word_1_52' title='bbox 2495 894 2610 959; x_wconf 89' lang='lat' dir='ltr'><strong>ali-</strong></span> 
     </span>
     <span class='ocr_line' id='line_1_8' title="bbox 535 986 2609 1074; baseline -0.001 -18"><span class='ocrx_word' id='word_1_53' title='bbox 535 989 688 1074; x_wconf 88' lang='lat' dir='ltr'><strong>quid</strong></span> <span class='ocrx_word' id='word_1_54' title='bbox 707 990 946 1054; x_wconf 84' lang='lat' dir='ltr'><strong>factum</strong></span> <span class='ocrx_word' id='word_1_55' title='bbox 965 1007 1109 1055; x_wconf 87' lang='lat' dir='ltr'><strong>esse</strong></span> <span class='ocrx_word' id='word_1_56' title='bbox 1137 987 1322 1065; x_wconf 89' lang='lat' dir='ltr'><strong>dicet,</strong></span> <span class='ocrx_word' id='word_1_57' title='bbox 1350 986 1531 1051; x_wconf 89' lang='lat' dir='ltr'><strong>illum</strong></span> <span class='ocrx_word' id='word_1_58' title='bbox 1556 986 1863 1072; x_wconf 88' lang='lat' dir='ltr'><strong>impetum</strong></span> <span class='ocrx_word' id='word_1_59' title='bbox 1889 996 1955 1050; x_wconf 93' lang='lat' dir='ltr'><strong>et</strong></span> <span class='ocrx_word' id='word_1_60' title='bbox 1980 987 2300 1071; x_wconf 87' lang='lat' dir='ltr'><strong>quandam</strong></span> <span class='ocrx_word' id='word_1_61' title='bbox 2328 1006 2609 1053; x_wconf 89' lang='lat' dir='ltr'><strong>commo-</strong></span> 
     </span>
     <span class='ocr_line' id='line_1_9' title="bbox 531 1079 2609 1167; baseline 0 -20"><span class='ocrx_word' id='word_1_62' title='bbox 531 1084 772 1150; x_wconf 88' lang='lat' dir='ltr'><strong>tionem</strong></span> <span class='ocrx_word' id='word_1_63' title='bbox 791 1082 983 1148; x_wconf 88' lang='lat' dir='ltr'><strong>animi</strong></span> <span class='ocrx_word' id='word_1_64' title='bbox 1001 1081 1545 1166; x_wconf 79' lang='lat' dir='ltr'><strong>adfectionemque</strong></span> <span class='ocrx_word' id='word_1_65' title='bbox 1562 1080 1774 1145; x_wconf 85' lang='lat' dir='ltr'><strong>verbis</strong></span> <span class='ocrx_word' id='word_1_66' title='bbox 1793 1090 1858 1144; x_wconf 93' lang='lat' dir='ltr'><strong>et</strong></span> <span class='ocrx_word' id='word_1_67' title='bbox 1876 1079 2203 1146; x_wconf 85' lang='lat' dir='ltr'><strong>sententiis</strong></span> <span class='ocrx_word' id='word_1_68' title='bbox 2224 1080 2609 1167; x_wconf 87' lang='lat' dir='ltr'><strong>amplificare</strong></span> 
     </span>
     <span class='ocr_line' id='line_1_10' title="bbox 535 1174 2611 1260; baseline -0 -18"><span class='ocrx_word' id='word_1_69' title='bbox 535 1178 794 1244; x_wconf 89' lang='lat' dir='ltr'><strong>debebit</strong></span> <span class='ocrx_word' id='word_1_70' title='bbox 827 1188 893 1243; x_wconf 86' lang='lat' dir='ltr'><strong>et</strong></span> <span class='ocrx_word' id='word_1_71' title='bbox 925 1176 1279 1254; x_wconf 88' lang='lat' dir='ltr'><strong>ostendere,</strong></span> <span class='ocrx_word' id='word_1_72' title='bbox 1317 1185 1555 1260; x_wconf 87' lang='lat' dir='ltr'><strong>quanta</strong></span> <span class='ocrx_word' id='word_1_73' title='bbox 1588 1174 1687 1239; x_wconf 87' lang='lat' dir='ltr'><strong>vis</strong></span> <span class='ocrx_word' id='word_1_74' title='bbox 1724 1174 1809 1239; x_wconf 86' lang='lat' dir='ltr'><strong>sit</strong></span> <span class='ocrx_word' id='word_1_75' title='bbox 1844 1174 2103 1254; x_wconf 85' lang='lat' dir='ltr'><strong>amoris,</strong></span> <span class='ocrx_word' id='word_1_76' title='bbox 2141 1186 2379 1259; x_wconf 87' lang='lat' dir='ltr'><strong>quanta</strong></span> <span class='ocrx_word' id='word_1_77' title='bbox 2414 1176 2611 1241; x_wconf 86' lang='lat' dir='ltr'><strong>animi</strong></span> 
     </span>
     <span class='ocr_line' id='line_1_11' title="bbox 533 1269 2607 1361; baseline -0.001 -23"><span class='ocrx_word' id='word_1_78' title='bbox 533 1272 926 1361; x_wconf 78' lang='lat' dir='ltr'><strong>perturbatio</strong></span> <span class='ocrx_word' id='word_1_79' title='bbox 962 1296 1044 1338; x_wconf 83' lang='lat' dir='ltr'><strong>ex</strong></span> <span class='ocrx_word' id='word_1_80' title='bbox 1076 1270 1405 1337; x_wconf 83' lang='lat' dir='ltr'><strong>iracundia</strong></span> <span class='ocrx_word' id='word_1_81' title='bbox 1446 1270 1561 1335; x_wconf 90' lang='lat' dir='ltr'><strong>fiat</strong></span> <span class='ocrx_word' id='word_1_82' title='bbox 1596 1279 1706 1335; x_wconf 84' lang='lat' dir='ltr'><strong>aut</strong></span> <span class='ocrx_word' id='word_1_83' title='bbox 1740 1292 1820 1335; x_wconf 87' lang='lat' dir='ltr'><strong>ex</strong></span> <span class='ocrx_word' id='word_1_84' title='bbox 1864 1269 2078 1353; x_wconf 86' lang='lat' dir='ltr'><strong>aliqua</strong></span> <span class='ocrx_word' id='word_1_85' title='bbox 2130 1290 2325 1335; x_wconf 89' lang='lat' dir='ltr'><strong>causa</strong></span> <span class='ocrx_word' id='word_1_86' title='bbox 2364 1289 2607 1350; x_wconf 85' lang='lat' dir='ltr'><strong>earum,</strong></span> 
     </span>
     <span class='ocr_line' id='line_1_12' title="bbox 535 1364 2608 1453; baseline 0 -23"><span class='ocrx_word' id='word_1_87' title='bbox 535 1389 664 1451; x_wconf 90' lang='lat' dir='ltr'><strong>qua</strong></span> <span class='ocrx_word' id='word_1_88' title='bbox 713 1366 1055 1453; x_wconf 89' lang='lat' dir='ltr'><strong>impulsum</strong></span> <span class='ocrx_word' id='word_1_89' title='bbox 1109 1366 1383 1450; x_wconf 80' lang='lat' dir='ltr'><strong>aliquem</strong></span> <span class='ocrx_word' id='word_1_90' title='bbox 1434 1364 1504 1430; x_wconf 89' lang='lat' dir='ltr'><strong>id</strong></span> <span class='ocrx_word' id='word_1_91' title='bbox 1554 1364 1786 1429; x_wconf 87' lang='lat' dir='ltr'><strong>fecisse</strong></span> <span class='ocrx_word' id='word_1_92' title='bbox 1840 1364 2025 1430; x_wconf 84' lang='lat' dir='ltr'><strong>dicet.</strong></span> <span class='ocrx_word' id='word_1_93' title='bbox 2114 1364 2219 1429; x_wconf 88' lang='lat' dir='ltr'><strong>hic</strong></span> <span class='ocrx_word' id='word_1_94' title='bbox 2270 1375 2335 1430; x_wconf 90' lang='lat' dir='ltr'><strong>et</strong></span> <span class='ocrx_word' id='word_1_95' title='bbox 2388 1386 2608 1431; x_wconf 82' lang='lat' dir='ltr'><strong>exem-</strong></span> 
     </span>
     <span class='ocr_line' id='line_1_13' title="bbox 535 1458 2607 1548; baseline 0.001 -22"><span class='ocrx_word' id='word_1_96' title='bbox 535 1463 787 1548; x_wconf 88' lang='lat' dir='ltr'><strong>plorum</strong></span> <span class='ocrx_word' id='word_1_97' title='bbox 822 1460 1438 1537; x_wconf 80' lang='lat' dir='ltr'><strong>commemoratione,</strong></span> <span class='ocrx_word' id='word_1_98' title='bbox 1476 1458 1585 1543; x_wconf 89' lang='lat' dir='ltr'><strong>qui</strong></span> <span class='ocrx_word' id='word_1_99' title='bbox 1622 1458 1811 1524; x_wconf 87' lang='lat' dir='ltr'><strong>simili</strong></span> <span class='ocrx_word' id='word_1_100' title='bbox 1844 1458 2124 1545; x_wconf 88' lang='lat' dir='ltr'><strong>impulsu</strong></span> <span class='ocrx_word' id='word_1_101' title='bbox 2158 1458 2400 1543; x_wconf 89' lang='lat' dir='ltr'><strong>aliquid</strong></span> <span class='ocrx_word' id='word_1_102' title='bbox 2434 1481 2607 1527; x_wconf 86' lang='lat' dir='ltr'><strong>com-</strong></span> 
     </span>
     <span class='ocr_line' id='line_1_14' title="bbox 536 1552 2608 1639; baseline -0 -19"><span class='ocrx_word' id='word_1_103' title='bbox 536 1556 823 1621; x_wconf 84' lang='lat' dir='ltr'><strong>miserint</strong></span> <span class='ocrx_word' id='word_1_104' title='bbox 836 1604 854 1633; x_wconf 90' lang='lat'><strong>,</strong></span> <span class='ocrx_word' id='word_1_105' title='bbox 911 1566 976 1620; x_wconf 90' lang='lat' dir='ltr'><strong>et</strong></span> <span class='ocrx_word' id='word_1_106' title='bbox 1013 1553 1493 1619; x_wconf 85' lang='lat' dir='ltr'><strong>similitudinum</strong></span> <span class='ocrx_word' id='word_1_107' title='bbox 1538 1552 1893 1619; x_wconf 85' lang='lat' dir='ltr'><strong>conlatione</strong></span> <span class='ocrx_word' id='word_1_108' title='bbox 1930 1562 1996 1619; x_wconf 90' lang='lat' dir='ltr'><strong>et</strong></span> <span class='ocrx_word' id='word_1_109' title='bbox 2028 1553 2227 1639; x_wconf 86' lang='lat' dir='ltr'><strong>ipsius</strong></span> <span class='ocrx_word' id='word_1_110' title='bbox 2266 1553 2461 1619; x_wconf 87' lang='lat' dir='ltr'><strong>animi</strong></span> <span class='ocrx_word' id='word_1_111' title='bbox 2496 1555 2608 1619; x_wconf 88' lang='lat' dir='ltr'><strong>ad-</strong></span> 
     </span>
     <span class='ocr_line' id='line_1_15' title="bbox 537 1646 2605 1737; baseline -0 -22"><span class='ocrx_word' id='word_1_112' title='bbox 537 1649 830 1716; x_wconf 88' lang='lat' dir='ltr'><strong>fectionis</strong></span> <span class='ocrx_word' id='word_1_113' title='bbox 895 1646 1382 1737; x_wconf 81' lang='lat' dir='ltr'><strong>amplificatione</strong></span> <span class='ocrx_word' id='word_1_114' title='bbox 1447 1648 1795 1712; x_wconf 87' lang='lat' dir='ltr'><strong>curandum</strong></span> <span class='ocrx_word' id='word_1_115' title='bbox 1856 1658 1981 1725; x_wconf 89' lang='lat' dir='ltr'><strong>est,</strong></span> <span class='ocrx_word' id='word_1_116' title='bbox 2052 1657 2125 1711; x_wconf 90' lang='lat' dir='ltr'><strong>ut</strong></span> <span class='ocrx_word' id='word_1_117' title='bbox 2182 1670 2315 1712; x_wconf 89' lang='lat' dir='ltr'><strong>non</strong></span> <span class='ocrx_word' id='word_1_118' title='bbox 2374 1648 2605 1714; x_wconf 87' lang='lat' dir='ltr'><strong>mirum</strong></span> 
     </span>
     <span class='ocr_line' id='line_1_16' title="bbox 538 1740 2601 1828; baseline 0.001 -20"><span class='ocrx_word' id='word_1_119' title='bbox 538 1744 854 1823; x_wconf 85' lang='lat' dir='ltr'><strong>videatur,</strong></span> <span class='ocrx_word' id='word_1_120' title='bbox 893 1744 949 1809; x_wconf 88' lang='lat' dir='ltr'><strong>si</strong></span> <span class='ocrx_word' id='word_1_121' title='bbox 992 1744 1164 1828; x_wconf 88' lang='lat' dir='ltr'><strong>quod</strong></span> <span class='ocrx_word' id='word_1_122' title='bbox 1199 1742 1281 1808; x_wconf 84' lang='lat' dir='ltr'><strong>ad</strong></span> <span class='ocrx_word' id='word_1_123' title='bbox 1313 1741 1561 1807; x_wconf 85' lang='lat' dir='ltr'><strong>facinus</strong></span> <span class='ocrx_word' id='word_1_124' title='bbox 1599 1741 1711 1806; x_wconf 89' lang='lat' dir='ltr'><strong>tali</strong></span> <span class='ocrx_word' id='word_1_125' title='bbox 1744 1740 2215 1828; x_wconf 79' lang='lat' dir='ltr'><strong>perturbatione</strong></span> <span class='ocrx_word' id='word_1_126' title='bbox 2251 1755 2601 1810; x_wconf 91' lang='lat' dir='ltr'><strong>commotus</strong></span> 
     </span>
     <span class='ocr_line' id='line_1_17' title="bbox 461 1834 2602 1923; baseline 0 -20"><span class='ocrx_word' id='word_1_127' title='bbox 461 1838 496 1891; x_wconf 83' lang='grc'><strong>6</strong></span> <span class='ocrx_word' id='word_1_128' title='bbox 536 1839 780 1905; x_wconf 87' lang='lat' dir='ltr'><strong>animus</strong></span> <span class='ocrx_word' id='word_1_129' title='bbox 836 1837 1195 1904; x_wconf 85' lang='lat' dir='ltr'><strong>accesserit.</strong></span> <span class='ocrx_word' id='word_1_130' title='bbox 1282 1856 1429 1899; x_wconf 89' lang='lat' dir='ltr'><strong>cum</strong></span> <span class='ocrx_word' id='word_1_131' title='bbox 1474 1846 1685 1900; x_wconf 89' lang='lat' dir='ltr'><strong>autem</strong></span> <span class='ocrx_word' id='word_1_132' title='bbox 1736 1858 1867 1901; x_wconf 89' lang='lat' dir='ltr'><strong>non</strong></span> <span class='ocrx_word' id='word_1_133' title='bbox 1916 1834 2325 1923; x_wconf 89' lang='lat' dir='ltr'><strong>impulsione,</strong></span> <span class='ocrx_word' id='word_1_134' title='bbox 2384 1860 2602 1904; x_wconf 87' lang='lat' dir='ltr'><strong>verum</strong></span> 
     </span>
     <span class='ocr_line' id='line_1_18' title="bbox 457 1910 2601 2015; baseline 0 -19"><span class='ocrx_word' id='word_1_135' title='bbox 457 1910 510 1950; x_wconf 77' lang='lat'><strong>²⁰</strong></span> <span class='ocrx_word' id='word_1_136' title='bbox 531 1932 1010 1998; x_wconf 86' lang='lat' dir='ltr'><strong>ratiocinatione</strong></span> <span class='ocrx_word' id='word_1_137' title='bbox 1047 1930 1323 2013; x_wconf 85' lang='lat' dir='ltr'><strong>aliquem</strong></span> <span class='ocrx_word' id='word_1_138' title='bbox 1370 1928 1767 1995; x_wconf 88' lang='lat' dir='ltr'><strong>commisisse</strong></span> <span class='ocrx_word' id='word_1_139' title='bbox 1803 1929 1957 2015; x_wconf 88' lang='lat' dir='ltr'><strong>quid</strong></span> <span class='ocrx_word' id='word_1_140' title='bbox 1991 1930 2185 2009; x_wconf 83' lang='lat' dir='ltr'><strong>dicet,</strong></span> <span class='ocrx_word' id='word_1_141' title='bbox 2242 1930 2398 2014; x_wconf 89' lang='lat' dir='ltr'><strong>quid</strong></span> <span class='ocrx_word' id='word_1_142' title='bbox 2432 1952 2601 1998; x_wconf 89' lang='lat' dir='ltr'><strong>com-</strong></span> 
     </span>
     <span class='ocr_line' id='line_1_19' title="bbox 533 2021 2601 2111; baseline 0 -21"><span class='ocrx_word' id='word_1_143' title='bbox 533 2026 706 2090; x_wconf 90' lang='lat' dir='ltr'><strong>modi</strong></span> <span class='ocrx_word' id='word_1_144' title='bbox 741 2025 826 2089; x_wconf 86' lang='lat' dir='ltr'><strong>sit</strong></span> <span class='ocrx_word' id='word_1_145' title='bbox 861 2034 1116 2089; x_wconf 86' lang='lat' dir='ltr'><strong>secutus</strong></span> <span class='ocrx_word' id='word_1_146' title='bbox 1153 2034 1264 2087; x_wconf 86' lang='lat' dir='ltr'><strong>aut</strong></span> <span class='ocrx_word' id='word_1_147' title='bbox 1297 2021 1453 2107; x_wconf 91' lang='lat' dir='ltr'><strong>quid</strong></span> <span class='ocrx_word' id='word_1_148' title='bbox 1484 2022 1867 2089; x_wconf 90' lang='lat' dir='ltr'><strong>incommodi</strong></span> <span class='ocrx_word' id='word_1_149' title='bbox 1906 2023 2168 2111; x_wconf 84' lang='lat' dir='ltr'><strong>fugerit,</strong></span> <span class='ocrx_word' id='word_1_150' title='bbox 2210 2023 2601 2090; x_wconf 81' lang='lat' dir='ltr'><strong>demonstra-</strong></span> 
     </span>
     <span class='ocr_line' id='line_1_20' title="bbox 533 2116 2597 2205; baseline 0 -22"><span class='ocrx_word' id='word_1_151' title='bbox 533 2118 629 2183; x_wconf 91' lang='lat' dir='ltr'><strong>bit</strong></span> <span class='ocrx_word' id='word_1_152' title='bbox 663 2128 728 2183; x_wconf 89' lang='lat' dir='ltr'><strong>et</strong></span> <span class='ocrx_word' id='word_1_153' title='bbox 760 2117 830 2181; x_wconf 89' lang='lat' dir='ltr'><strong>id</strong></span> <span class='ocrx_word' id='word_1_154' title='bbox 865 2116 1148 2204; x_wconf 86' lang='lat' dir='ltr'><strong>augebit,</strong></span> <span class='ocrx_word' id='word_1_155' title='bbox 1203 2139 1397 2202; x_wconf 89' lang='lat' dir='ltr'><strong>quam</strong></span> <span class='ocrx_word' id='word_1_156' title='bbox 1440 2116 1713 2183; x_wconf 85' lang='lat' dir='ltr'><strong>maxime</strong></span> <span class='ocrx_word' id='word_1_157' title='bbox 1756 2117 2017 2205; x_wconf 88' lang='lat' dir='ltr'><strong>poterit,</strong></span> <span class='ocrx_word' id='word_1_158' title='bbox 2065 2127 2165 2194; x_wconf 87' lang='lat' dir='ltr'><strong>ut,</strong></span> <span class='ocrx_word' id='word_1_159' title='bbox 2215 2117 2429 2203; x_wconf 90' lang='lat' dir='ltr'><strong>quoad</strong></span> <span class='ocrx_word' id='word_1_160' title='bbox 2463 2117 2597 2184; x_wconf 88' lang='lat' dir='ltr'><strong>eius</strong></span> 
     </span>
     <span class='ocr_line' id='line_1_21' title="bbox 531 2210 2601 2299; baseline 0.001 -23"><span class='ocrx_word' id='word_1_161' title='bbox 531 2211 670 2276; x_wconf 88' lang='lat' dir='ltr'><strong>fieri</strong></span> <span class='ocrx_word' id='word_1_162' title='bbox 710 2211 942 2298; x_wconf 89' lang='lat' dir='ltr'><strong>possit,</strong></span> <span class='ocrx_word' id='word_1_163' title='bbox 995 2210 1226 2277; x_wconf 91' lang='lat' dir='ltr'><strong>idonea</strong></span> <span class='ocrx_word' id='word_1_164' title='bbox 1271 2232 1465 2296; x_wconf 80' lang='lat' dir='ltr'><strong>quam</strong></span> <span class='ocrx_word' id='word_1_165' title='bbox 1516 2211 1792 2277; x_wconf 80' lang='lat' dir='ltr'><strong>maxime</strong></span> <span class='ocrx_word' id='word_1_166' title='bbox 1845 2232 2040 2277; x_wconf 89' lang='lat' dir='ltr'><strong>causa</strong></span> <span class='ocrx_word' id='word_1_167' title='bbox 2084 2211 2166 2275; x_wconf 84' lang='lat' dir='ltr'><strong>ad</strong></span> <span class='ocrx_word' id='word_1_168' title='bbox 2206 2213 2601 2299; x_wconf 89' lang='lat' dir='ltr'><strong>peccandum</strong></span> 
     </span>
     <span class='ocr_line' id='line_1_22' title="bbox 532 2305 2601 2394; baseline 0.001 -25"><span class='ocrx_word' id='word_1_169' title='bbox 532 2306 783 2372; x_wconf 87' lang='lat' dir='ltr'><strong>hortata</strong></span> <span class='ocrx_word' id='word_1_170' title='bbox 816 2306 1134 2372; x_wconf 79' lang='lat' dir='ltr'><strong>videatur:</strong></span> <span class='ocrx_word' id='word_1_171' title='bbox 1173 2306 1228 2372; x_wconf 88' lang='lat' dir='ltr'><strong>si</strong></span> <span class='ocrx_word' id='word_1_172' title='bbox 1261 2306 1505 2394; x_wconf 86' lang='lat' dir='ltr'><strong>gloriae</strong></span> <span class='ocrx_word' id='word_1_173' title='bbox 1540 2327 1761 2383; x_wconf 88' lang='lat' dir='ltr'><strong>causa,</strong></span> <span class='ocrx_word' id='word_1_174' title='bbox 1809 2316 2112 2390; x_wconf 86' lang='lat' dir='ltr'><strong>quantam</strong></span> <span class='ocrx_word' id='word_1_175' title='bbox 2146 2305 2415 2392; x_wconf 86' lang='lat' dir='ltr'><strong>gloriam</strong></span> <span class='ocrx_word' id='word_1_176' title='bbox 2449 2328 2601 2372; x_wconf 88' lang='lat' dir='ltr'><strong>con-</strong></span> 
     </span>
     <span class='ocr_line' id='line_1_23' title="bbox 535 2400 2599 2487; baseline 0 -21"><span class='ocrx_word' id='word_1_177' title='bbox 535 2409 895 2466; x_wconf 80' lang='lat' dir='ltr'><strong>secuturam</strong></span> <span class='ocrx_word' id='word_1_178' title='bbox 929 2400 1332 2478; x_wconf 80' lang='lat' dir='ltr'><strong>existimarit3</strong></span> <span class='ocrx_word' id='word_1_179' title='bbox 1377 2400 1531 2466; x_wconf 91' lang='lat' dir='ltr'><strong>item</strong></span> <span class='ocrx_word' id='word_1_180' title='bbox 1568 2400 1625 2466; x_wconf 92' lang='lat' dir='ltr'><strong>si</strong></span> <span class='ocrx_word' id='word_1_181' title='bbox 1658 2400 2103 2467; x_wconf 86' lang='lat' dir='ltr'><strong>dominationis</strong></span> <span class='ocrx_word' id='word_1_182' title='bbox 2116 2449 2135 2478; x_wconf 92' lang='lat'><strong>,</strong></span> <span class='ocrx_word' id='word_1_183' title='bbox 2182 2401 2239 2465; x_wconf 87' lang='lat' dir='ltr'><strong>si</strong></span> <span class='ocrx_word' id='word_1_184' title='bbox 2272 2401 2599 2487; x_wconf 84' lang='lat' dir='ltr'><strong>pecuniae,</strong></span> 
     </span>
     <span class='ocr_line' id='line_1_24' title="bbox 534 2492 2601 2588; baseline 0 -28"><span class='ocrx_word' id='word_1_185' title='bbox 534 2493 590 2561; x_wconf 89' lang='lat' dir='ltr'><strong>si</strong></span> <span class='ocrx_word' id='word_1_186' title='bbox 633 2492 974 2573; x_wconf 86' lang='lat' dir='ltr'><strong>amicitiae,</strong></span> <span class='ocrx_word' id='word_1_187' title='bbox 1031 2494 1088 2559; x_wconf 77' lang='lat' dir='ltr'><strong>ui</strong></span> <span class='ocrx_word' id='word_1_188' title='bbox 1139 2495 1635 2574; x_wconf 87' lang='lat' dir='ltr'><strong>inimicitiarum,</strong></span> <span class='ocrx_word' id='word_1_189' title='bbox 1690 2506 1756 2560; x_wconf 88' lang='lat' dir='ltr'><strong>et</strong></span> <span class='ocrx_word' id='word_1_190' title='bbox 1809 2495 2065 2562; x_wconf 89' lang='lat' dir='ltr'><strong>omnino</strong></span> <span class='ocrx_word' id='word_1_191' title='bbox 2120 2494 2419 2581; x_wconf 87' lang='lat' dir='ltr'><strong>quicquid</strong></span> <span class='ocrx_word' id='word_1_192' title='bbox 2443 2497 2601 2588; x_wconf 22' lang='lat' dir='ltr'><strong>terit,</strong></span> 
     </span>
     <span class='ocr_line' id='line_1_25' title="bbox 455 2588 2605 2678; baseline -0.002 -20"><span class='ocrx_word' id='word_1_193' title='bbox 455 2605 506 2658; x_wconf 63' lang='grc' dir='ltr'><strong>ξι</strong></span> <span class='ocrx_word' id='word_1_194' title='bbox 533 2589 705 2673; x_wconf 88' lang='lat' dir='ltr'><strong>quod</strong></span> <span class='ocrx_word' id='word_1_195' title='bbox 748 2610 979 2654; x_wconf 87' lang='lat' dir='ltr'><strong>causae</strong></span> <span class='ocrx_word' id='word_1_196' title='bbox 1023 2588 1222 2654; x_wconf 82' lang='lat' dir='ltr'><strong>fuisse</strong></span> <span class='ocrx_word' id='word_1_197' title='bbox 1268 2589 1463 2668; x_wconf 86' lang='lat' dir='ltr'><strong>dicet,</strong></span> <span class='ocrx_word' id='word_1_198' title='bbox 1518 2589 1586 2654; x_wconf 92' lang='lat' dir='ltr'><strong>id</strong></span> <span class='ocrx_word' id='word_1_199' title='bbox 1629 2611 1875 2656; x_wconf 89' lang='lat' dir='ltr'><strong>summe</strong></span> <span class='ocrx_word' id='word_1_200' title='bbox 1919 2613 2153 2678; x_wconf 88' lang='lat' dir='ltr'><strong>augere</strong></span> <span class='ocrx_word' id='word_1_201' title='bbox 2198 2588 2481 2668; x_wconf 84' lang='lat' dir='ltr'><strong>debebit3</strong></span> <span class='ocrx_word' id='word_1_202' title='bbox 2538 2601 2605 2656; x_wconf 91' lang='lat' dir='ltr'><strong>et</strong></span> 
     </span>
     <span class='ocr_line' id='line_1_26' title="bbox 530 2683 2603 2773; baseline 0.001 -25"><span class='ocrx_word' id='word_1_203' title='bbox 530 2685 654 2751; x_wconf 92' lang='lat' dir='ltr'><strong>hoc</strong></span> <span class='ocrx_word' id='word_1_204' title='bbox 686 2707 834 2752; x_wconf 91' lang='lat' dir='ltr'><strong>eum</strong></span> <span class='ocrx_word' id='word_1_205' title='bbox 865 2705 1102 2771; x_wconf 84' lang='lat' dir='ltr'><strong>magno</strong></span> <span class='ocrx_word' id='word_1_206' title='bbox 1138 2705 1330 2771; x_wconf 89' lang='lat' dir='ltr'><strong>opere</strong></span> <span class='ocrx_word' id='word_1_207' title='bbox 1365 2683 1767 2750; x_wconf 87' lang='lat' dir='ltr'><strong>considerare</strong></span> <span class='ocrx_word' id='word_1_208' title='bbox 1801 2686 2144 2773; x_wconf 89' lang='lat' dir='ltr'><strong>oportebit,</strong></span> <span class='ocrx_word' id='word_1_209' title='bbox 2179 2708 2313 2752; x_wconf 89' lang='lat' dir='ltr'><strong>non</strong></span> <span class='ocrx_word' id='word_1_210' title='bbox 2345 2683 2501 2769; x_wconf 84' lang='lat' dir='ltr'><strong>quid</strong></span> <span class='ocrx_word' id='word_1_211' title='bbox 2532 2683 2603 2750; x_wconf 88' lang='lat' dir='ltr'><strong>in</strong></span> 
     </span>
     <span class='ocr_line' id='line_1_27' title="bbox 531 2778 2601 2866; baseline 0 -22"><span class='ocrx_word' id='word_1_212' title='bbox 531 2779 792 2845; x_wconf 85' lang='lat' dir='ltr'><strong>veritate</strong></span> <span class='ocrx_word' id='word_1_213' title='bbox 819 2778 1029 2858; x_wconf 89' lang='lat' dir='ltr'><strong>modo,</strong></span> <span class='ocrx_word' id='word_1_214' title='bbox 1066 2799 1289 2844; x_wconf 87' lang='lat' dir='ltr'><strong>verum</strong></span> <span class='ocrx_word' id='word_1_215' title='bbox 1315 2779 1507 2844; x_wconf 86' lang='lat' dir='ltr'><strong>etiam</strong></span> <span class='ocrx_word' id='word_1_216' title='bbox 1531 2779 1989 2859; x_wconf 84' lang='lat' dir='ltr'><strong>vehementius,</strong></span> <span class='ocrx_word' id='word_1_217' title='bbox 2026 2779 2179 2865; x_wconf 89' lang='lat' dir='ltr'><strong>quid</strong></span> <span class='ocrx_word' id='word_1_218' title='bbox 2202 2781 2270 2844; x_wconf 92' lang='lat' dir='ltr'><strong>in</strong></span> <span class='ocrx_word' id='word_1_219' title='bbox 2305 2779 2601 2866; x_wconf 91' lang='lat' dir='ltr'><strong>opinione</strong></span> 
     </span>
     <span class='ocr_line' id='line_1_28' title="bbox 530 2872 2603 2958; baseline 0 -21"><span class='ocrx_word' id='word_1_220' title='bbox 530 2872 686 2950; x_wconf 89' lang='lat' dir='ltr'><strong>eius,</strong></span> <span class='ocrx_word' id='word_1_221' title='bbox 721 2894 913 2956; x_wconf 90' lang='lat' dir='ltr'><strong>quem</strong></span> <span class='ocrx_word' id='word_1_222' title='bbox 941 2883 1183 2958; x_wconf 88' lang='lat' dir='ltr'><strong>arguet,</strong></span> <span class='ocrx_word' id='word_1_223' title='bbox 1221 2873 1430 2939; x_wconf 87' lang='lat' dir='ltr'><strong>fuerit.</strong></span> <span class='ocrx_word' id='word_1_224' title='bbox 1510 2874 1666 2938; x_wconf 88' lang='lat' dir='ltr'><strong>nihil</strong></span> <span class='ocrx_word' id='word_1_225' title='bbox 1694 2874 1863 2939; x_wconf 91' lang='lat' dir='ltr'><strong>enim</strong></span> <span class='ocrx_word' id='word_1_226' title='bbox 1888 2874 2081 2940; x_wconf 86' lang='lat' dir='ltr'><strong>refert</strong></span> <span class='ocrx_word' id='word_1_227' title='bbox 2106 2897 2235 2939; x_wconf 91' lang='lat' dir='ltr'><strong>non</strong></span> <span class='ocrx_word' id='word_1_228' title='bbox 2255 2874 2455 2940; x_wconf 86' lang='lat' dir='ltr'><strong>fuisse</strong></span> <span class='ocrx_word' id='word_1_229' title='bbox 2492 2885 2603 2939; x_wconf 87' lang='lat' dir='ltr'><strong>aut</strong></span> 
     </span>
     <span class='ocr_line' id='line_1_29' title="bbox 528 2965 2603 3056; baseline 0.002 -27"><span class='ocrx_word' id='word_1_230' title='bbox 528 2989 658 3030; x_wconf 90' lang='lat' dir='ltr'><strong>non</strong></span> <span class='ocrx_word' id='word_1_231' title='bbox 684 2988 827 3030; x_wconf 87' lang='lat' dir='ltr'><strong>esse</strong></span> <span class='ocrx_word' id='word_1_232' title='bbox 855 2965 1092 3051; x_wconf 88' lang='lat' dir='ltr'><strong>aliquid</strong></span> <span class='ocrx_word' id='word_1_233' title='bbox 1117 2967 1433 3035; x_wconf 87' lang='lat' dir='ltr'><strong>commodi</strong></span> <span class='ocrx_word' id='word_1_234' title='bbox 1461 2980 1569 3034; x_wconf 89' lang='lat' dir='ltr'><strong>aut</strong></span> <span class='ocrx_word' id='word_1_235' title='bbox 1592 2968 1994 3045; x_wconf 88' lang='lat' dir='ltr'><strong>incommodi,</strong></span> <span class='ocrx_word' id='word_1_236' title='bbox 2027 2969 2083 3032; x_wconf 91' lang='lat' dir='ltr'><strong>si</strong></span> <span class='ocrx_word' id='word_1_237' title='bbox 2109 2969 2360 3033; x_wconf 90' lang='lat' dir='ltr'><strong>ostendi</strong></span> <span class='ocrx_word' id='word_1_238' title='bbox 2386 2979 2603 3056; x_wconf 88' lang='lat' dir='ltr'><strong>potest</strong></span> 
     </span>
     <span class='ocr_line' id='line_1_30' title="bbox 531 3058 2602 3150; baseline 0.003 -27"><span class='ocrx_word' id='word_1_239' title='bbox 531 3059 591 3124; x_wconf 93' lang='lat' dir='ltr'><strong>ei</strong></span> <span class='ocrx_word' id='word_1_240' title='bbox 625 3058 835 3124; x_wconf 84' lang='lat' dir='ltr'><strong>visum</strong></span> <span class='ocrx_word' id='word_1_241' title='bbox 871 3083 1044 3139; x_wconf 86' lang='lat' dir='ltr'><strong>esse,</strong></span> <span class='ocrx_word' id='word_1_242' title='bbox 1081 3061 1192 3146; x_wconf 92' lang='lat' dir='ltr'><strong>qui</strong></span> <span class='ocrx_word' id='word_1_243' title='bbox 1227 3074 1547 3150; x_wconf 86' lang='lat' dir='ltr'><strong>arguatur.</strong></span> <span class='ocrx_word' id='word_1_244' title='bbox 1635 3085 1785 3126; x_wconf 87' lang='lat' dir='ltr'><strong>nam</strong></span> <span class='ocrx_word' id='word_1_245' title='bbox 1819 3061 2031 3146; x_wconf 89' lang='lat' dir='ltr'><strong>opinio</strong></span> <span class='ocrx_word' id='word_1_246' title='bbox 2070 3059 2400 3146; x_wconf 89' lang='lat' dir='ltr'><strong>dupliciter</strong></span> <span class='ocrx_word' id='word_1_247' title='bbox 2435 3063 2602 3129; x_wconf 82' lang='lat' dir='ltr'><strong>fallit</strong></span> 
     </span>
     <span class='ocr_line' id='line_1_31' title="bbox 531 3152 2603 3241; baseline 0.002 -24"><span class='ocrx_word' id='word_1_248' title='bbox 531 3152 849 3233; x_wconf 89' lang='lat' dir='ltr'><strong>homines,</strong></span> <span class='ocrx_word' id='word_1_249' title='bbox 907 3175 1052 3219; x_wconf 91' lang='lat' dir='ltr'><strong>cum</strong></span> <span class='ocrx_word' id='word_1_250' title='bbox 1108 3167 1220 3221; x_wconf 89' lang='lat' dir='ltr'><strong>aut</strong></span> <span class='ocrx_word' id='word_1_251' title='bbox 1267 3179 1371 3222; x_wconf 91' lang='lat' dir='ltr'><strong>res</strong></span> <span class='ocrx_word' id='word_1_252' title='bbox 1428 3157 1551 3221; x_wconf 86' lang='lat' dir='ltr'><strong>alio</strong></span> <span class='ocrx_word' id='word_1_253' title='bbox 1602 3154 1794 3220; x_wconf 88' lang='lat' dir='ltr'><strong>modo</strong></span> <span class='ocrx_word' id='word_1_254' title='bbox 1846 3164 1973 3231; x_wconf 88' lang='lat' dir='ltr'><strong>est,</strong></span> <span class='ocrx_word' id='word_1_255' title='bbox 2030 3175 2105 3219; x_wconf 88' lang='lat' dir='ltr'><strong>ac</strong></span> <span class='ocrx_word' id='word_1_256' title='bbox 2147 3163 2431 3241; x_wconf 85' lang='lat' dir='ltr'><strong>putatur,</strong></span> <span class='ocrx_word' id='word_1_257' title='bbox 2489 3173 2603 3222; x_wconf 89' lang='lat' dir='ltr'><strong>aut</strong></span> 
     </span>
     <span class='ocr_line' id='line_1_32' title="bbox 529 3247 2597 3336; baseline 0.002 -24"><span class='ocrx_word' id='word_1_258' title='bbox 529 3269 662 3314; x_wconf 88' lang='lat' dir='ltr'><strong>non</strong></span> <span class='ocrx_word' id='word_1_259' title='bbox 692 3248 748 3314; x_wconf 91' lang='lat' dir='ltr'><strong>is</strong></span> <span class='ocrx_word' id='word_1_260' title='bbox 785 3259 1048 3316; x_wconf 87' lang='lat' dir='ltr'><strong>eventus</strong></span> <span class='ocrx_word' id='word_1_261' title='bbox 1095 3263 1218 3330; x_wconf 89' lang='lat' dir='ltr'><strong>est,</strong></span> <span class='ocrx_word' id='word_1_262' title='bbox 1274 3272 1465 3336; x_wconf 88' lang='lat' dir='ltr'><strong>quem</strong></span> <span class='ocrx_word' id='word_1_263' title='bbox 1508 3247 1795 3315; x_wconf 86' lang='lat' dir='ltr'><strong>arbitrati</strong></span> <span class='ocrx_word' id='word_1_264' title='bbox 1838 3259 2005 3315; x_wconf 86' lang='lat' dir='ltr'><strong>sunt.</strong></span> <span class='ocrx_word' id='word_1_265' title='bbox 2092 3271 2198 3316; x_wconf 86' lang='lat' dir='ltr'><strong>res</strong></span> <span class='ocrx_word' id='word_1_266' title='bbox 2244 3249 2368 3317; x_wconf 85' lang='lat' dir='ltr'><strong>alio</strong></span> <span class='ocrx_word' id='word_1_267' title='bbox 2403 3252 2597 3317; x_wconf 90' lang='lat' dir='ltr'><strong>modo</strong></span> 
     </span>
     <span class='ocr_line' id='line_1_33' title="bbox 531 3342 2593 3433; baseline 0.002 -27"><span class='ocrx_word' id='word_1_268' title='bbox 531 3352 632 3407; x_wconf 86' lang='lat' dir='ltr'><strong>est</strong></span> <span class='ocrx_word' id='word_1_269' title='bbox 675 3351 838 3422; x_wconf 88' lang='lat' dir='ltr'><strong>tum,</strong></span> <span class='ocrx_word' id='word_1_270' title='bbox 893 3365 1039 3409; x_wconf 88' lang='lat' dir='ltr'><strong>cum</strong></span> <span class='ocrx_word' id='word_1_271' title='bbox 1083 3355 1194 3410; x_wconf 87' lang='lat' dir='ltr'><strong>aut</strong></span> <span class='ocrx_word' id='word_1_272' title='bbox 1232 3346 1328 3424; x_wconf 87' lang='lat' dir='ltr'><strong>id,</strong></span> <span class='ocrx_word' id='word_1_273' title='bbox 1383 3342 1555 3428; x_wconf 90' lang='lat' dir='ltr'><strong>quod</strong></span> <span class='ocrx_word' id='word_1_274' title='bbox 1597 3343 1837 3409; x_wconf 90' lang='lat' dir='ltr'><strong>bonum</strong></span> <span class='ocrx_word' id='word_1_275' title='bbox 1888 3355 2015 3422; x_wconf 89' lang='lat' dir='ltr'><strong>est,</strong></span> <span class='ocrx_word' id='word_1_276' title='bbox 2066 3345 2305 3410; x_wconf 86' lang='lat' dir='ltr'><strong>malum</strong></span> <span class='ocrx_word' id='word_1_277' title='bbox 2346 3356 2593 3433; x_wconf 88' lang='lat' dir='ltr'><strong>putant,</strong></span> 
     </span>
     <span class='ocr_line' id='line_1_34' title="bbox 530 3437 2597 3525; baseline 0 -22"><span class='ocrx_word' id='word_1_278' title='bbox 530 3448 640 3503; x_wconf 88' lang='lat' dir='ltr'><strong>aut</strong></span> <span class='ocrx_word' id='word_1_279' title='bbox 673 3448 917 3517; x_wconf 86' lang='lat' dir='ltr'><strong>contra,</strong></span> <span class='ocrx_word' id='word_1_280' title='bbox 956 3439 1127 3523; x_wconf 90' lang='lat' dir='ltr'><strong>quod</strong></span> <span class='ocrx_word' id='word_1_281' title='bbox 1163 3439 1399 3504; x_wconf 86' lang='lat' dir='ltr'><strong>malum</strong></span> <span class='ocrx_word' id='word_1_282' title='bbox 1434 3448 1561 3517; x_wconf 85' lang='lat' dir='ltr'><strong>est,</strong></span> <span class='ocrx_word' id='word_1_283' title='bbox 1604 3437 1845 3505; x_wconf 91' lang='lat' dir='ltr'><strong>bonum</strong></span> <span class='ocrx_word' id='word_1_284' title='bbox 1853 3487 1873 3519; x_wconf 93' lang='lat'><strong>,</strong></span> <span class='ocrx_word' id='word_1_285' title='bbox 1928 3451 2065 3518; x_wconf 86' lang='lat' dir='ltr'><strong>aut,</strong></span> <span class='ocrx_word' id='word_1_286' title='bbox 2100 3441 2273 3525; x_wconf 91' lang='lat' dir='ltr'><strong>quod</strong></span> <span class='ocrx_word' id='word_1_287' title='bbox 2308 3461 2427 3506; x_wconf 89' lang='lat' dir='ltr'><strong>nec</strong></span> <span class='ocrx_word' id='word_1_288' title='bbox 2459 3461 2597 3504; x_wconf 83' lang='lat' dir='ltr'><strong>ma-</strong></span> 
     </span>
     <span class='ocr_line' id='line_1_35' title="bbox 528 3530 2599 3619; baseline 0 -23"><span class='ocrx_word' id='word_1_289' title='bbox 528 3530 662 3596; x_wconf 90' lang='lat' dir='ltr'><strong>lum</strong></span> <span class='ocrx_word' id='word_1_290' title='bbox 695 3544 795 3599; x_wconf 88' lang='lat' dir='ltr'><strong>est</strong></span> <span class='ocrx_word' id='word_1_291' title='bbox 827 3555 948 3599; x_wconf 88' lang='lat' dir='ltr'><strong>nec</strong></span> <span class='ocrx_word' id='word_1_292' title='bbox 981 3534 1238 3611; x_wconf 88' lang='lat' dir='ltr'><strong>bonum,</strong></span> <span class='ocrx_word' id='word_1_293' title='bbox 1272 3531 1512 3596; x_wconf 88' lang='lat' dir='ltr'><strong>malum</strong></span> <span class='ocrx_word' id='word_1_294' title='bbox 1548 3543 1659 3599; x_wconf 88' lang='lat' dir='ltr'><strong>aut</strong></span> <span class='ocrx_word' id='word_1_295' title='bbox 1682 3533 1941 3612; x_wconf 87' lang='lat' dir='ltr'><strong>bonum,</strong></span> <span class='ocrx_word' id='word_1_296' title='bbox 1980 3543 2112 3614; x_wconf 88' lang='lat' dir='ltr'><strong>aut,</strong></span> <span class='ocrx_word' id='word_1_297' title='bbox 2148 3534 2321 3619; x_wconf 91' lang='lat' dir='ltr'><strong>quod</strong></span> <span class='ocrx_word' id='word_1_298' title='bbox 2352 3532 2599 3598; x_wconf 88' lang='lat' dir='ltr'><strong>malum</strong></span> 
     </span>
     <span class='ocr_line' id='line_1_36' title="bbox 451 3625 2597 3706; baseline -0 -13"><span class='ocrx_word' id='word_1_299' title='bbox 451 3653 504 3694; x_wconf 75' lang='lat'><strong>22</strong></span> <span class='ocrx_word' id='word_1_300' title='bbox 530 3637 640 3692; x_wconf 89' lang='lat' dir='ltr'><strong>aut</strong></span> <span class='ocrx_word' id='word_1_301' title='bbox 681 3628 922 3693; x_wconf 88' lang='lat' dir='ltr'><strong>bonum</strong></span> <span class='ocrx_word' id='word_1_302' title='bbox 963 3637 1090 3706; x_wconf 88' lang='lat' dir='ltr'><strong>est,</strong></span> <span class='ocrx_word' id='word_1_303' title='bbox 1141 3646 1262 3693; x_wconf 88' lang='lat' dir='ltr'><strong>nec</strong></span> <span class='ocrx_word' id='word_1_304' title='bbox 1303 3627 1542 3693; x_wconf 88' lang='lat' dir='ltr'><strong>malum</strong></span> <span class='ocrx_word' id='word_1_305' title='bbox 1588 3649 1708 3694; x_wconf 88' lang='lat' dir='ltr'><strong>nec</strong></span> <span class='ocrx_word' id='word_1_306' title='bbox 1750 3629 2009 3696; x_wconf 89' lang='lat' dir='ltr'><strong>bonum.</strong></span> <span class='ocrx_word' id='word_1_307' title='bbox 2098 3628 2221 3694; x_wconf 89' lang='lat' dir='ltr'><strong>hoc</strong></span> <span class='ocrx_word' id='word_1_308' title='bbox 2268 3625 2597 3692; x_wconf 86' lang='lat' dir='ltr'><strong>intellectu</strong></span> 
     </span>
     <span class='ocr_line' id='line_1_37' title="bbox 529 3717 2597 3810; baseline 0.001 -26"><span class='ocrx_word' id='word_1_309' title='bbox 529 3719 586 3785; x_wconf 90' lang='lat' dir='ltr'><strong>si</strong></span> <span class='ocrx_word' id='word_1_310' title='bbox 621 3721 732 3804; x_wconf 90' lang='lat' dir='ltr'><strong>qui</strong></span> <span class='ocrx_word' id='word_1_311' title='bbox 763 3721 1025 3810; x_wconf 85' lang='lat' dir='ltr'><strong>negabit</strong></span> <span class='ocrx_word' id='word_1_312' title='bbox 1057 3743 1201 3786; x_wconf 87' lang='lat' dir='ltr'><strong>esse</strong></span> <span class='ocrx_word' id='word_1_313' title='bbox 1233 3719 1434 3787; x_wconf 83' lang='lat' dir='ltr'><strong>ullam</strong></span> <span class='ocrx_word' id='word_1_314' title='bbox 1466 3723 1803 3808; x_wconf 87' lang='lat' dir='ltr'><strong>pecuniam</strong></span> <span class='ocrx_word' id='word_1_315' title='bbox 1845 3723 2061 3789; x_wconf 83' lang='lat' dir='ltr'><strong>fratris</strong></span> <span class='ocrx_word' id='word_1_316' title='bbox 2097 3732 2207 3787; x_wconf 88' lang='lat' dir='ltr'><strong>aut</strong></span> <span class='ocrx_word' id='word_1_317' title='bbox 2240 3717 2426 3784; x_wconf 89' lang='lat' dir='ltr'><strong>amici</strong></span> <span class='ocrx_word' id='word_1_318' title='bbox 2458 3718 2597 3786; x_wconf 85' lang='lat' dir='ltr'><strong>vita</strong></span> 
     </span>
     <span class='ocr_line' id='line_1_38' title="bbox 529 3815 2595 3902; baseline 0.001 -24"><span class='ocrx_word' id='word_1_319' title='bbox 529 3824 639 3879; x_wconf 85' lang='lat' dir='ltr'><strong>aut</strong></span> <span class='ocrx_word' id='word_1_320' title='bbox 674 3816 946 3902; x_wconf 87' lang='lat' dir='ltr'><strong>denique</strong></span> <span class='ocrx_word' id='word_1_321' title='bbox 980 3815 1190 3882; x_wconf 89' lang='lat' dir='ltr'><strong>officio</strong></span> <span class='ocrx_word' id='word_1_322' title='bbox 1235 3839 1353 3882; x_wconf 92' lang='lat' dir='ltr'><strong>suo</strong></span> <span class='ocrx_word' id='word_1_323' title='bbox 1399 3817 1816 3902; x_wconf 82' lang='lat' dir='ltr'><strong>antiquiorem</strong></span> <span class='ocrx_word' id='word_1_324' title='bbox 1860 3829 1971 3884; x_wconf 87' lang='lat' dir='ltr'><strong>aut</strong></span> <span class='ocrx_word' id='word_1_325' title='bbox 2016 3815 2403 3892; x_wconf 88' lang='lat' dir='ltr'><strong>suaviorem,</strong></span> <span class='ocrx_word' id='word_1_326' title='bbox 2458 3831 2595 3881; x_wconf 83' lang='lat' dir='ltr'><strong>non</strong></span> 
     </span>
     <span class='ocr_line' id='line_1_39' title="bbox 528 3908 2594 4000; baseline 0.001 -28"><span class='ocrx_word' id='word_1_327' title='bbox 528 3908 652 3992; x_wconf 86' lang='lat' dir='ltr'><strong>hoc</strong></span> <span class='ocrx_word' id='word_1_328' title='bbox 701 3911 821 3974; x_wconf 88' lang='lat' dir='ltr'><strong>erit</strong></span> <span class='ocrx_word' id='word_1_329' title='bbox 882 3911 1234 3981; x_wconf 85' lang='lat' dir='ltr'><strong>accusatori</strong></span> <span class='ocrx_word' id='word_1_330' title='bbox 1293 3913 1659 4000; x_wconf 88' lang='lat' dir='ltr'><strong>negandum</strong></span> <span class='ocrx_word' id='word_1_331' title='bbox 1666 3938 1687 3993; x_wconf 84' lang='lat'><em>3</em></span> <span class='ocrx_word' id='word_1_332' title='bbox 1750 3936 1900 3978; x_wconf 90' lang='lat' dir='ltr'><strong>nam</strong></span> <span class='ocrx_word' id='word_1_333' title='bbox 1950 3913 2018 3978; x_wconf 89' lang='lat' dir='ltr'><strong>in</strong></span> <span class='ocrx_word' id='word_1_334' title='bbox 2078 3933 2225 3981; x_wconf 88' lang='lat' dir='ltr'><strong>eum</strong></span> <span class='ocrx_word' id='word_1_335' title='bbox 2286 3909 2475 3996; x_wconf 83' lang='lat' dir='ltr'><strong>culpa</strong></span> <span class='ocrx_word' id='word_1_336' title='bbox 2528 3920 2594 3976; x_wconf 92' lang='lat' dir='ltr'><strong>et</strong></span> 
     </span>
     <span class='ocr_line' id='line_1_40' title="bbox 531 4004 2593 4092; baseline 0.001 -24"><span class='ocrx_word' id='word_1_337' title='bbox 531 4024 847 4068; x_wconf 88' lang='lat' dir='ltr'><strong>summum</strong></span> <span class='ocrx_word' id='word_1_338' title='bbox 899 4004 1116 4071; x_wconf 87' lang='lat' dir='ltr'><strong>odium</strong></span> <span class='ocrx_word' id='word_1_339' title='bbox 1156 4007 1600 4086; x_wconf 86' lang='lat' dir='ltr'><strong>transferetur,</strong></span> <span class='ocrx_word' id='word_1_340' title='bbox 1648 4008 1764 4091; x_wconf 86' lang='lat' dir='ltr'><strong>qui</strong></span> <span class='ocrx_word' id='word_1_341' title='bbox 1807 4008 1979 4092; x_wconf 88' lang='lat' dir='ltr'><strong>quod</strong></span> <span class='ocrx_word' id='word_1_342' title='bbox 2022 4017 2153 4071; x_wconf 88' lang='lat' dir='ltr'><strong>tam</strong></span> <span class='ocrx_word' id='word_1_343' title='bbox 2195 4027 2344 4072; x_wconf 87' lang='lat' dir='ltr'><strong>vere</strong></span> <span class='ocrx_word' id='word_1_344' title='bbox 2390 4015 2455 4071; x_wconf 92' lang='lat' dir='ltr'><strong>et</strong></span> <span class='ocrx_word' id='word_1_345' title='bbox 2477 4004 2593 4092; x_wconf 69' lang='lat' dir='ltr'><strong>&#39;pie</strong></span> 
     </span>
     <span class='ocr_line' id='line_1_41' title="bbox 533 4094 2596 4184; baseline 0.003 -26"><span class='ocrx_word' id='word_1_346' title='bbox 533 4094 800 4176; x_wconf 88' lang='lat' dir='ltr'><strong>dicetur,</strong></span> <span class='ocrx_word' id='word_1_347' title='bbox 849 4099 1110 4184; x_wconf 87' lang='lat' dir='ltr'><strong>negabit</strong></span> <span class='ocrx_word' id='word_1_348' title='bbox 1118 4125 1138 4178; x_wconf 84' lang='lat'><em>3</em></span> <span class='ocrx_word' id='word_1_349' title='bbox 1191 4120 1417 4168; x_wconf 84' lang='lat' dir='ltr'><strong>verum</strong></span> <span class='ocrx_word' id='word_1_350' title='bbox 1450 4101 1608 4167; x_wconf 88' lang='lat' dir='ltr'><strong>illud</strong></span> <span class='ocrx_word' id='word_1_351' title='bbox 1642 4101 1981 4167; x_wconf 88' lang='lat' dir='ltr'><strong>dicendum</strong></span> <span class='ocrx_word' id='word_1_352' title='bbox 2014 4100 2160 4180; x_wconf 88' lang='lat' dir='ltr'><strong>erit,</strong></span> <span class='ocrx_word' id='word_1_353' title='bbox 2213 4099 2306 4166; x_wconf 92' lang='lat' dir='ltr'><strong>illi</strong></span> <span class='ocrx_word' id='word_1_354' title='bbox 2337 4099 2431 4166; x_wconf 85' lang='lat' dir='ltr'><strong>ita</strong></span> <span class='ocrx_word' id='word_1_355' title='bbox 2460 4120 2596 4164; x_wconf 89' lang='lat' dir='ltr'><strong>non</strong></span> 
     </span>
    </p>
   </div>
   <div class='ocr_carea' id='block_1_3' title="bbox 2739 126 2744 875">
    <p class='ocr_par' dir='ltr' id='par_1_3' title="bbox 2739 126 2744 875">
     <span class='ocr_line' id='line_1_42' title="bbox 2739 126 2744 875; baseline 0 0"><span class='ocrx_word' id='word_1_356' title='bbox 2739 126 2744 875; x_wconf 95' lang='lat' dir='ltr'><strong> </strong></span> 
     </span>
    </p>
   </div>
  </div>
 </body>
</html>
