2784 4575
475 231 604 304 268
1091 243 1482 304 M.-TULL11
1519 242 1919 300 clcnssoms

475 362 864 450 memoriter,
935 369 1262 435 dividebat
1329 378 1541 446 acute,
1607 362 1727 433 nec
1796 366 2338 454 praetermittebat
2406 369 2569 436 fere

477 466 843 552 quicquam,
906 463 1079 548 quod
1131 472 1304 529 esset
1353 462 1423 526 in
1472 483 1669 527 causa
1733 471 1844 526 aut
1896 461 1981 526 ad
2040 461 2562 530 confirmandum

475 571 588 628 aut
613 561 722 632 ad
779 557 1218 626 refellendum.
1323 579 1452 623 vox
1511 577 1744 623 canora
1794 565 1861 622 et
1912 557 2157 636 suavis3
2210 567 2424 625 motus
2488 571 2559 624 et

475 665 697 743 gestus
768 655 960 720 etiam
1027 650 1173 740 plus
1245 652 1399 717 artis
1469 649 1767 729 habebat,
1841 671 2034 734 quam
2102 662 2239 717 erat
2304 653 2553 718 oratori

479 749 656 816 satis.
790 747 914 814 hoc
981 747 1175 834 igitur
1253 745 1629 810 florescente
1699 742 1979 810 Crassus
2054 755 2155 810 est
2226 757 2553 822 mortuus,

479 841 680 910 Cotta
735 841 993 929 pulsus,
1057 839 1293 906 iudicia
1352 839 1718 905 intermissa
1774 837 1973 918 bello,
2032 859 2152 904 nos
2202 838 2272 904 in
2330 840 2549 906 forum

367 935 443 990 89
479 937 788 1004 venimus.
905 945 1042 1001 erat
1097 934 1485 1000 Hortensius
1546 932 1615 998 in
1681 930 1851 999 bello
1920 932 2125 1019 primo
2196 955 2361 1001 anno
2418 937 2552 1001 mi-

391 1007 609 1110 o⁴‘les,
657 1031 856 1096 altero
907 1027 1197 1094 tribunus
1249 1026 1551 1106 militum3
1614 1023 1943 1114 Sulpicius
1993 1025 2245 1114 legatus
2300 1028 2549 1109 aberat,

478 1125 671 1191 etiam
702 1124 802 1190 M.
829 1121 1184 1200 Antonius3
1221 1121 1633 1187 exercebatur·
1666 1143 1797 1186 una
1827 1121 1973 1206 lege
2006 1120 2310 1188 iudicium
2342 1123 2551 1190 Varia

479 1217 706 1295 ceteris
740 1227 1000 1304 propter
1032 1215 1274 1282 bellum
1316 1213 1725 1293 intermissis,
1778 1213 1883 1278 cui
1916 1215 2215 1298 frequens
2262 1215 2547 1297 aderam,

478 1333 864 1396 quamquam
895 1333 1012 1397 pro
1050 1333 1120 1376 se
1153 1309 1281 1396 ipsi
1315 1307 1614 1375 dicebant
1664 1317 1947 1374 oratores
1993 1330 2123 1373 non
2154 1307 2249 1374 illi
2284 1309 2549 1393 quidem

475 1405 825 1492 principes,
877 1404 963 1471 L.
1015 1403 1365 1470 Memmius
1419 1413 1487 1468 et
1528 1401 1612 1484 Q.
1656 1399 2033 1488 Pompeius,
2090 1403 2207 1468 sed
2258 1415 2545 1470 oratores

477 1511 693 1564 tamen
727 1508 890 1564 teste
926 1498 1162 1563 diserto
1195 1508 1461 1580 uterque
1495 1493 1825 1582 Philippo,
1864 1493 2041 1560 cuius
2077 1495 2147 1560 in
2180 1497 2545 1565 testimonio

364 1619 448 1662 305
485 1592 803 1660 contentio
839 1602 902 1657 et
937 1591 1070 1657 vim
1090 1589 1491 1658 ‘accusatoris
1526 1588 1806 1655 habebat
1839 1598 1905 1654 et
1938 1588 2208 1676 copiam.
2294 1591 2543 1676 reliqui,

479 1687 592 1772 qui
625 1697 762 1754 tum
807 1685 1126 1774 principes
1170 1685 1691 1762 numerabantur,
1744 1683 1814 1748 in
1848 1683 2325 1769 magistratibus
2362 1697 2544 1751 erant

479 1781 836 1866 cotidieque
872 1781 1008 1846 fere
1043 1803 1084 1844 a
1115 1778 1301 1844 nobis
1335 1777 1405 1842 in
1450 1776 1848 1844 contionibus
1902 1776 2349 1844 audiebanturz
2402 1789 2545 1844 erat

479 1875 650 1942 enim
693 1876 982 1940 tribunus
1019 1891 1026 1896 ·
1033 1871 1240 1960 plebis
1295 1881 1433 1937 tum
1478 1870 1556 1938 O.
1596 1870 1822 1950 Curio,
1877 1889 2257 1957 quamquam
2296 1873 2353 1938 is
2396 1873 2541 1958 qui-

478 1970 628 2036 dem
663 1968 920 2044 silebat,
973 1976 1064 2030 utx
1079 1975 1217 2032 erat
1251 1965 1451 2032 semel
1486 1989 1527 2031 a
1560 1967 1853 2032 contione
1903 1964 2197 2032 universa
2242 1965 2497 2032 relictus
2510 1991 2534 2045 ;

479 2061 564 2144 Q.
617 2061 924 2126 Metellus
973 2058 1164 2126 Celer
1213 2082 1345 2126 non
1393 2060 1503 2126 ille
1557 2060 1813 2145 quidem
1866 2073 2101 2140 orator,
2152 2062 2268 2126 sed
2316 2073 2541 2128 tamen

478 2177 608 2218 non
659 2153 903 2232 infans3
968 2153 1191 2218 diserti
1243 2163 1457 2220 autem
1511 2153 1595 2236 Q.
1646 2154 1913 2234 Varius,
1971 2154 2051 2221 C.
2112 2153 2355 2235 Carbo,
2410 2154 2537 2222 Cn.

475 2245 900 2334 Pomponius;
938 2258 1006 2313 et
1037 2246 1106 2312 hi
1137 2247 1394 2332 quidem
1423 2247 1795 2315 habitabant
1827 2249 1896 2314 in
1918 2249 2204 2331 Rostris3
2243 2247 2322 2317 C.
2350 2250 2539 2317 etiam

476 2340 679 2407 Iulius
742 2341 964 2407 aedilis
1031 2342 1262 2409 curulis
1327 2343 1557 2409 cotidie
1623 2345 1757 2410 fere
1820 2345 2153 2412 adcuratas
2216 2346 2535 2413 contiones

471 2435 772 2501 habebat.
863 2434 979 2501 sed
1029 2458 1131 2501 me
1183 2436 1667 2526 cupidissimum
1722 2438 2018 2505 audiendi
2066 2440 2312 2526 primus
2362 2441 2539 2507 dolor

476 2528 844 2617 percussit,-
876 2527 1073 2596 Cotta
1116 2552 1262 2597 cum
1305 2543 1408 2598 est
1456 2533 1794 2620 ex'pulsus3
1848 2532 2126 2618 reliquos
2178 2534 2541 2620 frequenter

479 2622 744 2689 audiens
797 2623 1103 2692 acerrimo
1157 2625 1367 2692 studio
1421 2628 1683 2693 tenebar
1738 2627 2093 2713 cotidieque
2138 2638 2204 2694 et
2257 2630 2538 2694 scribens

473 2727 544 2783 et
575 2717 796 2804 legens
835 2728 901 2783 et
935 2712 1368 2786 commentans
1405 2721 1694 2787 oratoriis
1738 2733 1953 2787 tamen
1986 2721 2539 2788 exercitationibus

478 2819 811 2879 contentus
856 2835 988 2877 non
1033 2836 1226 2879 eram.
1312 2812 1443 2879 iam
1488 2825 1915 2899 consequente
1960 2838 2128 2881 anno
2173 2813 2258 2922 Q.
2303 2814 2540 2883 Varius

359 2931 446 2972 soe
480 2926 598 2969 sua
647 2904 791 2990 lege
822 2904 1180 2979 ‚damnatus
1233 2918 1623 2986 excesserat3
1688 2930 1809 2993 ego
1863 2916 2075 2971 autem
2126 2906 2281 2971 iuris
2336 2906 2541 2972 civilis

479 2996 690 3063 studio
740 2998 1013 3065 multum
1064 3022 1294 3086 operae
1346 3001 1579 3065 dabam
1622 2998 1705 3081 Q.
1746 2997 2094 3063 Scaevolae
2138 2997 2223 3077 Q.
2265 2998 2375 3073 F„
2420 2999 2545 3085 ⁴qui

478 3112 865 3175 quamquam
914 3092 1156 3159 nemini
1196 3116 1268 3158 se
1313 3094 1399 3157 ad
1450 3092 1805 3157 docendum
1856 3089 2078 3168 dabat,
2130 3100 2343 3154 tamen
2385 3110 2542 3153 con-

480 3185 831 3252 sulentibus
873 3186 1317 3273 respondendo
1362 3184 1679 3250 studiosos
1725 3183 2022 3249 audiendi
2064 3182 2354 3263 docebat.
2442 3194 2543 3248 at·-

478 3300 606 3364 que
640 3275 790 3346 huic
824 3302 990 3346 anno
1034 3278 1360 3366 proximus
1400 3274 1585 3343 Sulla
1636 3279 1896 3344 consule
1932 3288 1998 3343 et
2029 3276 2341 3363 Pompeio
2386 3276 2537 3343 fuit:

473 3386 616 3441 tum
655 3375 736 3442 P.
783 3372 1052 3461 Sulpicii
1094 3372 1162 3437 in
1205 3372 1531 3438 tribunatu
1574 3372 1805 3439 cotidie
1858 3372 2281 3439 contionantis
2337 3381 2540 3437 totum

478 3490 684 3555 genus
729 3468 978 3535 dicendi
1028 3468 1284 3556 penitus
1331 3467 1777 3555 cognovimus3
1831 3468 2181 3553 eodemque
2235 3477 2537 3553 tempore,

477 3582 626 3627 cum
666 3564 963 3652 princeps
998 3562 1390 3629 Academiae
1424 3563 1616 3630 Philo
1664 3586 1809 3629 cum
1842 3561 2335 3630 Atheniensium
2377 3559 2539 3647 opti-

477 3656 756 3723 matibus
788 3658 1228 3725 Mithridatico
1271 3657 1443 3723 bello
1488 3658 1705 3726 domo¹
1719 3658 2111 3745 profugisset
2142 3656 2537 3739 Romamque

353 3765 358 3771 ’
480 3750 790 3830 venisset,
843 3762 1048 3818 totum
1083 3752 1144 3818 ei
1174 3773 1280 3816 me
1315 3751 1547 3816 tradidi
1582 3751 1937 3817 admirabili
1971 3750 2248 3836 quodam
2284 3749 2365 3813 ad
2400 3747 2538 3835 phi-

481 3844 840 3930 losophiam
866 3846 1076 3913 studio
1107 3845 1480 3923 concitatus,
1506 3843 1574 3909 in
1601 3866 1727 3929 quo
1755 3845 1877 3911 hoc
1894 3845 2087 3911 etiam
2104 3842 2539 3911 commorabar

483 3938 805 4015 attentius,
841 3939 1014 4022 quod
1047 3938 1169 4005 etsi
1200 3962 1414 4005 rerum
1446 3939 1730 4027 ipsarum
1764 3938 2033 4005 varietas
2070 3948 2136 4004 et
2168 3935 2536 4023 magnitudo

483 4046 735 4092 summa
784 4052 886 4095 me
950 4032 1365 4100 delectatione
1427 4033 1769 4111 retinebat,
1832 4044 2048 4099 tamen
2111 4032 2364 4099 sublata
2412 4029 2540 4096 iam

1082 4520 1214 4527 *kq-.—
1235 4521 1384 4528 -.-.....---—
1398 4526 1421 4528 .-
