2784 4575
460 254 596 322 230
1080 265 1157 320 M.
1193 223 1468 322 :tunm
1504 261 1905 320 CICERONIS

465 411 592 474 que
644 387 818 454 haud
869 386 1001 454 scio
1056 393 1137 452 a‘n
1169 392 1304 474 'par
1355 384 1743 474 principibus
1805 406 1947 450 esse
1998 385 2341 472 potuissetz
2406 387 2531 454 sed.

466 483 740 550 fortasse
773 479 1024 558 maluit,
1057 479 1144 546 fid
1177 479 1351 565 quod
1383 489 1485 545 est
1518 480 1813 565 adeptus,
1846 477 2041 566 longe
2074 480 2359 546 omnium
2392 503 2529 546 non

441 576 758 645 -eiusdem
787 573 978 640 modo
1012 574 1269 652 aetatis,
1313 573 1432 640 sed
1464 595 1683 639 eorum
1716 572 1937 652 etiam,
1972 573 2082 658 qui
2116 573 2417 652 fuissent,
2452 575 2525 640 in

356 671 606 742 mim-e
643 668 811 736 civili
867 690 1012 734 esse
1054 667 1390 754 princeps.’
1498 666 1603 732 hic
1634 667 1877 734 Brutus
1940 667 2093 732 ‘ain’
2132 667 2267 734 tuP’
2318 667 2531 752 inquit

443 764 772 832 .‘.etiamne
805 761 893 844 Q.'
921 759 1270 828 Scaevolae
1307 759 1604 827 Servium
1635 771 1923 828 nostrum
1958 760 2357 848 anteponis?
2396 761 2529 827 ‘sic

467 857 635 924 enim
644 855 682 934 ,'
735 855 1023 940 inquam,
1077 854 1335 934 ‘Brute,
1387 853 1711 933 existimo,
1760 853 1917 920 iuris
1963 853 2167 921 civilis
2215 877 2529 942 magnum

465 972 655 1017 usum
688 960 756 1016 et
797 949 968 1036 apud
1001 946 1381 1014 Scaevolam
1424 957 1491 1013 et
1532 948 1703 1035 apud
1751 947 1985 1013 multos
2038 947 2267 1027 fuisse3
2322 959 2530 1014 artem

465 1045 536 1110 in
568 1044 689 1110 hoc
719 1065 880 1109 uno:
932 1042 1106 1127 quod
1135 1063 1483 1126 numquam
1532 1039 1855 1108 effecisset
1885 1040 2089 1128 ipsius
2122 1041 2277 1108 iuris
2318 1043 2528 1109 scien-

468 1138 583 1216 tia,
637 1137 763 1203 nisi
816 1160 959 1203 eam
1007 1147 1338 1224 praeterea
1389 1135 1716 1202 didicisset
1768 1145 1997 1214 artem,
2052 1158 2213 1221 quae
2266 1136 2523 1204 doceret

466 1253 605 1298 rem
635 1230 1000 1296 universam
1033 1229 1308 1296 tribuere
1340 1229 1410 1294 in
1442 1228 1671 1316 partis,
1722 1228 2027 1294 latentem
2060 1227 2377 1316 explicare
2412 1232 2528 1296 de-

467 1322 765 1401 finiendo,
800 1323 1136 1390 obscuram
1169 1322 1511 1410 explanare
1542 1321 2036 1409 interpretando,
2071 1321 2371 1409 ambigua
2393 1323 2529 1410 pri-

467 1439 645 1482 mum
693 1417 939 1494 videre,
1001 1415 1231 1482 deinde
1282 1415 1699 1502 distinguere,
1761 1427 2085 1502 postremo
2136 1415 2373 1482 habere
2422 1440 2524 1483 re-

470 1509 723 1618 gulam,
773 1530 924 1594 qua
951 1531 1106 1574 vera
1153 1519 1220 1574 et
1269 1509 1437 1574 falsa
1485 1509 1911 1574 iudicarentur
1962 1520 2028 1576 et
2078 1530 2241 1594 quae
2294 1511 2527 1594 quibus

362 1629 442 1674 ιω,
468 1601 808 1690 propositis
845 1611 1064 1668 essent
1097 1624 1385 1686 quaeque
1434 1624 1567 1669 non
1610 1613 1829 1668 essent
1862 1603 2333 1688 consequentia.
2418 1604 2523 1669 hie

471 1696 640 1762 enim
673 1696 881 1762 attulit
915 1696 1080 1762 hanc
1123 1706 1323 1761 artem
1364 1695 1647 1762 omnium
1690 1696 1920 1761 artium
1960 1697 2306 1762 maximam
2340 1697 2524 1782 quasi

469 1789 674 1856 lucem
711 1791 795 1854 ad
841 1813 946 1868 ea,
1001 1811 1164 1873 quae
1209 1789 1481 1855 confuse
1528 1791 1610 1855 ab
1645 1789 1784 1855 aliis
1822 1800 1933 1855 aut
1979 1791 2532 1876 respondebantur

367 1897 442 1953 42
475 1895 586 1948 aut
637 1883 1028 1971 agebantur?
1139 1882 1563 1949 ‘dialecticam
1612 1883 1769 1948 mihi
1820 1883 2055 1950 videris
2108 1884 2373 1962 dicere,'
2425 1886 2531 1950 in·-

469 1977 626 2062 quit.
726 1976 956 2042 .‘recte’
1009 1975 1270 2058 inquam
1323 1975 1695 2062 ‘intellegis3
1750 1976 1868 2042 sed
1918 1977 2201 2042 adiunxit
2232 1976 2421 2041 etiam
2456 1989 2528 2042 et

468 2069 818 2143 litterarum
885 2066 1216 2132 scientiam
1274 2077 1339 2132 et
1396 2067 1697 2151 loquendi
1758 2069 2163 2156 elegantiam,
2222 2090 2385 2152 quae
2437 2091 2523 2135 ex

471 2161 722 2246 seriptis
767 2160 935 2238 eius,
990 2182 1259 2244 quorum
1311 2159 1541 2226 similia
1590 2161 1766 2228 nulla
1817 2173 1989 2240 sunt,
2040 2161 2333 2227 facillime
2374 2185 2531 2249 per-

359 2280 440 2325 ιω
475 2252 632 2340 spici
680 2263 892 2340 potest
899 2277 920 2331 3
981 2273 1252 2335 cumque
1305 2253 1593 2320 discendi
1652 2278 1847 2323 causa
1908 2256 2155 2345 duobus
2214 2255 2525 2344 peritissi-

469 2346 592 2411 mis
635 2363 895 2432 operam
945 2346 1252 2425 dedisset,
1303 2348 1388 2413 L.
1448 2348 1702 2416 Lucilio
1750 2350 1960 2417 Balbo
2014 2361 2078 2417 et
2130 2348 2210 2417 C.
2260 2350 2531 2435 Aquilio

474 2439 692 2519 Galle,
759 2440 933 2508 Galli
991 2440 1266 2507 hominis
1331 2442 1502 2509 acuti
1552 2456 1618 2509 et
1670 2444 1993 2510 exercitati
2051 2456 2409 2532 promptam
2458 2458 2527 2511 et

469 2546 757 2622 paratam
787 2536 857 2601 in
891 2536 1144 2622 agendo
1189 2548 1255 2601 et
1285 2536 1356 2603 in
1393 2538 1847 2625 respondendo
1898 2538 2286 2606 celeritatem
2325 2540 2529 2606 subti-
2561 2562 2569 2568 ·

469 2630 644 2695 litate
679 2629 1135 2716 diligentiaque
1191 2632 1517 2718 superavit
1524 2658 1544 2710 3
1594 2632 1789 2697 Balbi
1832 2633 1999 2699 docti
2044 2646 2111 2701 et
2151 2633 2377 2700 eruditi
2410 2633 2529 2699 h'o-

468 2722 657 2789 minis
707 2724 776 2788 in
823 2735 1094 2808 utraque
1145 2746 1216 2791 re
1249 2723 1733 2791 -oonsideratam
1792 2725 2155 2793 tarditatem
2213 2727 2367 2793 vicit
2414 2750 2533 2793 ex-

468 2817 798 2902 pediendis
868 2818 1402 2903 conficiendisque
1468 2821 1692 2899 rebus3
1766 2820 1861 2886 sic
1922 2831 1987 2886 et
2056 2821 2276 2900 habet,
2355 2822 2526 2907 quod

474 2919 736 2993 uterque
777 2933 996 2978 eorum
1040 2911 1290 2990 habuit,
1343 2922 1411 2977 et
1452 2913 1761 2999 explevit,
1813 2913 1984 2998 quod
2016 2916 2267 2998 utrique
2302 2915 2528 2981 defuit.

360 3028 438 3071 155
471 3002 713 3086 itaque,
765 3014 840 3069 ut
875 3003 1152 3071 Cras-sus
1195 3004 1360 3069 mihi
1387 3005 1637 3071 videtur
1677 3005 2024 3092 sapientius
2067 3006 2299 3071 fecisse
2332 3029 2531 3090 quam

473 3092 826 3163 Scaevola
820 3133 910 3147 —
942 3097 1047 3163 hio
1079 3097 1250 3163 enim
1285 3118 1513 3163 causas
1550 3097 1833 3163 studiose
1867 3096 2239 3181 recipiebat,
2282 3097 2351 3161 in
2385 3097 2530 3181 qui-

468 3190 592 3256 bus
644 3214 684 3255 a
736 3188 980 3257 Crasso
1029 3192 1473 3277 superabatur,
1523 3190 1629 3255 ille
1684 3212 1755 3255 se
1807 3188 2053 3255 consuli
2100 3189 2387 3267 nolebat,
2440 3214 2531 3256 ne»

339 3366 344 3369 ᾖ
471 3304 600 3368 qua
635 3283 704 3349 in
754 3307 825 3350 re
873 3284 1134 3350 inferior
1183 3294 1356 3349 esset
1380 3288 1599 3366 'quam
1642 3280 1957 3350 Scaevola
1986 3318 2077 3333 --
2118 3282 2211 3349 sie
2254 3279 2529 3349 Servius

468 3375 963 3464 sapientissime,
1019 3398 1166 3441 cum
1199 3375 1364 3441 duae
1409 3375 1626 3442 civiles
1672 3386 1841 3443 artes
1879 3399 1955 3443 ac
1997 3377 2287 3443 forenses
2327 3376 2526 3463 pluri-

467 3493 646 3537 mum
697 3480 763 3535 et
811 3469 1018 3535 laudis
1070 3469 1378 3536 haberent
1428 3480 1495 3535 et
1538 3469 1808 3558 gratiae,
1858 3470 2155 3559 perfecit,
2202 3481 2279 3536 ut
2328 3470 2526 3535 altera

467 3574 822 3650 praestaret
853 3562 1146 3629 omnibus
1159 3612 1177 3642 ,
1231 3586 1314 3629 ex
1359 3564 1558 3631 altera
1598 3574 1846 3647 tantum
1880 3566 2271 3643 adsumeret,
2326 3585 2531 3648 quan-

469 3667 607 3723 tum
657 3667 830 3725 esset
853 3717 856 3724 .
879 3668 945 3723 et
996 3658 1083 3724 ad
1133 3659 1439 3724 tuendum
1488 3658 1589 3725 ius
1642 3659 1826 3725 civile
1877 3669 1943 3726 et
1984 3660 2068 3725 ad
2118 3657 2529 3724 obtinendam.

354 3778 440 3819 :156
471 3749 869 3817 consularem
911 3751 1286 3839 dignitatem
1329 3752 1525 3818 satis?
1613 3762 1750 3818 tum
1780 3754 2022 3819 Brutus
2076 3752 2193 3816 ‘ita
2233 3749 2522 3837 prorsus’

470 3843 674 3927 inquit
727 3850 820 3917 ‘et
853 3856 1040 3911 antea
1087 3846 1421 3933 putabamz
1474 3845 1687 3911 audivi
1730 3846 1899 3913 enim
1946 3866 2152 3932 nuper
2200 3866 2348 3909 eum
2392 3855 2529 3909 stu-

472 3940 652 4003 diose
689 3949 754 4003 et
785 3941 1151 4025 frequenter
1185 3939 1394 4020 Sami,
1450 3962 1593 4005 cum
1628 3964 1707 4006 ex
1744 3963 1819 4005 eo
1852 3940 1953 4005 ius
1994 3949 2285 4005 nostrum
2316 3938 2531 4025 ponti-

467 4029 712 4107 ficium,
767 4052 896 4114 qua
941 4056 1020 4098 ex
1069 4046 1249 4121 parte
1294 4057 1438 4099 cum
1482 4034 1617 4099 iure
1664 4031 1831 4098 civili
1876 4032 2279 4098 coniunctum
2333 4042 2533 4111 esset,
