2784 4575
764 270 869 325 DE
906 268 1272 325 ORATORE
1308 270 1385 324 11.
1423 270 1736 325 200-206.
2181 260 2306 325 105

244 394 648 483 principium,
684 393 750 458 di
782 393 1191 472 immortales,
1230 392 1377 459 fuitI
1417 392 1526 477 qui
1551 392 1764 458 timor!
1801 414 1965 477 quae
2003 394 2310 463 dubitatio

256 501 525 577 [quanta
563 487 925 575 haesitatio]
964 498 1327 573 tractusque
1378 488 1744 553 verborum!
1796 498 1869 553 ut
1919 488 2078 553 illud
2109 490 2308 569 initio,

253 585 427 669 quod
460 583 574 649 tibi
598 606 797 649 unum
824 583 907 647 ad
931 582 1393 669 ignoscendum
1421 581 1708 648 homines
1737 581 1992 661 dabant,
2030 582 2307 662 tenuisti,

250 690 315 745 te
350 700 466 764 pro
500 678 755 743 homine
780 676 1276 763 pernecessario,
1314 686 1650 760 quaestore
1676 685 1806 753 tuo,
1843 675 2081 743 dicere!
2119 697 2310 760 quam

249 772 366 839 tibi
398 771 671 859 primum
704 772 965 837 munisti
998 772 1083 837 ad
1114 782 1179 837 te
1214 770 1599 836 audiendum
1633 769 1822 835 viam.
1893 791 2042 835 ecce
2077 786 2306 850 autem,
2342 803 2423 843 203

252 888 399 933 cum
434 878 499 933 te
533 866 692 931 nihil
726 866 901 931 alind
942 866 1293 954 profecisse
1338 866 1703 944 arbitrarer,
1756 864 1881 931 nisi
1914 876 1987 930 ut
2019 864 2307 932 homines

254 961 368 1027 tibi
418 960 627 1027 civem
684 960 1045 1049 improbum
1106 959 1474 1027 defendenti
1533 960 1994 1046 ignoscendum
2052 972 2310 1047 propter

252 1055 788 1122 necessitudinem
848 1056 1329 1133 arbitrarentur,
1402 1077 1656 1141 serpere
1717 1055 1962 1120 occulte
2025 1056 2308 1141 coepisti,

248 1149 408 1215 nihil
444 1150 597 1215 dum
632 1150 771 1215 aliis
802 1150 1289 1237 suspicantibus,
1324 1172 1430 1215 me
1466 1171 1615 1214 vero
1649 1148 1780 1213 iam
1803 1148 2308 1235 pertimescente,

250 1254 323 1309 ut
353 1244 529 1310 illam
562 1268 693 1311 non
724 1244 1009 1311 Norbani
1046 1244 1440 1321 seditionem,
1478 1243 1594 1309 sed
1625 1243 1844 1329 populi
1877 1242 2154 1309 Romani
2185 1244 2312 1309 ira-

251 1339 547 1403 cundiam
585 1360 797 1423 'neque
842 1362 983 1405 eam
1034 1338 1361 1416 iniustam,
1419 1335 1536 1402 sed
1577 1338 1869 1403 meritam
1914 1359 1988 1401 ac
2030 1338 2308 1403 debitam

248 1432 451 1498 fuisse
505 1432 901 1499 defenderes.
990 1432 1218 1497 deinde
1271 1431 1381 1515 qui
1433 1430 1608 1496 locus
1647 1454 1684 1496 a
1719 1442 1782 1495 te
1822 1433 2308 1517 praetermissus

252 1537 352 1591 est
382 1526 451 1590 in
487 1523 915 1614 Caepionem?
948 1537 1022 1591 ut
1056 1536 1127 1590 tu
1157 1526 1269 1591 illa
1300 1525 1516 1591 omnia
1549 1525 1725 1604 odio,
1759 1524 2026 1603 invidia,
2062 1526 2309 1593 miseri-

252 1621 469 1688 cordia
509 1621 852 1687 miscuisti!
906 1644 1114 1706 neque
1157 1621 1317 1687 haec
1370 1620 1580 1686 solum
1629 1619 1698 1683 in
1739 1620 2135 1699 defensione,
2191 1621 2308 1686 sed

250 1715 445 1781 etiam
476 1715 545 1779 in
580 1712 825 1781 Scauro
870 1715 1223 1801 ceterisque
1265 1714 1426 1780 meis
1470 1714 1767 1792 testibus,
1821 1735 2090 1799 quorum
2132 1715 2308 1781 testi-

250 1809 466 1875 monia
525 1832 655 1877 non
712 1809 1091 1887 refellendO,
1166 1809 1281 1875 sed
1343 1810 1426 1873 ad
1489 1809 1762 1874 eundem
1827 1809 2134 1895 impetum
2191 1832 2308 1895 po-

246 1903 383 1991 puli
417 1904 843 1990 confixgiendo
878 1904 1199 1982 refutasti3
1254 1925 1420 1987 quae
1456 1924 1601 1967 cum
1645 1904 1760 1969 abs
1806 1913 1869 1968 te
1909 1903 2100 1968 modo
2137 1924 2308 1967 com·
2341 1930 2422 1971 204

248 2010 778 2079 memorarentur,
850 2000 1143 2085 equidem
1201 2000 1379 2064 nulla
1436 2009 1780 2086 praecepta
1836 1997 2304 2075 desiderabam3

246 2093 457 2179 ipsam
510 2104 725 2159 tamen
774 2093 965 2161 istam
1018 2094 1620 2160 demonstrationem
1675 2092 2116 2160 defensionum
2167 2103 2307 2157 tua-

246 2210 389 2253 rum
446 2183 591 2273 [abs
639 2199 704 2254 te
746 2188 889 2275 ipso
946 2186 1532 2275 commemoratam]
1591 2186 1941 2253 doctrinam
1991 2208 2136 2253 esse
2177 2209 2308 2252 non

247 2280 630 2348 mediocrem
662 2283 857 2370 puto-⁹

371 2375 621 2457 ‘Atqui,
660 2375 717 2439 si
740 2376 829 2441 ita
854 2377 1103 2463 placet,'
1130 2377 1337 2461 inquit
1361 2376 1686 2442 Antonius
1717 2375 2066 2440 ‘trademus
2095 2374 2306 2453 etiam,

250 2490 413 2554 quae
466 2490 584 2534 nos
649 2469 831 2553 sequi
881 2471 949 2534 in
1002 2472 1271 2536 dicendo
1328 2491 1618 2555 quaeque
1681 2469 1956 2534 maxime
2021 2479 2306 2554 spectare

249 2561 529 2629 solemus
539 2587 557 2641 3
616 2562 831 2628 docuit
865 2565 1033 2630 enim
1066 2564 1195 2629 iam
1230 2587 1349 2630 nos
1384 2565 1579 2649 longa
1611 2564 1747 2628 vita
1779 2585 2062 2646 ususque
2095 2584 2308 2627 rerum

248 2655 695 2734 maximarum,
747 2666 821 2720 ut
855 2657 1085 2741 quibus
1118 2658 1312 2722 rebus
1369 2657 1563 2721 animi
1605 2655 1934 2726 hominum
1975 2677 2307 2722 moveren-

245 2761 352 2815 tur
404 2761 785 2815 teneremus.
892 2760 957 2815 et
1005 2750 1281 2836 primum
1334 2751 1592 2834 quidem
1659 2750 2057 2816 considerare
2111 2748 2304 2826 sole0,
2341 2743 2406 2798 51

247 2841 607 2932 postuletne
642 2865 865 2924 causa3
901 2867 1052 2910 nam
1084 2866 1293 2928 neque
1326 2845 1544 2933 parvis
1579 2843 1648 2908 in
1679 2843 1872 2910 rebus
1911 2843 2305 2910 adhibendae
2341 2815 2426 2856 ²⁰⁵

248 2953 397 3004 sunt
430 2938 553 3004 hae
587 2939 838 3005 dicendi
872 2939 1048 3004 faces
1081 2961 1289 3024 neque
1322 2939 1415 3004 ita
1459 2938 1750 3004 animatis
1795 2937 2182 3015 hominibus,
2235 2947 2308 3000 ut

244 3032 403 3097 nihil
440 3033 523 3098 ad
556 3053 777 3099 eorum
810 3034 1043 3099 mentis
1094 3034 1377 3100 oratione
1421 3033 1768 3098 flectendas
1819 3031 2125 3119 proficere
2157 3052 2308 3116 pos-

249 3127 477 3206 simus,
530 3150 611 3192 ne
648 3139 759 3193 aut
800 3128 1101 3194 inrisione
1144 3139 1257 3193 aut
1298 3127 1446 3194 odio
1493 3127 1670 3214 digni
1719 3137 2041 3214 putemur,
2099 3125 2154 3190 si
2197 3134 2307 3190 aut

246 3223 617 3308 tragoedias
644 3243 912 3310 agamus
944 3222 1013 3287 in
1044 3223 1235 3310 nugis
1272 3233 1383 3287 aut
1417 3222 1770 3290 convellere
1817 3221 2174 3287 adoriamur
2207 3233 2304 3296 e'a,

248 3335 411 3398 quae
452 3337 583 3380 non
625 3318 877 3402 possint
926 3318 1331 3384 commoveri.
1421 3339 1572 3382 nam
1624 3315 1922 3400 quoniam
1966 3314 2128 3379 haec
2171 3314 2304 3379 fere
2339 3336 2426 3380 206³

246 3407 522 3472 maxime
558 3421 707 3473 sunt
738 3409 807 3474 in
838 3410 1119 3476 iudicum
1148 3411 1373 3476 animis
1411 3421 1539 3488 aut,
1578 3409 1958 3494 quicumque
1983 3409 2076 3474 illi
2101 3418 2303 3485 erunt,

248 3501 419 3588 apud
454 3521 615 3585 quos
652 3525 947 3588 agemus,
980 3505 1265 3570 oratione
1298 3505 1639 3582 molienda,
1677 3526 1872 3582 amor,
1911 3503 2144 3580 odium,
2179 3501 2306 3566 ira-

246 3597 505 3676 cundia,
548 3595 814 3676 invidia,
858 3599 1323 3678 misericordia,
1370 3621 1548 3686 spes,
1594 3598 1861 3682 laetitia,
1907 3598 2122 3675 timor,
2165 3619 2306 3662 mo-

244 3691 457 3759 lestia:
514 3691 821 3756 sentimus
856 3713 1138 3758 amorem
1187 3693 1540 3771 conciliari,
1597 3692 1654 3757 si
1686 3692 1754 3757 id
1795 3692 2079 3769 videare,
2133 3689 2307 3774 quod

248 3785 332 3850 sit
364 3787 517 3852 utile
568 3785 755 3872 ipsis,
812 3787 984 3874 apud
1038 3809 1199 3872 quos
1231 3809 1474 3896 Magus,
1493 3741 1864 3864 defendere,
1922 3795 2032 3851 aut
2081 3783 2138 3849 si
2187 3805 2305 3869 pro

244 3880 433 3946 bonis
468 3881 621 3946 viris
665 3891 795 3948 aut·
826 3893 997 3948 certe
1028 3904 1145 3968 pro
1192 3881 1314 3960 eis,
1368 3880 1479 3966 qui
1519 3881 1646 3945 illis
1680 3879 1832 3945 boni
1881 3889 2074 3963 atque
2115 3877 2305 3942 utiles

248 3973 403 4053 sint,
439 3974 755 4054 laborare,
790 3997 1065 4060 namque
1100 3975 1260 4040 haec
1290 3997 1398 4040 res
1433 3995 1716 4040 amorem
1748 3973 1952 4059 magis
1991 3971 2302 4050 conciliat,

240 4067 357 4134 illa
391 4068 639 4135 virtutis
676 4068 963 4137 defensio
1008 4069 1359 4148 caritatem3
1413 4069 1682 4156 plusque
1726 4066 2000 4154 proficit,
2057 4067 2111 4132 si
2156 4088 2305 4153 pro-
