2784 4575
1007 198 1325 260 ORATOR.
1359 201 1568 258 6-15,
2191 195 2319 263 279

267 323 550 412 effigiem
593 322 848 390 auribus
895 323 1275 408 quaerimus.
1363 324 1481 390 has
1524 347 1739 391 rerum
1771 326 2009 394 formas
2047 331 2323 416 appellat
2350 361 2401 404 ιο

263 417 452 498 ἰδέας
483 418 590 484 ille
623 439 754 484 non
781 416 1196 505 intellegendi
1229 417 1463 496 solum,
1509 419 1627 485 sed
1660 419 1852 485 etiam
1885 419 2153 494 dicendi,
2178 445 2325 509 grae-

264 512 566 578 vissimus
623 521 841 579 auctor
891 522 958 578 et
1005 510 1310 600 magister
1351 509 1570 592 Plato,
1626 534 1859 598 easque
1910 513 2091 602 gigni
2132 529 2327 604 negat

266 618 334 672 et
369 605 456 672 ait
503 628 753 694 semper
806 627 950 672 esse
993 626 1070 671 ac
1111 603 1356 671 ratione
1402 615 1467 670 et
1505 603 1939 692 intellegentia
1988 607 2295 674 contineri
2304 635 2323 688 3

268 710 479 768 cetera
505 700 703 780 nasci,
739 699 1046 778 occidere,
1083 700 1298 778 fluere,
1335 698 1485 778 labi,
1520 720 1642 768 nec
1668 700 1902 766 diutius
1930 721 2076 768 esse
2100 722 2228 768 uno
2264 714 2328 768 et

264 793 496 866 eodem
530 804 720 862 statu.
809 793 1110 879 quicquid
1145 804 1245 865 est
1275 792 1499 880 igitur,
1545 793 1627 860 de
1668 815 1797 879 quo
1837 793 2081 861 ratione
2124 806 2191 862 et
2222 795 2329 862 via

265 889 651 976 disputem,
705 888 774 952 id
818 897 919 953 est
961 887 1044 952 ad
1085 887 1374 954 ultimam
1420 886 1521 953 sui
1563 887 1815 974 generis
1868 887 2139 956 formam
2182 912 2327 976 spe-
2387 923 2393 929 ·

265 981 553 1066 ciemque
596 979 1035 1068 redigendum.
1123 1001 1202 1045 ac
1235 980 1424 1047 video
1459 979 1625 1046 hanc
1667 980 1940 1068 primam
1978 981 2325 1068 ingressio-
2350 1013 2404 1052 11

200 1086 202 1088 ’
263 1097 416 1140 nem
450 1096 661 1143 meam
693 1097 823 1140 non
859 1095 940 1140 ex
975 1073 1264 1140 oratoriis
1301 1074 1837 1162 disputationibus
1884 1074 2165 1154 ductam,
2212 1076 2329 1142 sed

268 1191 306 1234 e
349 1167 564 1234 media
615 1166 1020 1254 philosophia
1068 1167 1405 1254 repetitam
1446 1179 1514 1234 et
1552 1191 1629 1234 ea
1673 1167 1929 1252 quidem
1980 1189 2127 1233 cum
2168 1169 2328 1234 anti-

263 1283 394 1346 qua
427 1271 564 1326 tum
599 1260 994 1328 subobscura
1036 1271 1146 1326 aut
1185 1260 1695 1347 reprehensionis
1744 1261 1982 1346 aliquid
2014 1273 2125 1328 aut
2158 1273 2326 1328 certe

265 1354 698 1421 admirationis
734 1354 1120 1421 habituram:
1179 1377 1330 1420 nam
1371 1365 1480 1420 aut
1515 1355 1913 1421 mirabuntur
1964 1355 2117 1440 quid
2160 1355 2331 1422 haec

261 1449 621 1536 pertineant
657 1448 740 1514 ad
774 1469 879 1528 ea,
916 1470 1078 1534 quae
1115 1449 1506 1532 quaerimus3
1544 1449 1771 1532 quibus
1808 1449 1963 1515 satis
1998 1448 2191 1515 faciet
2220 1471 2325 1516 res

261 1543 409 1629 ipsa
459 1542 743 1628 cognita,
796 1552 870 1606 ιιι
917 1565 1049 1608 ιιοιι
1094 1543 1230 1607 sine
1285 1563 1481 1607 causa
1524 1541 1648 1608 alte
1699 1543 1967 1629 repetita
2017 1539 2323 1622 videatur,

263 1647 376 1701 aut
407 1635 897 1722 reprehendent,
951 1634 1124 1719 quod
1155 1634 1491 1700 inusitatas
1528 1635 1665 1701 vias
1700 1635 2108 1722 indagemus,
2144 1635 2323 1700 tritas

263 1729 718 1814 relinquamus.
807 1748 930 1815 ego
985 1739 1198 1794 autem
1241 1739 1306 1794 et
1356 1749 1461 1794 me
1514 1751 1707 1815 saepe
1757 1750 1928 1794 nova
1976 1728 2181 1794 videri
2230 1727 2325 1792 di-
2352 1758 2403 1798 ιι

267 1843 410 1888 cere
443 1822 775 1909 intellego,
813 1843 960 1887 cum
992 1832 1326 1908 pervetera
1361 1821 1596 1900 dicam,
1636 1822 1751 1887 sed
1784 1821 2069 1887 inaudita
2102 1820 2327 1907 pleris-
2414 1901 2417 1904 .

268 1936 422 2001 que,
485 1927 549 1982 et
599 1917 804 1982 fateor
855 1937 958 1981 me
1021 1927 1363 1994 oratorem,
1430 1916 1487 1982 si
1543 1916 1736 1981 modo
1792 1916 1911 1986 sim
1966 1925 2075 1980 aut
2135 1913 2325 1979 etiam

262 2010 644 2096 quicumque
682 2011 802 2076 sim
816 2058 836 2088 ,
889 2031 1020 2076 non
1055 2033 1136 2076 ex
1169 2011 1496 2078 rhetorum
1530 2009 1832 2089 officinis,
1888 2008 2003 2076 sed
2036 2031 2119 2074 ex
2150 2008 2326 2074 Aca-

265 2103 508 2170 demiae
549 2104 769 2190 spatiis
807 2103 1156 2183 exstitisse3
1207 2105 1320 2170 illa
1363 2104 1535 2170 enim
1570 2113 1721 2169 sunt
1762 2102 2073 2170 curricula
2112 2101 2326 2167 multi-

261 2197 521 2282 plicium
557 2199 1000 2283 variorumque
1049 2221 1443 2278 sermonum,
1496 2199 1563 2264 in
1608 2199 1838 2283 quibus
1870 2197 2161 2264 Platonis
2195 2197 2325 2283 pri-

262 2312 440 2354 mum
494 2302 641 2355 sunt
693 2292 1007 2377 impressa
1055 2293 1356 2379 vestigia3
1417 2290 1540 2369 'sed
1590 2304 1657 2359 et
1704 2293 1891 2359 huius
1942 2302 2009 2358 et
2060 2292 2323 2358 aliorum

262 2382 785 2469 philosophorum
821 2385 1355 2477 disputationibus
1393 2396 1461 2451 et
1494 2387 1851 2473 exagitatus
1878 2386 2153 2451 maxime
2181 2407 2324 2450 ora-

264 2488 362 2543 tor
414 2488 514 2545 est
563 2489 628 2543 et
681 2479 962 2545 adiutus:
1017 2479 1221 2545 omnis
1277 2480 1448 2545 enim
1498 2480 1755 2546 ubertas
1812 2490 1876 2545 et
1928 2479 2109 2563 quasi
2162 2476 2325 2541 silva

266 2572 518 2637 dicendi
553 2572 744 2637 ducta
805 2573 886 2637 ab
929 2571 1053 2637 illis
1102 2582 1201 2638 est
1249 2592 1370 2637 nec
1424 2572 1579 2637 satis
1632 2584 1846 2638 tamen
1894 2572 2207 2663 instructa
2242 2569 2325 2633 ad
2367 2654 2369 2657 y

263 2666 536 2733 forensis
565 2687 791 2732 causas
801 2690 822 2745 ;
861 2687 1042 2749 quas,
1069 2675 1144 2730 ut
1165 2664 1258 2730 illi
1284 2665 1411 2752 ipsi
1438 2665 1647 2731 dicere
1678 2666 1985 2742 solebant,
2016 2662 2324 2751 agrestio-

263 2760 440 2826 ribus
489 2760 704 2828 Musis
757 2760 1164 2848 reliquerunt.
1273 2761 1366 2826 sic
1420 2760 1781 2844 eloquentia
1839 2760 2004 2827 haec·
2050 2756 2321 2823 forensis
2351 2782 2399 2821 ιε

267 2864 481 2942 spreta
543 2880 582 2921 a
639 2854 1040 2942 philosophis
1105 2865 1169 2921 et
1231 2856 1566 2941 repudiata
1625 2853 1840 2919 multis
1902 2852 2158 2937 quidem
2215 2850 2325 2914 illa

263 2950 640 3037 magnisque
696 2950 1072 3021 adiumentis
1127 2950 1356 3028 caruit,
1412 2949 1529 3015 sed
1570 2958 1784 3014 tamen
1836 2956 2057 3011 ornata
2109 2942 2319 3009 verbis

266 3054 453 3130 atque
491 3045 818 3111 sententiis
855 3043 1260 3111 iactationem
1310 3042 1533 3109 habuit
1564 3043 1633 3107 in
1666 3039 1901 3128 populo
1934 3059 2055 3104 nec
2089 3055 2325 3124 pauco-

261 3158 406 3203 rum
440 3138 743 3204 iudicium
772 3138 1459 3225 reprehensionemque
1493 3133 1842 3222 pertimuit:
1894 3132 1987 3199 ita
2020 3143 2083 3197 et
2118 3129 2321 3196 doctis

266 3231 626 3315 eloquentia
665 3232 988 3319 popularis
1035 3242 1105 3298 et
1142 3230 1394 3297 disertis
1452 3228 1711 3316 elegans
1768 3225 2055 3293 doctrina
2096 3224 2319 3313 defuit.

264 3324 542 3408 positum
579 3324 662 3390 sit
694 3325 888 3411 igitur
919 3326 987 3390 in
1020 3325 1268 3412 primis,
1323 3322 1496 3406 quod
1538 3332 1686 3408 post
1734 3320 1941 3407 magis
1993 3317 2321 3403 intellege-
2348 3312 2401 3423 ᾗ
2473 3406 2478 3411 -

265 3429 394 3495 tur,
443 3417 579 3484 sine
613 3417 1019 3505 philosophia
1061 3443 1189 3485 non
1223 3438 1417 3503 posse
1454 3416 1651 3494 effici,
1705 3437 1896 3501 quem
1938 3412 2329 3499 quaerimus‚'

271 3507 726 3599 [eloquentem]
763 3534 895 3578 non
927 3522 997 3576 ut
1037 3512 1106 3577 in
1139 3534 1218 3577 ea
1251 3521 1467 3577 tamen
1510 3510 1721 3577 omnia
1766 3509 1920 3587 sint,
1974 3506 2091 3573 sed
2122 3515 2196 3583 ut
2230 3505 2323 3571 sic

268 3603 523 3671 adiuvet
571 3614 645 3670 ut
695 3604 1014 3690 palaestra
1064 3604 1439 3672 histrionem
1472 3640 1561 3654 —-
1600 3626 1801 3691 parva
1850 3601 2021 3667 enim
2069 3598 2321 3685 magnis

269 3720 459 3785 saepe
503 3698 856 3766 rectissime
901 3698 1309 3765 conferuntur
1341 3724 1458 3763 -ε
1510 3720 1659 3762 nam
1702 3714 1821 3761 nec
1872 3694 2061 3761 latius
2114 3714 2321 3776 neque

267 3793 584 3879 copiosius
641 3793 722 3859 de
781 3792 1033 3879 magnis
1095 3792 1415 3877 'variisque
1465 3792 1655 3858 rebus
1719 3790 1857 3856 sine
1915 3786 2323 3876 philosophia

266 3895 476 3972 potest
500 3887 836 3973 quisquam
873 3886 1082 3953 dicere
1091 3911 1111 3965 3
1151 3886 1206 3952 si
1234 3886 1493 3970 quidem
1527 3885 1717 3949 etiam
1748 3883 1815 3947 in
1842 3881 2141 3949 Phaedro
2166 3880 2320 3945 Pla-
2346 3907 2399 3949 ιδ

267 3979 442 4045 tonis‘
483 3980 606 4047 hoc
656 3981 972 4050 Periclem
1033 3980 1429 4070 praestitisse
1484 3980 1707 4055 ceteris
1748 3977 1911 4051 *dicit
1964 3974 2318 4043 oratoribus
