2784 4575
965 245 1254 301 TOPIOA
1285 245 1532 303 55-62.
2125 235 2256 303 387

180 395 313 436 sua
345 369 438 448 id,
492 370 663 454 quod
717 370 839 434 sub
888 391 1033 434 eam
1066 367 1197 432 vim
1248 367 1604 435 subiectum
1647 379 1774 449 est,
1831 379 2000 435 certe
2035 371 2248 452 efficit,

186 476 263 529 ut
300 464 495 550 ‘ignis
533 462 877 542 accendit3'
916 461 1204 540 alterum,
1242 463 1413 546 quod
1445 472 1737 528 naturam
1771 463 2088 529 efficiendi
2122 486 2251 530 non

186 557 416 635 habet,
482 557 599 623 sed
652 557 789 622 sine
840 577 966 640 quo
1020 555 1189 622 effici
1239 578 1371 621 non
1423 555 1654 643 possit,
1713 565 1788 621 ut
1837 557 1896 622 si
1947 556 2088 640 quis
2142 578 2253 623 aes

184 671 455 716 causam
508 661 756 715 statuae
808 649 963 714 velit
1021 648 1261 726 dicere,
1327 648 1499 734 quod
1549 649 1686 714 sine
1739 671 1818 716 eo
1867 671 1997 716 non
2047 650 2254 736 possit

182 743 384 808 effici.
472 743 659 808 huius
713 742 965 829 generis
1018 763 1383 821 causarum,
1439 742 1576 807 sine
1621 764 1746 827 quo
1789 765 1919 809 non
1962 742 2250 821 efficitur,
2295 773 2348 816 59
2463 823 2474 836 ·

185 838 323 902 alia
357 849 506 903 sunt
539 838 814 922 quieta,
809 837 984 903 nihil
1018 837 1299 923 agentia,
1354 836 1586 902 stolida
1619 837 1896 921 quodam
1927 837 2147 915 modu,
2183 848 2256 904 ut

184 931 385 997 locus
379 978 404 1010 ,
442 941 721 1018 tempus,
757 928 1050 1008 materia,
1087 931 1499 1009 ferramenta,
1553 940 1766 996 cetera
1797 930 2050 1024 generis
2087 931 2256 996 eius-

184 1025 371 1102 dem3
434 1023 560 1088 alia
610 1034 823 1089 autem
880 1023 1398 1110 praecursionem
1449 1024 1769 1108 quandam
1819 1017 2124 1090 adhibent
2173 1023 2257 1089 ad

186 1117 600 1182 efficiendum
634 1127 700 1183 et
748 1119 1065 1202 quaedam
1099 1117 1394 1183 adferunt
1424 1139 1541 1204 per
1575 1140 1646 1185 se
1683 1117 2076 1196 adiuvantia,
2135 1117 2258 1183 etsi

186 1233 324 1276 non
376 1209 767 1289 necessaria,
820 1221 893 1276 ut
944 1210 1207 1276 ‘amori
1226 1211 1594 1297 congressio
1647 1231 1908 1277 causam
1941 1210 2254 1290 attulerat,

191 1327 373 1372 amor
422 1304 706 1392 flagitio.’
794 1328 877 1370 ex
920 1304 1043 1370 hoc
1094 1325 1329 1392 genere
1382 1325 1718 1370 causarum
1771 1325 1853 1370 ex
1887 1303 2253 1371 aeternitate

189 1399 607 1486 pendentium
658 1399 863 1465 fatum
917 1421 957 1462 a
1010 1395 1245 1464 Stoicis
1296 1398 1585 1464 nectitur.
1676 1399 1864 1483 atque
1914 1409 1989 1464 ut
2037 1421 2256 1464 earum

189 1511 560 1570 causarum,
616 1491 753 1558 sine
804 1491 1039 1576 quibus
1082 1490 1253 1557 effici
1300 1515 1434 1558 non
1482 1502 1722 1578 potest,
1775 1514 2012 1580 genera
2043 1492 2252 1569 divisi,

192 1585 291 1649 sic
342 1585 535 1650 etiam
586 1585 997 1651 efficientium
1048 1585 1249 1650 dividi
1310 1597 1609 1673 possunt3
1672 1597 1824 1652 sunt
1873 1586 2043 1650 enim
2093 1585 2255 1650 aliae

188 1699 457 1756 causae,
510 1701 675 1762 quae
726 1679 915 1766 plane
968 1678 1250 1744 efficiant
1300 1678 1478 1744 nulla
1525 1701 1596 1744 re
1650 1679 2016 1755 adiuvante,
2072 1677 2256 1756 aliae,

186 1793 358 1856 quae
412 1773 697 1838 adiuvari
747 1772 974 1851 velint,
1024 1783 1100 1837 ut
1142 1772 1486 1859 ‘sapientia
1529 1772 1730 1838 efficit
1770 1765 2072 1860 sapientis
2119 1771 2258 1836 sola

190 1887 308 1953 per
362 1889 461 1930 se.
513 1865 735 1933 beatos
789 1866 1028 1932 efficiat
1076 1887 1277 1932 necne
1314 1866 1456 1932 sola
1494 1889 1611 1954 per
1655 1843 2048 1952 se⁸quaestio
2101 1865 2252 1942 est,'

190 1981 323 2043 qua
354 1981 425 2026 re
461 1981 608 2025 cum
638 1960 707 2026 in
741 1960 1234 2047 disputationem
1266 1958 1559 2026 inciderit
1593 1981 1790 2026 causa
1823 1959 2105 2026 efficiens
2143 1958 2257 2023 ali·
2301 1991 2353 2031 ω

188 2053 350 2136 quid
400 2053 793 2132 necessario,
850 2055 987 2120 sine
1042 2053 1434 2121 dubitatione
1477 2053 1717 2133 licebit,
1771 2053 1944 2139 quod
1985 2052 2256 2119 efficitur

193 2145 277 2210 ab
314 2169 391 2212 ea
425 2168 647 2226 causa,
686 2147 1091 2228 concludere3
1144 2170 1294 2213 cum
1328 2157 1541 2213 autem
1576 2148 1696 2214 erit
1729 2148 1874 2214 talis
1909 2169 2131 2225 causa,
2183 2156 2256 2211 ιιι
2291 2167 2362 2222 16

192 2240 263 2307 in
297 2262 374 2306 ea
407 2262 561 2307 non·
583 2241 667 2307 sit
718 2240 1036 2308 efficiendi
1088 2242 1468 2322 necessitas,
1521 2243 1886 2311 necessaria
1933 2239 2256 2311 conclusio

192 2356 324 2401 non
360 2334 662 2419 sequitur.
742 2347 932 2421 atque
966 2337 1126 2400 illud
1160 2337 1418 2421 quidem
1451 2360 1656 2425 genus
1693 2360 2045 2415 causarum,
2083 2336 2256 2420 quod

192 2428 389 2493 habet
439 2428 569 2497 vim
623 2428 942 2494 efficiendi
992 2430 1447 2508 necessariam,
1505 2454 1779 2496 errorem
1833 2431 2082 2496 adferre
2125 2451 2256 2493 non

194 2521 329 2588 fere
366 2521 529 2587 solet
536 2547 557 2601 3
595 2522 718 2589 hoc
750 2533 993 2601 autem,
1033 2524 1171 2589 sine
1207 2544 1335 2608 quo
1368 2545 1500 2589 non
1535 2524 1837 2601 efficitur,
1875 2544 2068 2609 saepe
2103 2543 2255 2587 con-

193 2617 433 2694 turbat3
486 2637 618 2683 non
670 2616 867 2696 enim,
924 2618 979 2682 si
1026 2618 1163 2684 sine
1213 2619 1583 2705 parentibus
1619 2618 1734 2683 fflii
1767 2639 1910 2683 esse
1945 2639 2075 2684 non
2107 2638 2258 2703 pos-

192 2720 371 2789 sunt,
431 2720 769 2797 propterea
821 2732 1015 2777 causa
1072 2712 1195 2777 fuit
1243 2712 1312 2777 in
1359 2710 1729 2800 parentibus
1789 2710 2096 2798 gignendi
2145 2732 2258 2775 ne-

192 2803 493 2869 cessaria.
597 2803 721 2869 hoc
753 2803 973 2891 igitur,
1028 2804 1167 2871 sine
1213 2828 1339 2890 quo
1388 2828 1522 2871 non
1571 2805 1672 2883 fit,
1739 2806 1821 2871 ab
1873 2825 1981 2883 e0,
2036 2826 2077 2868 a
2129 2824 2254 2888 quo
2299 2836 2352 2877 ⁶1

192 2908 365 2962 certe
423 2897 527 2977 fit,
590 2898 927 2985 diligenter
986 2909 1087 2965 est
1116 2899 1593 3010 ‘separandum
1707 2898 1865 2963 illud
1925 2897 2094 2963 enim
2153 2907 2256 2962 est

190 3002 549 3075 tamquam,
641 2992 913 3058 ‘utinam
979 3014 1062 3058 ne
1113 2993 1181 3059 in
1239 3016 1499 3060 nemore
1547 2992 1797 3059 Pelio)
1908 2991 2034 3055 nisi
2083 2990 2254 3055 enim

198 3092 218 3124 ‘
231 3086 612 3153 accidissent
690 3086 999 3173 abiegnae
1071 3088 1155 3153 ad
1231 3097 1466 3152 terram
1541 3087 1784 3163 trabes,
1795 3085 1812 3115 '
1891 3086 2076 3170 Argo
2144 3082 2257 3147 illa

194 3179 365 3244 facta
431 3202 561 3245 non
630 3190 828 3259 esset,
880 3201 1000 3245 nec
1054 3191 1267 3247 tamen
1318 3182 1442 3245 fuit
1491 3179 1559 3245 in
1611 3180 1712 3245 his
1765 3179 2048 3245 trabibus
2114 3177 2254 3243 effi-

194 3271 403 3336 ciendi
454 3273 553 3337 vis
604 3275 994 3341 necessaria:
1032 3286 1100 3340 at
1149 3296 1295 3341 cum
1348 3274 1418 3339 in
1469 3274 1691 3339 Aiacis
1734 3272 1978 3338 navim
2002 3268 2253 3356 ‘crispi-

194 3364 503 3430 sulcans
483 3386 745 3451 igneum
776 3366 1048 3432 fulmen’
1092 3367 1397 3434 iniectum
1431 3378 1559 3445 est,
1610 3367 2040 3432 inflammatur
2066 3363 2250 3428 navis

194 3457 575 3525 necessario.
628 3469 818 3543 atque
854 3460 1047 3525 etiam
1081 3471 1184 3526 est
1216 3482 1554 3526 causarum
1589 3459 2058 3537 dissimilitudo,
2083 3456 2254 3542 quod
2297 3486 2352 3525 62

198 3551 354 3617 aliae
372 3573 475 3617 eae
507 3562 673 3632 sunt,
692 3562 765 3619 ut
792 3552 928 3619 sine
946 3553 1077 3618 ulla
1096 3555 1482 3642 appetitione
1511 3554 1722 3633 animi,
1745 3554 1882 3619 sine
1907 3552 2252 3629 voluntate,

192 3646 332 3710 sine
368 3644 665 3731 opinione
702 3668 889 3712 suum
934 3649 1118 3731 quasi
1152 3671 1316 3735 opus
1351 3648 1658 3726 efficiant,
1704 3648 1905 3727 velut,
1955 3658 2030 3712 ut
2062 3667 2250 3713 omne

194 3739 490 3818 intereat,
528 3740 702 3823 quod
735 3751 944 3805 ortum
981 3752 1107 3821 est3
1164 3743 1324 3808 aliae
1361 3743 1573 3808 autem
1609 3753 1720 3808 aut
1752 3741 2076 3808 voluntate
2113 3739 2256 3805 effi&

198 3833 369 3897 ciunt
420 3844 529 3898 aut
568 3835 1041 3921 perturbatione
1085 3836 1279 3902 animi
1322 3847 1436 3902 aut
1485 3836 1707 3905 habitu
1740 3846 1850 3902 aut
1881 3847 2109 3902 natura
2144 3844 2254 3897 aut

199 3947 376 3991 casu:
422 3929 779 4007 voluntate,
816 3940 888 3996 ut
923 3942 1019 4009 tu,
1066 3952 1210 3996 cum
1245 3932 1418 3997 hunc
1451 3931 1736 3996 libellum
1769 3931 1962 4017 legis;
2006 3938 2254 4017 pertur-

197 4020 465 4100 batione,
502 4034 574 4087 ut
609 4024 665 4089 si
698 4023 841 4109 quis
871 4031 1167 4092 eventum
1204 4026 1431 4092 horum
1466 4037 1822 4113 temporum
1858 4024 2102 4100 timeat3
2140 4021 2258 4086 ha-

1795 4132 1860 4179 25
1874 4128 1899 4155 ⁸
