2784 4575
903 221 1222 316 ORATOR
1255 213 1498 316 ἐ4-39,
2102 246 2233 316 285

163 409 403 474 genera
452 385 638 473 plura
682 383 846 450 sint?
873 383 1020 451 ,hac
1071 406 1194 470 ego
1245 382 1550 470 religione
1602 405 1731 449 non
1786 407 1931 450 sum
1975 385 2059 450 ab
2108 385 2233 452 hoc

167 491 402 546 conatu
433 479 728 566 repulsus
764 477 1250 562 existimavique
1283 477 1352 542 in
1386 476 1679 542 omnibus
1708 480 1901 544 rebus
1938 501 2085 552 esse
2120 480 2235 544 ali-

168 575 321 659 quid
364 574 702 662 optimum,
739 570 990 639 etiamsi
1043 572 1296 650 lateret,
1346 571 1541 656 idque
1594 573 1676 636 ab
1729 595 1807 638 eo
1848 594 2073 660 posse,
2127 574 2237 658 qui

166 669 306 736 eius
340 665 433 733 rei
469 691 708 755 gnarus
753 676 953 745 esset,
1008 665 1291 732 iudicari.
1383 665 1500 732 sed
1534 665 1833 751 quoniam
1864 668 2052 754 plura
2086 680 2236 734 sunt
2278 697 2330 737 31

167 762 524 828 orationum
560 783 798 848 genera
842 781 1045 846 eaque
1089 761 1346 826 diversa
1389 781 1598 844 neque
1632 761 1701 825 in
1734 784 1929 826 unam
1964 762 2237 828 formam

169 855 406 920 cadunt
443 854 656 921 omnia
662 879 682 934 3
736 854 1171 930 laudationum
1222 851 1693 942 [scriptionum]
1734 865 1797 920 et
1832 855 2237 922 historiarum

167 960 235 1015 et
286 949 508 1014 talium
563 949 958 1026 suasionum,
1015 947 1270 1033 qualem
1323 949 1642 1013 Isocrates
1696 949 1847 1014 fecit
1898 951 2246 1037 panegyri-.

169 1066 316 1108 cum
375 1043 694 1127 multique·
751 1042 887 1120 alii,
950 1043 1061 1126 qui
1115 1053 1264 1107 sunt
1314 1042 1625 1108 nominati
1676 1042 2031 1130 sophistae,
2092 1044 2241 1108 reli-
2354 1083 2356 1087 .

170 1158 564 1221 quarumque
599 1159 814 1201 rerum
846 1135 1138 1214 formam,
1177 1156 1340 1219 quae
1377 1138 1613 1202 absunt
1640 1159 1679 1200 a
1704 1137 1944 1202 forensi
1979 1149 2243 1203 conten-

170 1231 346 1297 tione
391 1231 655 1314 eiusque
703 1229 896 1297 totius
951 1229 1234 1316 generis,
1291 1231 1464 1314 quod
1508 1229 1756 1296 Graece
1802 1228 2239 1298 ἐπιδεικτικὸν

169 1326 551 1404 nominatur,
581 1326 754 1410 quod
777 1325 962 1409 quasi
989 1326 1072 1390 ad
1087 1325 1553 1412 inspiciendum
1580 1326 2015 1392 delectationis
2043 1349 2241 1392 causa

173 1433 611 1508 comparatum
647 1431 774 1499 est,
827 1443 959 1486 non
993 1421 1379 1506 complectar
1415 1420 1539 1485 hoc
1582 1431 1894 1508 tempore,
1946 1444 2076 1486 non
2110 1443 2237 1505 quo

171 1515 576 1602 neglegenda
612 1515 721 1594 sit3
775 1526 875 1580 est
908 1514 1079 1580 enim
1122 1513 1232 1578 illa
1276 1514 1461 1598 quasi
1511 1514 1724 1580 nutrix
1768 1515 1904 1580 eius
1950 1515 2235 1593 oratoris,

173 1631 364 1692 quem
397 1609 742 1674 informare
793 1609 1086 1674 volumus
1123 1619 1189 1672 et
1224 1609 1304 1673 de
1339 1630 1468 1692 quo
1519 1608 1813 1673 molimur
1858 1608 2094 1692 aliquid
2130 1631 2240 1673 ex-

172 1701 466 1785 quisitius
524 1701 763 1768 dicere:
819 1703 901 1768 ab
935 1703 1058 1767 hac
1092 1713 1158 1766 et
1190 1703 1531 1768 verborum
1576 1703 1761 1789 copia
1804 1702 1990 1767 alitur
2034 1713 2100 1766 et
2133 1725 2240 1768 eo·
2274 1718 2346 1772 12

170 1818 316 1860 rum
360 1797 748 1862 constructio
787 1807 852 1861 et
883 1817 1190 1860 numerus
1233 1796 1532 1862 liberiore
1586 1796 1860 1880 quadam
1904 1795 2133 1860 fruitur
2164 1795 2241 1860 11-

173 1889 411 1968 centia;
473 1890 660 1955 datur
712 1890 907 1956 etiam
959 1889 1149 1954 venia
1202 1889 1612 1955 concinnitati
1672 1889 2125 1955 sententiarum
2178 1899 2242 1954 et
2282 1919 2341 1959 as

174 1983 383 2069 arguti
427 1983 706 2068 certique
753 1995 819 2049 et
863 1982 1320 2070 circumscripti
1371 1985 1712 2049 verborum
1766 1983 2037 2048 ambitus
2090 2005 2243 2048 con-

173 2078 513 2156 ceduntur,
572 2078 651 2142 de
685 2077 1126 2161 industriaque
1161 2090 1216 2142 et
1259 2100 1389 2166 non
1426 2100 1507 2143 ex
1540 2076 1817 2154 insidiis,
1874 2077 1988 2141 sed
2024 2088 2241 2163 aperte

175 2193 250 2236 ac
291 2171 504 2257 palam
548 2172 934 2249 elaboratur,
987 2182 1061 2235 ut
1102 2173 1302 2236 verba
1344 2171 1557 2236 verbis
1603 2171 1787 2254 quasi
1829 2171 2133 2236 demensa
2176 2182 2241 2234 et

171 2265 352 2353 paria
383 2266 840 2351 respondeant,
876 2277 950 2329 ut
984 2265 1206 2331 crebro
1243 2264 1650 2330 conferantur
1684 2264 2037 2353 pugnantia
2069 2286 2244 2331 com-

171 2368 599 2445 parenturque
635 2359 979 2437 contraria,
1035 2370 1100 2424 et
1134 2370 1206 2423 ut
1237 2359 1477 2444 pariter
1511 2370 1795 2426 extrema
1828 2359 2244 2425 terminentur

175 2452 574 2535 eundemque
608 2452 888 2517 referant
921 2452 990 2516 in
1027 2453 1314 2517 cadendo
1359 2474 1619 2528 sonum,
1676 2474 1839 2536 quae
1873 2453 1941 2516 in
1975 2453 2247 2517 veritate-

175 2568 512 2611 causarum
548 2556 614 2610 et
644 2547 849 2613 rarius
891 2548 1094 2613 multo
1141 2546 1411 2611 facimus
1448 2557 1513 2611 et
1547 2558 1717 2612 certe
1762 2547 2089 2628 occultius.
2174 2548 2243 2613 in

172 2639 649 2707 Panathenaico
705 2650 918 2704 autem
969 2640 1290 2706 Isocrates
1345 2662 1424 2705 ea
1477 2640 1759 2705 studiose
1810 2662 1873 2705 se
1916 2650 2243 2705 consectae-

175 2746 312 2799 tum
347 2734 581 2799 fatetur
589 2758 610 2812 3
664 2753 795 2798 non
845 2732 1016 2797 enim
1053 2734 1135 2797 ad
1167 2732 1549 2799 iudiciorum·
1592 2744 1937 2811 certamen,
1994 2734 2108 2799 sed
2162 2734 2243 2797 ad

175 2826 569 2913 voluptatem
621 2827 870 2892 aurium
923 2827 1282 2913 scripserat.
1388 2827 1549 2893 haec
1600 2838 1905 2893 tractasse
1959 2826 2244 2911 Thrasy·
2286 2854 2347 2895 se

171 2921 473 2987 maehum
537 2920 1044 2987 Calchedonium
1109 2922 1386 3007 primum
1448 2932 1515 2986 et
1570 2920 1963 2986 Leontinum
2031 2922 2245 2986 ferunt

177 3015 520 3103 Gorgiam,
575 3015 988 3081 Theodorum
1032 3017 1181 3081 inde
1213 3015 1603 3101 Byzantium
1654 3015 2017 3100 multosque
2064 3016 2243 3093 alios,

177 3133 338 3195 quos
386 3110 905 3197 λογοὸἴαιδάλους
959 3111 1291 3199 appellat
1272 3134 1341 3175 m
1373 3110 1672 3177 Phaedro
1712 3108 2041 3187 Socrates;
2088 3132 2246 3194 quo-

171 3228 317 3271 rum
355 3206 508 3271 satis
545 3217 772 3293 arguta
805 3206 1025 3285 multa,
1065 3207 1182 3273 sed
1213 3217 1288 3272 ut
1318 3207 1512 3273 modo
1540 3206 1941 3293 primumque
1976 3226 2247 3271 nascen-

176 3299 268 3361 tia
307 3298 552 3363 minuta
595 3310 662 3363 et
702 3302 1161 3366 versiculorum
1215 3299 1447 3367 similia
1500 3301 1813 3383 quaedam
1854 3298 2249 3383 nimiumque

177 3391 456 3478 depicta.
494 3414 621 3475 quo
655 3394 862 3479 magis
901 3406 1050 3460 sunt
1082 3397 1453 3462 Herodotus
1486 3395 2022 3482 Thucydidesque
2054 3393 2250 3457 mira·-

174 3484 370 3563 biles3
426 3508 694 3570 quorum
729 3498 906 3553 aetas
944 3508 1092 3553 cum
1123 3488 1193 3553 111
1227 3511 1449 3555 eorum
1484 3500 1798 3576 tempora,
1844 3510 2006 3573 quos
2041 3486 2247 3553 nomi-

175 3578 356 3657 navi,
410 3579 769 3659 incidisset,
821 3581 1194 3668 longissime
1239 3594 1458 3648 tamen
1499 3583 1623 3669 ipsi
1659 3606 1698 3647 a
1732 3582 1963 3648 talibus
2001 3580 2246 3647 deliciis

176 3674 282 3741 vel
316 3674 530 3761 potius
573 3674 828 3762 ineptiis
882 3676 1199 3741 afuerunt.
1289 3675 1449 3741 alter
1492 3676 1661 3741 enim
1707 3676 1843 3741 sine
1886 3676 2033 3741 ullis
2080 3675 2247 3741 sale-

174 3770 311 3835 bris
347 3770 531 3855 quasi
578 3771 838 3837 sedatus
896 3770 1100 3836 amnis
1145 3770 1312 3849 fluit,
1369 3770 1529 3837 alter
1579 3771 1893 3837 incitatior
1943 3771 2145 3836 fertur
2178 3780 2245 3834 et

176 3864 260 3927 de
311 3864 556 3929 bellicis
609 3866 803 3930 rebus
867 3865 1040 3931 canit
1093 3865 1284 3931 etiam
1337 3866 1615 3950 quodam
1664 3866 1855 3934 modo
1914 3864 2209 3930 bellicum
2216 3886 2243 3941 ς

173 3954 525 4041 primisque
579 3960 662 4025 ab
715 3958 848 4036 his,
909 3970 984 4024 ut
1036 3959 1124 4025 ait
1176 3958 1691 4046 Theophrastus,
1753 3957 2019 4023 historia
2069 3978 2245 4022 com-

172 4059 352 4114 mota
387 4060 503 4129 est,
541 4061 612 4114 ut
647 4053 910 4119 auderet
942 4052 1196 4119 uberius
1236 4074 1426 4137 quam
1465 4053 1819 4141 superiores
1857 4064 1922 4117 et
1955 4050 2241 4117 ornatius

367 4290 401 4321 Q
