2784 4575
777 326 886 383 AD
925 328 984 385 C.
1019 326 1488 387 HERENNIUM
1522 328 1599 383 ΙΙ.
1635 328 1869 385 14-17,
2268 316 2351 383 21

286 476 438 519 eam
474 450 798 517 trahemus
837 450 920 515 ad
952 460 1208 516 nostrae
1252 472 1483 515 causae
1518 452 1949 531 commodum3
2006 453 2235 521 deinde
2271 454 2351 523 de

287 544 626 611 iuridiciali
661 544 954 610 absoluta
987 566 1311 609 sumemus
1347 544 1659 609 rationem
1682 544 1837 611 iuris
1876 557 1943 611 et
1974 564 2351 629 quaeremus

287 650 506 725 partes
541 638 696 705 iuris
734 660 880 703 cum
921 648 1066 703 utra
1089 637 1355 716 faciant,
1339 663 1352 677 ·
1393 638 1472 703 de
1510 660 1635 723 qua
1672 635 1880 725 [parte
1915 639 2099 727 iuris]
2137 654 2351 727 poste-

285 734 424 797 rius
461 732 869 799 disseremus.

415 823 491 892 Si
527 826 928 911 ambiguum
943 848 1087 891 esse
1125 825 1433 912 scripmm
1470 827 1827 913 putabitur,
1882 830 2105 913 quod
2086 854 2155 894 m
2188 830 2347 895 duas
2386 826 2451 882 11

286 932 402 987 aut
435 921 634 1007 pluris
673 919 1018 987 sententias
1055 918 1221 987 trahi
1262 920 1496 1006 possit,
1552 920 1673 986 hoc
1714 923 1906 990 modo
1949 899 2419 989 tractandum1

283 1027 420 1080 est.
473 1014 748 1102 primum
801 1014 964 1081 sitne
1011 1014 1407 1101 ambiguum,
1464 1017 1895 1099 quaerendum
1939 1028 2065 1095 est,
2120 1018 2348 1085 deinde

287 1132 422 1194 quo
463 1110 650 1175 modo
697 1108 1002 1195 scriptum
1045 1120 1244 1186 esset,
1301 1108 1357 1174 si
1398 1108 1493 1187 id,
1552 1110 1723 1193 quod
1768 1112 2114 1179 adversarii
2154 1111 2348 1179 inter·-

283 1214 634 1291 pretentur,
664 1202 931 1289 scriptor
958 1202 1096 1267 fieri
1123 1202 1451 1281 voluisset,
1470 1204 1937 1271 ostendendum
1962 1216 2089 1285 est3
2120 1206 2347 1273 deinde

285 1298 384 1375 id,
440 1297 613 1381 quod
662 1320 780 1361 nos
833 1296 1346 1383 interpretemur,
1402 1308 1467 1363 et
1516 1298 1654 1363 fieri
1704 1322 1899 1385 posse
1952 1311 2017 1366 et
2058 1300 2345 1378 honeste,

284 1401 480 1469 recte,
514 1390 680 1477 lege,
715 1412 910 1468 more,
947 1400 1192 1468 natura,
1229 1391 1399 1457 bono
1426 1401 1489 1456 et
1517 1413 1719 1475 aequo
1745 1393 1883 1459 fieri
1915 1416 2107 1480 posse
2118 1419 2137 1472 ;
2174 1395 2346 1479 quod

285 1484 638 1551 adversarii
663 1484 1172 1570 interpretentur,
1209 1506 1245 1549 e
1274 1485 1585 1551 contrario
1597 1510 1615 1563 3
1652 1507 1773 1551 nec
1806 1509 1949 1553 esse
1978 1488 2347 1576 ambiguum

285 1579 614 1665 seriptum,
653 1599 798 1643 cum
831 1577 1253 1665 intellegatur,
1289 1588 1435 1643 utra
1468 1580 1783 1644 sententia
1816 1603 1968 1647 vera
2004 1583 2103 1647 sit.
2176 1594 2344 1659 sunt,

281 1673 396 1758 qui
431 1673 842 1751 arbitrentur,
888 1672 972 1739 ad
1006 1672 1173 1737 hanc
1215 1694 1476 1739 causam
1510 1674 1905 1743 tractandam
1939 1675 2346 1743 vehementer

283 1767 600 1853 pertinere
637 1765 1063 1852 cognitionem
1107 1766 1635 1853 amphiboliamm
1670 1788 1839 1844 eam,
1886 1789 2047 1850 quae
2094 1770 2176 1834 ab
2212 1769 2346 1833 dia-

281 1860 522 1927 lecticis
557 1860 942 1947 proferatur-3
989 1884 1108 1927 nos
1145 1883 1296 1927 vero
1333 1862 1737 1937 arbitramur,
1780 1883 1911 1927 non
1945 1862 2135 1928 modo
2170 1862 2343 1929 nullo

283 1958 650 2023 adiumento
685 1980 859 2034 esse,
906 1957 1022 2023 sed
1054 1957 1266 2043 potius
1302 1956 1579 2023 maximo
1613 1956 2093 2042 impedimento:
2139 1958 2343 2025 omnis

281 2051 456 2117 enim
487 2050 581 2117 illi
617 2050 1036 2139 amphiboliae
1075 2062 1499 2137 aucupantur,
1550 2073 1661 2117 eas
1696 2050 1889 2117 etiam
1895 2099 1915 2130 ,
1962 2073 2229 2135 quarum
2264 2074 2345 2117 ex

281 2146 486 2211 altera
517 2156 698 2231 parte
743 2145 1120 2213 sententiam
1165 2146 1405 2211 nullam
1451 2155 1727 2235 possunt
1755 2146 2179 2233 interpreter-h
2226 2147 2345 2211 ita-

281 2262 411 2324 que
455 2250 521 2307 et
565 2240 751 2306 alieni
797 2239 1106 2308 sermonis
1159 2240 1413 2306 molesti
1465 2238 1965 2328 interpellatores
2021 2252 2087 2307 et
2128 2241 2345 2329 scripti

285 2357 438 2400 cum
481 2334 682 2400 odiosi
716 2345 852 2402 tum
895 2335 1149 2401 obscuri
1192 2336 1567 2422 interpretes
1614 2346 1789 2414 sunt,
1847 2347 1912 2401 et
1946 2336 2099 2402 dum
2150 2349 2345 2412 ,caute

283 2440 355 2493 et
407 2429 698 2515 expedite
748 2429 926 2514 loqui
985 2429 1236 2508 volunt,
1297 2430 1709 2497 infantissimi
1766 2429 2192 2516 reperiuntur:
2256 2433 2345 2496 ita

285 2523 442 2590 dum
499 2533 790 2588 metuunt
839 2523 908 2588 in
959 2523 1257 2602 dicendo,
1319 2547 1402 2588 ne
1466 2523 1619 2607 quid
1682 2523 2052 2610 ambiguum
2110 2523 2341 2601 dicant,

283 2639 518 2684 nomen
573 2639 758 2682 suum
807 2619 1218 2704 pronuntiare
1269 2641 1401 2684 non
1449 2629 1737 2704 possunt.
1845 2639 2066 2682 verum
2120 2616 2345 2682 horum

282 2709 542 2796 puerilis
589 2711 917 2796 opiniones
960 2711 1331 2777 rectissimis
1375 2711 1757 2788 rationibus,
1802 2731 1947 2776 cum
1993 2710 2200 2787 voles,
2245 2731 2345 2776 re-

283 2805 608 2884 fellemus3
661 2805 727 2870 in
761 2805 1264 2892 praesentiarum
1297 2805 1421 2870 hoc
1464 2805 1853 2870 intercedere
1895 2826 2026 2870 non
2070 2805 2345 2874 alienum

283 2898 433 2976 fuit,
494 2910 567 2963 ut
619 2898 807 2966 huius
861 2899 1166 3028 infantiae
1223 2899 1543 2985 garrulam
1604 2896 2005 2984 disciplinam
2064 2909 2345 2970 contem-

285 3015 603 3060 neremus.

405 3083 576 3154 Cum
621 3087 982 3154 definitione
1024 3099 1302 3166 utemur,
1358 3087 1634 3173 primum
1687 3085 2049 3152 adferemus
2085 3086 2346 3153 brevem
2381 3081 2449 3194 ῙΞ

285 3181 579 3246 vocabuli
627 3181 1054 3248 definitionem
1103 3182 1226 3248 hoc
1268 3183 1490 3248 modo.
1548 3179 1974 3246 ‘maiestatem
2008 3181 2065 3248 is
2100 3180 2345 3259 minuit,

283 3273 396 3358 qui
431 3297 510 3339 ea
543 3275 723 3353 tollit,
761 3299 843 3341 ex
876 3277 1107 3360 quibus
1143 3276 1334 3342 rebus
1371 3275 1643 3341 civitatis
1682 3275 2031 3362 amplitudo
2067 3285 2345 3342 constat.

285 3390 450 3452 quae
487 3382 636 3434 sunt
669 3393 766 3448 ea,
805 3367 888 3452 Q.
929 3368 1212 3457 Caepio?
1249 3369 1575 3457 susti-agia,
1610 3369 2044 3456 magistratus.
2116 3391 2347 3455 nempe

283 3461 479 3548 igitur
521 3474 593 3528 tu
635 3474 702 3528 et
750 3463 1060 3551 populum
1113 3465 1421 3551 suffragio
1474 3474 1539 3530 et
1585 3464 2031 3552 magistratum
2082 3462 2345 3529 consilio

285 3555 578 3640 privasti,
641 3578 789 3622 cum
840 3557 1052 3642 pontis
1114 3557 1504 3624 disturbasti.
1518 3558 1534 3586 ’
1646 3559 1801 3626 item
1860 3580 1942 3624 ex
2004 3555 2345 3622 contrario:

285 3649 716 3716 ‘maiestatem
748 3650 805 3716 is
841 3651 1093 3730 minuit,
1147 3652 1258 3735 qui
1311 3651 1793 3739 amplitudinem
1838 3649 2109 3717 civitatis
2156 3649 2347 3714 detri-

283 3755 501 3810 mento
538 3744 780 3810 adficit.
836 3767 958 3832 ego
993 3769 1123 3812 non
1165 3746 1401 3824 adfeci,
1456 3745 1571 3812 sed
1602 3745 1900 3833 prohibui
1943 3743 2343 3853 detrimentO.

283 3931 581 4002 iestatem
609 3955 864 4000 omnem
888 3934 1144 4002 interire
1170 3957 1298 4002 ιιοιι
1322 3959 1554 4024 passus
1594 3934 1776 4001 sum?
1846 3932 2120 4019 primum
2152 3932 2346 4020 igitur

285 4025 583 4092 vocabuli
637 4029 950 4095 sententia
989 4029 1268 4096 breviter
1321 4040 1386 4096 et
1430 4029 1512 4094 ad
1562 4028 1896 4094 utilitatem
1950 4048 2180 4093 causae
2234 4027 2346 4092 ad·-

286 4121 686 4191 commodate
715 4122 1134 4202 describetur3
1165 4123 1393 4190 deinde
1422 4125 1663 4189 factum
1688 4131 1975 4188 nostrum
2004 4143 2149 4188 cum
2168 4120 2346 4186 verbi
