2784 4575
783 255 888 312 nn
925 221 1290 312 ORAT‘ORE
1323 255 1427 312 111.
1464 233 1767 310 iso-138.
2176 243 2299 312 173

232 383 532 449 ferretur.
623 378 782 444 haee
827 378 951 443 fuit
981 379 1078 444 P..
1100 376 1324 444 Crassi
1355 378 1523 444 illius
1561 378 1811 456 veteris,
1849 378 2007 446 haec
2035 379 2137 444 Ti.
2170 377 2299 447 Co·-
2334 406 2413 449 184

231 473 548 552 runcanii‚
587 473 747 537 haec
779 471 1006 558 proavi
1038 472 1258 558 generi
1292 472 1435 549 mei,
1474 469 1793 557 Scipionis
1826 472 2301 557 prudentissimi

235 567 522 636 hominis
561 564 900 654 sapientia,
957 565 1065 650 qui
1101 589 1320 632 omnes
1354 565 1685 652 pontifices
1729 565 1990 632 maximi
2022 565 2297 645 fuerunt,

235 673 318 726 ut
359 662 444 728 ad
485 683 596 730 eos
642 659 723 724 de
765 659 1060 725 omnibus
1113 659 1344 726 divinis
1398 670 1586 745 atque
1630 659 1923 728 humanis
1965 662 2157 728 rebus
2202 684 2303 727 re-

237 757 514 822 ferretur
523 779 543 834 3
597 753 932 838 eidemque
985 762 1051 818 et
1099 753 1168 818 in
1221 764 1445 820 senatu
1488 764 1552 819 et
1586 755 1757 840 apud
1787 755 2096 842 populum
2138 765 2204 821 et
2234 755 2302 820 in

241 848 457 916 causis
520 847 866 914 amicorum
928 857 994 912 et
1045 846 1218 912 domi
1279 857 1344 913 et
1403 847 1663 913 militiae
1724 848 2058 914 consilium
2116 871 2302 915 suum

239 931 563 1025 fidemque
623 939 1050 1026 praestabant.
1157 939 1309 1024 quid
1370 940 1541 1004 enim
1598 941 1697 1006 M.
1764 939 1997 1008 Catoni
2052 952 2301 1028 praeter
2338 899 2414 1063 ἢ

243 1035 415 1102 hanc
448 1034 892 1121 politissimam
927 1033 1279 1102 doctrinam
1313 1034 1801 1102 transmarinam
1844 1047 2032 1120 atque
2068 1037 2305 1104 adven-

248 1129 468 1197 ticiam
505 1127 739 1194 defuit?
789 1151 964 1205 num,
1001 1127 1152 1211 quia
1183 1127 1284 1192 ius
1321 1127 1506 1194 civile
1542 1127 1876 1207 didicerat,
1900 1151 2137 1196 ,causas
2173 1153 2303 1195 non

242 1221 538 1290 dicebat?
591 1232 700 1286 aut
741 1220 891 1305 quia
931 1229 1184 1308 poterat
1225 1220 1463 1301 dicere,
1516 1221 1671 1288 iuris
1717 1223 2042 1288 scientiam
2082 1223 2303 1310 negle-

243 1315 477 1402 gebat?
511 1326 778 1399 utroque
811 1315 882 1380 in
914 1337 1148 1400 genere
1185 1326 1251 1380 et
1285 1315 1636 1390 elaboravit
1668 1327 1733 1382 et
1764 1316 2095 1402 praestitit.
2148 1339 2303 1382 num

241 1419 506 1498 propter
549 1408 714 1474 hanc
759 1431 840 1474 ex
880 1408 1272 1494 privatorum
1313 1409 1587 1496 negotiis
1634 1410 1982 1476 conlectam
2033 1410 2304 1496 gratiam

246 1501 488 1578 tardior
519 1502 586 1566 in
618 1524 690 1567 re
723 1501 980 1588 publica
1024 1502 1421 1587 capessenda
1454 1502 1577 1567 fuit
1708 1525 1850 1569 emo
1896 1504 2065 1589 apud
2097 1525 2303 1590 popu-

242 1597 380 1662 lum
423 1596 644 1661 fortior
652 1644 672 1674 ,
725 1618 912 1661 nemo
965 1595 1188 1662 melior
1242 1607 1525 1674 senator3
1576 1596 1601 1660 i
1646 1619 1747 1660 em
1789 1597 1973 1662 facile
2026 1597 2299 1682 optimus

244 1690 592 1776 imperator
598 1714 617 1766 3
673 1689 944 1773 denique
979 1689 1137 1754 nihil
1181 1689 1248 1754 in
1283 1689 1407 1754 hac
1442 1689 1695 1756 civitate
1741 1690 2129 1776 temporibus
2174 1690 2299 1756 illis

247 1782 399 1848 sciri
450 1782 688 1848 discive
738 1782 971 1870 potuit,
1035 1783 1207 1866 quod
1256 1783 1363 1848 ille
1416 1805 1545 1849 non
1598 1805 1743 1848 cum
1792 1782 2189 1868 investigarit
2241 1792 2305 1849 et

247 1874 463 1942 scierit
497 1885 632 1940 tum
665 1877 855 1942 etiam
891 1876 1356 1962 conscripserit.
1446 1898 1615 1941 nunc
1650 1886 1869 1944 contra
1900 1877 2183 1962 plerique
2220 1877 2302 1941 ad
2338 1902 2413 1942 1³6
2485 1885 2490 1889 “

246 1968 522 2036 honores
559 1969 1002 2055 adipiscendos
1039 1981 1105 2036 et
1139 1970 1221 2034 ad
1254 1992 1390 2038 rem
1423 1970 1743 2057 publicam
1768 1971 2114 2056 gerendam
2147 1969 2305 2034 nudi
2386 2000 2391 2005 ·

248 2063 513 2130 veniunt
565 2075 754 2146 atque
815 2063 1118 2141 inermes,
1183 2064 1360 2128 nulla
1419 2063 1777 2150 cognitione
1827 2086 2068 2142 rerum,
2128 2062 2303 2128 nulla

247 2156 516 2222 scientia
549 2157 780 2235 ornati·;
837 2157 936 2222 sin
983 2157 1209 2240 aliquis
1257 2157 1510 2224 exceHit
1550 2180 1715 2224 unus
1752 2179 1789 2222 e
1822 2157 2065 2236 multis,
2121 2157 2307 2223 effert

249 2271 352 2327 se,
407 2249 464 2313 si
513 2270 712 2313 unum
762 2249 1000 2334 aliquid
1051 2250 1284 2329 adfert,
1340 2260 1451 2316 aut
1500 2251 1810 2327 bellicam*
1845 2251 2143 2317 virtutem
2195 2260 2305 2316 aut

247 2364 442 2410 usum
476 2342 750 2426 aliquem
781 2344 1114 2409 militarem
1122 2368 1141 2422 3
1179 2367 1340 2428 quae
1375 2366 1531 2409 sane
1566 2367 1735 2409 nunc
1763 2345 2020 2429 quidem
2054 2344 2305 2411 obsole-

249 2448 507 2515 verunt3
545 2447 656 2501 aut
686 2436 838 2502 iuris
867 2438 1215 2515 scientiam,
1251 2461 1332 2503 ne
1363 2438 1499 2503 eius
1528 2437 1785 2521 quidem
1809 2438 2089 2503 universi
2098 2463 2117 2515 ;
2152 2459 2305 2501 nam

245 2530 670 2617 pontificium,
725 2532 896 2614 quod
929 2542 1028 2597 est
1062 2529 1493 2608 coniunctum,
1540 2551 1727 2595 nemo
1762 2530 1977 2609 discit3
2032 2540 2143 2595 aut
2174 2529 2305 2595 el‘o-

244 2624 601 2709 quentiam,
659 2645 850 2709 quam
883 2624 950 2689 in
985 2624 1260 2690 clamore
1305 2634 1369 2688 et
1400 2623 1469 2687 in
1504 2623 1841 2688 verborum
1892 2645 2083 2687 cursu
2134 2622 2307 2708 posi-

247 2731 386 2782 tam
417 2727 670 2803 putant3
727 2716 1007 2781 omnium
1041 2740 1192 2783 vero
1227 2717 1538 2782 bonarum
1575 2716 1828 2794 artium,
1876 2715 2146 2799 denique
2178 2714 2307 2780 vir-

249 2820 460 2875 tutum
508 2810 794 2897 ipsarum
848 2811 1216 2876 societatem
1270 2811 1834 2897 cognationemque
1880 2832 2011 2875 non
2052 2821 2303 2875 norunt.

247 2904 368 2969 sed
404 2913 475 2969 ut
511 2904 592 2967 ad
628 2903 911 2969 Graecos
945 2905 1221 2971 referam
1255 2904 1632 2983 orationem,
1670 2903 1898 2988 quibus
1936 2923 2149 2968 carere
2184 2903 2306 2970 hoc
2340 2898 2407 2953 34

245 2996 506 3081 quidem
543 2997 852 3064 sermonis
888 3020 1122 3084 genere
1147 3022 1278 3065 non
1306 3022 1647 3087 possumus
1665 3034 1753 3047 —-
1770 3020 1923 3063 nam
1954 3006 2027 3061 ut
2059 2997 2305 3061 virtutis
2342 2972 2417 3012 ¹³⁷

245 3114 288 3157 a
319 3091 580 3169 nostris,
619 3091 712 3157 sic
747 3091 1069 3159 doctrinae
1105 3104 1254 3159 sunt
1288 3095 1370 3159 ab
1402 3093 1529 3159 illis
1566 3092 1858 3179 exempla
1890 3090 2169 3178 petenda
2224 3128 2309 3143 —-

245 3194 494 3271 septem
546 3184 747 3250 fuisse
785 3186 1093 3251 „dicuntur
1143 3209 1272 3254 uno
1325 3197 1636 3273 tempore,
1688 3186 1809 3271 xqui
1874 3184 2190 3271 sapientes
2244 3193 2309 3247 et

245 3277 632 3359 haberentur
693 3289 760 3345 et
817 3290 1220 3346 vocarentur:
1284 3280 1350 3347 hi
1410 3302 1629 3346 omnes
1682 3289 1930 3366 praeter
1980 3276 2309 3343 Milesium

247 3370 504 3435 Thalen
541 3370 899 3439 civitatibus
939 3374 1070 3439 suis
1105 3373 1534 3461 praefuerunt.
1614 3373 1756 3457 quis
1795 3372 2035 3460 doctior
2070 3370 2310 3436 eisdem

247 3462 644 3550 temporibus
697 3466 822 3531 illis
869 3473 1000 3532 aut'
1030 3468 1207 3533 cuius
1261 3465 1622 3551 eloquentia
1671 3466 1897 3531 litteris
1949 3464 2311 3531 instructior

245 3556 452 3623 fuisse
510 3559 776 3626 traditur
828 3582 1022 3646 quam
1061 3560 1422 3627 Pisistrati?
1475 3561 1585 3645 qui
1636 3560 1877 3647 primus
1921 3558 2195 3625 Homeri
2234 3557 2311 3622 li-

245 3652 396 3719 bros
464 3652 766 3722 confusos
829 3667 1017 3722 antea
1077 3655 1172 3721 sic
1234 3656 1627 3742 disposuisse
1690 3654 1942 3731 dicitur,
2010 3663 2085 3718 ut
2124 3662 2310 3718 'nunc

246 3746 591 3814 habemus:
646 3771 777 3815 non
827 3748 950 3815 fuit
1001 3750 1108 3817 ille
1162 3750 1419 3835 quidem
1472 3750 1713 3815 civibus
1768 3748 1897 3813 suis
1940 3747 2141 3825 utilis,
2196 3746 2311 3811 sed

247 3842 340 3905 ita
384 3840 748 3926 eloquentia
794 3843 1028 3921 floruit,
1079 3854 1153 3908 ut
1201 3843 1426 3909 litteris
1480 3842 1887 3927 doctrinaque
1936 3849 2304 3928 praestaret.

249 3933 405 4017 quid
455 3934 782 4003 Pericles?
844 3937 924 4002 de
979 3936 1158 4003 cuius
1213 3937 1467 4003 dicendi
1518 3936 1584 4001 vi
1635 3936 1727 4001 sic
1776 3935 2163 4024 accepimus,
2214 3944 2306 4011 ut,
2343 3958 2421 4001 138

246 4046 398 4093 cum
443 4039 664 4097 contra
699 4032 1084 4098 voluntatem
1120 4030 1613 4098 Atheniensium
1654 4030 2011 4115 loqueretur
2054 4052 2171 4117 pro
2206 4051 2311 4095 sa-
