2784 4575
989 280 1328 325 ADNOTATIO
1369 278 1619 323 carnem
2194 277 2327 325 xx}
2336 278 2397 325 11

189 396 376 451 leviter
391 399 712 447 commutata
733 406 838 445 scr.
866 389 1118 446 breviter
1135 404 1283 443 com·
1320 388 1617 444 relaxarat.
1644 395 1665 461 11
1688 382 1790 461 53,
1832 396 1947 445 177.
1984 400 2176 447 veteres
2202 410 2267 455 ea
2295 410 2403 448 scr.

183 478 416 527 mutata.
429 486 550 523 cum
566 476 704 523 sunt.
719 466 1080 523 Abr.Gu.Erl.
1095 462 1287 519 multis
1321 471 1560 521 veteres.
1588 466 1608 537 11
1635 470 1749 521 178.
1782 468 1985 538 poetica
2002 477 2049 521 ec
2067 467 2197 523 incl.
2227 468 2401 525 Jahn.

191 548 401 605 modis.
437 548 546 601 itur
563 557 612 599 et
629 546 829 598 reditur
859 561 964 599 scr.
992 543 1226 598 reditur.
1250 546 1270 613 11
1333 536 1489 614 1154,
1537 546 1654 599 181.
1708 546 1862 615 quasi
1892 546 2118 615 quadam
2152 546 2330 613 forma
2356 554 2405 599 el

191 621 305 698 40,
319 628 434 679 137.
449 622 754 677 sententiam
772 619 906 681 incl.
919 618 1095 675 Bake.
1121 622 1142 690 11
1171 626 1284 675 198.
1324 622 1517 674 lamine
1536 635 1643 673 scr.
1657 618 1758 691 (‘in
1778 620 1942 691 quasi
1960 620 2199 693 quadam
2218 620 2403 677 forma

197 713 258 756 ul
303 719 340 756 a
375 700 644 771 proposito
691 700 908 753 declinet
959 698 1286 767 aliquantum
1325 702 1384 750 et
1408 696 1619 751 lumine
1632 696 1646 721 ’
1681 696 1879 768 Bake.)
1916 697 2082 768 quasi
2120 699 2403 767 quaedam

195 776 338 833 incl.
348 776 525 841 Bake.
551 776 570 845 11
599 781 716 829 141.
734 776 1033 845 ferantscr.
1053 772 1283 829 ferrent.
1323 772 1508 827 forma
1533 778 1595 827 et
1620 774 1828 829 lumen.
1854 770 2000 846 1155,
2032 779 2147 829 183.
2184 776 2404 827 videtur.

199 856 394 909 harum
415 868 606 907 rerum.
645 850 896 921 Sauppe.
933 866 1135 905 rerum.
1173 852 1285 903 ‘re-
1325 849 1697 921 Wesenberg.
1711 850 2025 922 videamini!
2052 856 2167 907 184.
2182 860 2408 905 senecta.

199 929 541 1001 prehendat’
576 928 736 983 malit
759 927 938 984 Bake.
973 929 994 997 11
1030 932 1146 981 144.
1191 944 1288 979 cur
1330 926 1675 982 Lachmann.
1712 932 2021 983 senectute.
2064 930 2084 997 11
2126 922 2238 999 56,
2288 934 2405 983 187.

201 1007 336 1062 incl.
367 1006 545 1060 Bake.
569 1007 590 1073 11
627 1010 741 1059 145.
785 1022 850 1059 ac
873 1006 972 1058 ius.
1006 1003 1179 1059 Jahn.
1227 1008 1290 1057 at
1322 1006 1546 1058 dilatata
1574 1014 1624 1059 et
1666 1006 1807 1072 fusa.
1858 1003 1931 1071 A,
1954 1005 2062 1060 Gn.
2080 1004 2197 1059 Erl.
2234 1003 2410 1061 Jahn.

200 1084 314 1139 ins.
335 1084 375 1156 (‘
386 1088 448 1138 et
461 1081 592 1136 ins’.
621 1080 816 1153 Bake.)
847 1080 1098 1149 asumma
1115 1082 1285 1135 domo.
1326 1082 1601 1137 collatata
1626 1087 1687 1137 et
1710 1080 1933 1137 diffusa.
1958 1083 1977 1151 11
2002 1078 2104 1154 57,
2136 1087 2250 1137 191.
2289 1101 2407 1137 eum

202 1156 601 1215 Abr.Gu.Erl.
621 1156 901 1213 afuissem.
919 1159 1093 1213 maria
1103 1156 1287 1211 eidem
1321 1160 1431 1212 ille.
1458 1157 1703 1213 Ernesti.
1741 1159 1897 1228 quod
1914 1158 2029 1214 ille.
2066 1170 2277 1214 constet.
2304 1159 2407 1213 Er-

203 1235 378 1291 codd.
403 1250 574 1289 mare.
609 1236 732 1304 quid
755 1244 870 1287 erat
896 1253 1014 1306 quo.
1043 1232 1287 1288 Ernesti.
1325 1233 1491 1290 nesti.
1512 1239 1813 1290 constaret.
1823 1234 2405 1307 fieri.Ernesti.fieret.

203 1312 346 1383 quid
365 1317 490 1366 erat
507 1326 621 1365 cur.
648 1306 784 1382 1143,
801 1316 915 1364 147.
935 1311 1290 1381 quindelecter
1337 1312 1356 1382 11
1385 1316 1498 1366 198.
1534 1313 1688 1365 etita.
1719 1310 1965 1383 Sauppe.
1996 1312 2214 1368 sedita.
2240 1314 2260 1381 11
2291 1319 2403 1365 195.

199 1390 338 1445 incl.
365 1391 384 1458 11
414 1395 528 1443 150.
563 1386 792 1455 facilem.
828 1386 1008 1441 Bake.
1043 1385 1281 1455 facilesl!
1326 1406 1523 1442 censeo.
1542 1387 1718 1443 Bake.
1740 1388 1941 1443 sentio,
1968 1391 1987 1460 11
2014 1394 2129 1445 196.
2147 1390 2407 1459 permixta

203 1474 328 1521 151.
355 1467 472 1519 είηι.
501 1464 665 1519 malis
687 1464 886 1517 ι15111119.
923 1481 1058 1533 quae
1073 1465 1290 1533 sicpro-
1325 1473 1372 1519 et
1391 1473 1674 1534 temperata
1690 1467 1917 1519 numeris
1942 1464 2073 1521 incl.
2100 1465 2279 1520 Bake.
2314 1482 2407 1518 nec

197 1545 326 1598 bata
341 1552 431 1609 est,
461 1550 515 1593 ut
535 1558 651 1594 eam
669 1543 960 1611 quotannis,
981 1548 1038 1593 ut
1055 1541 1173 1605 scis,
1191 1541 1288 1593 illo
1326 1542 1583 1595 dissoluta
1614 1559 1710 1596 nec
1753 1550 1863 1595 tola
1902 1560 2181 1597 numerosa
2221 1542 2353 1596 incl.
2378 1543 2398 1613 11

195 1621 284 1673 die
301 1619 518 1674 recitari
530 1635 736 1671 necesse
752 1619 816 1671 sit
833 1616 965 1671 incl.
985 1616 1166 1671 Bake.
1201 1635 1290 1669 vo·
1326 1611 1431 1689 58,
1468 1624 1583 1673 197.
1618 1620 1855 1672 sentiunt.
1882 1618 2059 1675 Bake.
2096 1626 2347 1674 censent.
2374 1620 2395 1689 11

197 1698 416 1750 catium.
437 1693 654 1747 Manut.
676 1710 894 1748 vocum.
919 1696 940 1763 11
964 1689 1068 1764 47,
1091 1698 1206 1747 157.
1235 1696 1290 1746 in
1333 1700 1447 1750 198.
1474 1697 1567 1748 sed
1580 1697 1884 1766 aequaliter.
1912 1695 2091 1750 Bake.
2119 1702 2179 1751 et
2198 1712 2409 1765 aequa-

197 1772 408 1843 templis
433 1772 610 1825 isdem.
657 1779 715 1822 at
741 1771 928 1824 eisdem
955 1779 1070 1825 erat
1095 1772 1288 1838 verius,
1328 1770 1473 1827 liter.
1518 1788 1585 1825 ne
1616 1773 1769 1826 nimis
1804 1774 2075 1827 moderata
2108 1782 2155 1826 el
2182 1780 2407 1841 anqusta

201 1868 302 1903 nec
328 1858 500 1903 tamen
523 1848 783 1917 probavit.
812 1845 1028 1902 Giiller.
1062 1847 1123 1902 in
1151 1852 1287 1902 tem-
1329 1864 1438 1903 scr.
1466 1864 1539 1903 ne
1558 1848 1931 1903 immoderata
1949 1854 2051 1903 ant
2068 1854 2330 1919 angusta.
2360 1858 2409 1901 et

202 1925 320 1995 plis
337 1924 519 1980 isdem
535 1922 820 1993 probavit.
857 1928 919 1977 at
936 1924 1150 1979 eisdem
1170 1930 1290 1979 erat
1324 1925 1499 1996 [ἵκω
1518 1940 1625 1980 scr.
1646 1929 1745 1980 aut
1760 1924 1961 1981 fluens.
1988 1924 2011 1997 11
2031 1921 2134 1996 59,
2160 1930 2273 1980 199.
2302 1944 2411 1978 non

202 2002 421 2069 verius,
466 2016 577 2055 nec
611 2007 803 2054 tamen
837 1998 1058 2055 iisdem.
1111 2003 1288 2057 isdem.
1328 2011 1382 2054 ut
1401 2004 1589 2056 solum.
1624 2000 1812 2070 Bake,
1841 2018 1951 2057 van
1973 2001 2177 2073 Gigch.
2212 2018 2330 2057 non
2349 2002 2411 2055 id

203 2077 447 2133 Ritschl.
459 2078 674 2133 iisdem.
678 2078 1110 2146 posmem'dianas.
1123 2078 1287 2133 Jahn.
1329 2078 1526 2133 solum.
1556 2078 1717 2150 11200.
1740 2081 1922 2135 dicent.
1942 2078 2112 2135 Jahn.
2132 2078 2407 2133 dicerent.

203 2155 444 2227 (exVel.
464 2154 648 2225 Long.
665 2171 722 2223 p.
737 2154 878 2224 225.)
899 2156 1288 2225 postmeridia-
1339 2155 1358 2226 11
1391 2162 1510 2210 201.
1574 2157 1797 2225 facimus
1831 2188 1900 2199 —
1932 2157 2176 2227 fuyimuS.
2232 2154 2409 2209 Bake.

205 2249 332 2287 nas.
349 2233 618 2285 insuavius
634 2232 962 2286 ammeta.
981 2231 1288 2289 insuavius.
1328 2231 1603 2287 faciamus
1647 2262 1716 2273 —
1760 2230 2109 2304 effugiamus.
2182 2251 2283 2287 sua
2316 2242 2407 2286 est.

211 2310 361 2365 Una.
388 2311 408 2377 11
437 2312 549 2362 158.
586 2310 750 2378 estas.
777 2309 1024 2366 Freund.
1061 2317 1150 2366 est
1168 2313 1289 2367 abs.
1327 2309 1505 2364 Bake.
1544 2316 1650 2364 est.
1678 2305 1833 2382 1160,
1878 2317 1995 2365 202.
2045 2329 2210 2381 neque
2243 2311 2413 2364 nullo·

203 2385 422 2456 aufuyit
437 2393 484 2438 et
505 2387 672 2454 aufer.
697 2385 865 2442 Jahn.
903 2391 1083 2442 aufer.
1113 2391 1290 2458 prima
1327 2387 1657 2442 Mommsen.
1702 2403 1889 2458 neque
1924 2388 2062 2442 ullo.
2089 2384 2245 2458 1161,
2291 2391 2409 2441 205.

205 2464 386 2516 littera
395 2462 843 2531 praepositionem.
872 2462 936 2518 C.
959 2463 1288 2520 Schneider.
1327 2473 1419 2516 aut
1436 2465 1527 2516 his.
1560 2463 1934 2534 Wesenberg.
1964 2470 2064 2517 aut
2080 2462 2221 2516 istis.
2246 2465 2267 2532 11
2294 2469 2411 2516 207.

207 2538 446 2610 primam
476 2539 723 2594 litteram
750 2541 1113 2610 praepositio.
1143 2545 1162 2611 11
1187 2538 1290 2613 48,
1327 2541 1399 2592 ad
1423 2542 1649 2610 sinyula.
1684 2540 1863 2596 Bake.
1915 2540 1989 2594 ad
2018 2538 2275 2608 singulas
2302 2554 2411 2592 res.

216 2621 332 2670 160.
368 2633 572 2686 semper
590 2615 724 2668 incl.
751 2615 882 2686 (om.
908 2616 1017 2673 Gru.
1037 2616 1288 2690 Schiitz.)
1338 2611 1489 2686 1162,
1527 2623 1645 2673 211.
1698 2634 1805 2686 qua
1836 2619 1952 2686 ipsa
1984 2616 2269 2669 includitur
2305 2631 2415 2669 scr.

209 2693 454 2761 Bruqum
485 2721 544 2732 —
575 2692 844 2762 Bruqihus
871 2710 978 2748 scr.
1015 2713 1133 2749 eum
1158 2695 1290 2750 incl.
1331 2711 1501 2765 quam
1550 2693 1735 2762 ipsam
1777 2692 2034 2748 includit.
2072 2691 2094 2762 11
2126 2686 2235 2759 63,
2292 2697 2409 2745 212.

208 2768 501 2839 Phrygum
536 2775 596 2824 et
633 2785 760 2824 cum
782 2769 1136 2843 ‚Phrygibua
1201 2782 1293 2827 aut
1329 2771 1717 2842 explanandum
1774 2778 1851 2822 est
1911 2770 2069 2837 enim,
2148 2769 2289 2838 quod
2347 2769 2414 2820 ab

205 2863 328 2900 eam
359 2847 418 2898 in
451 2861 560 2900 scr.
611 2853 715 2900 aut
747 2852 982 2902 tantum.
1031 2848 1294 2904 Graecam
1329 2849 1451 2904 aliis
1484 2849 1645 2915 eidem
1671 2847 1831 2914 pedes
1866 2847 1985 2900 aliis
2020 2845 2417 2906 vocabuli-nno-

209 2924 442 2976 litteram
473 2919 606 2977 incl.
641 2924 662 2991 11
692 2918 806 2994 49,
864 2930 980 2980 162.
1035 2929 1293 2981 voluntas.
1330 2927 1597 2980 minantur
1624 2923 1755 2976 incl.
1782 2920 1958 2977 Bake.
1984 2925 2005 2992 11
2031 2915 2133 2992 64,
2172 2926 2289 2974 215.
2326 2938 2415 2974 ca·

209 2998 394 3052 Bake.
429 2999 711 3068 voluptas.
743 3004 1082 3070 permulcent.
1112 3002 1290 3058 Bake.
1331 3005 1475 3056 dunt.
1526 2999 1703 3055 Bake.
1756 2998 1981 3054 cadant.
2024 3001 2045 3068 11
2088 3003 2203 3054 219.
2259 2999 2414 3068 quod.

175 3097 184 3108 κ
211 3074 618 3144 permulceant.
641 3077 796 3147 11163.
809 3077 1026 3132 Tmolum
1043 3080 1296 3150 aurifons
1331 3079 1509 3135 Bake.
1540 3076 1692 3148 quid.
1728 3077 1817 3147 fiet
1838 3091 1945 3130 ser.
1972 3074 2091 3130 fiat.
2116 3077 2137 3146 11
2162 3069 2263 3147 66,
2293 3081 2423 3131 221..

210 3152 492 3221 liquorum.
536 3150 890 3210 Lachmann.
935 3156 1187 3212 taurieos
1213 3157 1293 3212 lor-
1333 3152 2413 3224 autforemibueinel.u222.itaque..1ahn.

213 3243 411 3282 corum
437 3228 606 3284 codd.
633 3230 654 3298 11
681 3237 796 3286 164.
832 3233 1096 3288 Helenam
1121 3234 1296 3288 Paris.
1333 3233 1522 3306 idque.
1550 3233 1571 3300 11
1596 3234 1713 3284 229.
1748 3229 2081 3299 Exemplum
2112 3231 2315 3286 deesse
2335 3230 2416 3283 vi·

211 3303 566 3360 Lachmann.
609 3305 774 3362 Paris
802 3307 1101 3364 Helenam.
1151 3311 1296 3364 item·
1336 3307 1607 3364 ditBake.
1633 3301 1781 3379 1167,
1827 3311 1943 3360 226.
2010 3306 2267 3367 Quoniam
2307 3323 2413 3360 scr.

211 3397 332 3450 que.
393 3380 644 3436 Ernesti.
703 3382 985 3456 idemque.
1052 3388 1301 3457 finientur
1335 3391 1396 3440 et
1420 3385 1704 3457 quoniam.
1738 3387 1759 3454 11
1792 3378 1896 3454 68,
1918 3387 2035 3437 228.
2056 3383 2419 3437 orator-Bake.

213 3471 324 3508 scr.
352 3454 645 3513 finiuntur.
671 3461 693 3528 11
717 3454 822 3531 50,
853 3467 970 3518 166.
995 3464 1165 3518 eliam.
1188 3463 1298 3520 Gru.
1336 3462 1539 3517 oratio.
1574 3462 1749 3528 fiteril.
1772 3460 1935 3516 Junt.
1966 3459 2092 3514 fuit.
2117 3461 2138 3528 11
2163 3455 2264 3530 69,
2294 3465 2413 3513 230.

215 3531 395 3588 Orelli
418 3541 466 3588 1.
503 3539 564 3588 et
589 3551 736 3590 eum.
767 3540 788 3607 11
821 3534 933 3610 51,
974 3545 1089 3594 170.
1125 3558 1300 3595 nume·
1334 3539 1525 3592 scribit.
1544 3537 1702 3592 Eine.
1718 3535 1965 3592 Ernesti.
1992 3534 2236 3604 scripsit.
2266 3537 2418 3590 Sica-

213 3607 582 3664 rus.Ernesti.
594 3613 1088 3671 numerusLatine.
1099 3616 1302 3672 Graece
1336 3619 1528 3672 lorum.
1572 3614 1661 3670 fo:
1708 3610 2155 3684 ‘phallicorum’.
2192 3611 2415 3681 (‘versi·

213 3683 436 3754 ῥυθμός
451 3683 586 3740 incl.
613 3687 634 3759 fl
662 3697 776 3744 171.
793 3693 918 3761 ipse.
930 3689 1106 3748 Bake.
1125 3693 1300 3764 ipsos.
1338 3691 1615 3748 culorum’
1641 3689 1824 3757 Jahn,
1853 3686 1975 3757 Kl.)
2000 3688 2021 3756 11
2049 3681 2148 3757 70,
2178 3693 2295 3741 233.
2323 3690 2418 3741 eis-

213 3762 401 3814 summi
414 3760 548 3817 incl.
575 3765 596 3834 11
624 3768 1298 3838 1⁷3.qaid5ipsi.Ernesti.
1336 3771 1453 3824 dem
1493 3768 1659 3822 verbis
1700 3765 1831 3821 incl.
1882 3761 2058 3818 Bake.
2100 3763 2123 3834 11
2165 3759 2260 3833 71,
2298 3769 2417 3820 234.

217 3835 356 3904 quia
373 3837 498 3906 ipsi.
523 3843 542 3910 11
568 3835 672 3912 52,
699 3850 814 3898 174.
835 3855 883 3899 et
901 3847 1026 3900 alia.
1037 3843 1176 3902 Abr.
1191 3845 1300 3902 Gn.
1336 3852 1473 3918 post
1492 3843 1687 3900 ‘modo
1708 3842 1814 3898 sic'
1836 3841 1979 3895 haec
1996 3837 2117 3894 fere
2137 3839 2415 3896 excidisse

220 3912 339 3966 Erl.
348 3919 404 3968 et
419 3914 536 3970 illa.
544 3928 790 3976 uteretur.
802 3919 1169 3977 AbnGruEi-l.
1177 3928 1300 3978 ute-
1339 3922 1621 3978 existimat
1636 3919 1822 3974 Bake:
1852 3921 1944 3972 ‘ut
1961 3915 2187 3985 singula
2204 3917 2413 3973 lumine

217 4005 424 4045 remur.
450 3993 472 4060 11
499 3999 612 4050 176.
640 3999 957 4054 moderatius
972 3999 1093 4052 iam.
1123 3997 1296 4054 Jahn.
1338 3999 1639 4054 verborum
1692 4001 1751 4050 et
1804 3995 2212 4050 sententiarum
2264 4011 2413 4050 com·

217 4067 568 4126 moderatius
610 4074 802 4135 etiam.
876 4075 1149 4130 relaxabat
1192 4091 1300 4130 scr.
1338 4071 1716 4131 mendentur’.
